4300 6117
837 993 1024 1047 IOHANNIS
1046 992 1229 1046 DOMINICI
1661 980 1703 1043 25

368 1219 512 1281 modica
536 1219 750 1280 cecinerunt.
798 1217 865 1278 Illa
888 1217 1033 1295 scripsit
1055 1216 1180 1296 viginti
1212 1218 1248 1278 et
1271 1218 1353 1278 octo
1375 1233 1512 1285 versus,
1552 1233 1704 1293 quorum

367 1328 476 1388 inicia
512 1325 646 1387 habent
684 1326 720 1385 in
758 1336 881 1404 greco:
928 1323 1100 1385 Iesius
1139 1321 1375 1385 Creistos
1422 1325 1572 1402 teney
1616 1340 1703 1402 yos

367 1430 578 1503 sother1,
611 1432 745 1493 idest:
791 1430 933 1493 Yhesus
956 1429 1105 1509 Xpistus
1128 1428 1196 1491 Dei
1218 1429 1313 1491 tilius
1338 1428 1514 1491 Salvator.
1554 1428 1635 1489 Alia
1657 1429 1704 1489 de

368 1559 498 1602 novem
521 1540 666 1611 solibus,
693 1557 715 1598 a
741 1541 883 1600 centum
906 1538 1132 1599 senatoribus
1157 1556 1228 1598 una
1252 1539 1356 1598 nocte
1380 1536 1465 1597 visis
1500 1536 1702 1607 insomnis,

368 1647 627 1727 expositorium
652 1646 808 1724 scripsit,
845 1648 955 1723 atque
977 1646 1015 1705 in
1038 1648 1168 1723 quarto
1192 1644 1268 1706 sole
1290 1642 1456 1722 Xpistum
1489 1643 1535 1704 de
1557 1640 1705 1722 Virgine

367 1755 589 1815 nasciturum
613 1753 768 1813 mirabili
804 1753 884 1813 luce
921 1754 956 1813 et
993 1750 1150 1813 facunda
1173 1752 1327 1813 veritate
1350 1751 1538 1829 depromit.
1578 1748 1703 1810 Altera

366 1860 571 1939 Optaviano
595 1861 631 1920 in
659 1859 812 1939 sydereo
837 1859 970 1921 circulo
992 1859 1184 1937 parvulum
1220 1878 1300 1920 cum
1333 1861 1449 1919 matre
1471 1855 1618 1936 Virgine
1642 1857 1702 1917 de·

366 1970 553 2039 monstrat,
579 1968 675 2029 etin
699 1985 763 2027 ara
788 1967 854 2028 celi
878 1967 926 2027 ad
949 1967 1175 2028 adorandum
1198 1968 1427 2045 conspectum
1450 1966 1588 2026 invitat.

476 2074 664 2154 Augustini
704 2077 738 2135 et
771 2073 938 2135 leronimi
973 2074 1106 2134 bellum
1140 2072 1317 2135 intensum
1353 2072 1503 2144 dimitto,
1550 2090 1701 2151 quorum
1717 2063 1768 2128 17.

365 2182 502 2260 primus
526 2181 603 2243 vult
628 2181 673 2242 de
697 2179 817 2259 Xpisti
841 2181 1030 2242 nativitate
1053 2178 1241 2260 Virgilium
1264 2180 1510 2259 prophetasse,
1548 2178 1610 2240 ubi
1634 2179 1699 2239 ait:

635 2364 647 2389 α
665 2346 731 2399 Iam
751 2346 831 2398 redit
851 2347 883 2397 et
900 2345 1002 2412 Virgo,
1021 2347 1153 2399 redeunt
1172 2345 1315 2398 Saturnia
1333 2353 1443 2412 regna;

634 2434 701 2487 Iam
720 2450 804 2488 nova
823 2435 986 2503 progenies
1004 2436 1105 2487 celum
1125 2435 1295 2487 demittitur
1313 2430 1395 2486 alto²
1411 2453 1433 2486 ».

365 2589 467 2652 Alter
491 2609 577 2651 vero
613 2593 764 2652 nauseat
799 2591 1018 2652 intellectum
1049 2588 1239 2669 prelatum.
1285 2588 1410 2651 Nonne
1443 2588 1633 2651 Ovidium³
1665 2589 1702 2649 in

472 3019 492 3086 ¹)
512 3023 596 3074 Pour
610 3019 705 3085 Ιησοῦς
724 3017 838 3083 Χριστὸς
856 3019 922 3070 θεοῦ
943 3018 997 3077 lain
1016 3018 1115 3085 σωτὴρ.
1142 3021 1186 3074 Cf.
1208 3022 1237 3074 S.
1252 3022 1332 3075 AUG.
1351 3024 1397 3074 De
1415 3022 1499 3075 Civtt.
1512 3024 1578 3085 Del,
1597 3020 1702 3085 XVIII,

363 3121 449 3163 XXIII.

472 3197 630 3263 ¹²)V112011..
667 3201 772 3269 Eclog.
793 3201 841 3264 1v,
868 3201 895 3264 6,
922 3202 948 3254 7.
986 3200 1257 3267 L'interpretation
1280 3202 1321 3253 de
1346 3216 1398 3253 ces
1423 3214 1496 3253 vers
1523 3200 1562 3252 de
1587 3201 1702 3269 Virgile

363 3290 438 3341 e'tait
465 3289 528 3342 tort
555 3289 695 3341 discutee
722 3306 761 3342 au
779 3289 981 3359 idom-Age.
1020 3290 1052 3343 C.
1073 3290 1203 3344 Salutati
1222 3290 1278 3342 iait
1297 3289 1430 3342 allusion
1449 3290 1467 3342 a
1485 3304 1537 3343 ces
1563 3290 1701 3356 disputes

362 3378 440 3430 dans
459 3393 521 3430 une
539 3379 632 3430 lettre
650 3394 690 3431 au
709 3379 884 3432 chancelier
908 3381 948 3432 de
967 3380 1113 3447 Bologne,
1133 3380 1276 3432 Giuliano
1296 3379 1439 3431 Zonarini
1461 3377 1704 3445 (Epistolarlo,1,

362 3468 434 3533 328).
464 3467 505 3518 Μ.
523 3468 642 3528 Novati,
661 3468 744 3521 dans
763 3485 824 3522 nne
844 3471 918 3521 note
938 3470 1162 3532 substantielle‚
1181 3469 1225 3521 dit
1244 3468 1262 3520 a
1281 3484 1316 3521 ce
1334 3484 1465 3535 propos:
1488 3468 1539 3520 «S.
1557 3468 1704 3535 Agostino

362 3558 444 3609 erasi
469 3558 624 3610 schierato
652 3560 701 3611 tra
727 3559 851 3611 costoro
877 3558 970 3623 (ceux
994 3559 1047 3625 qui
1072 3558 1308 3625 interpretaient
1327 3574 1363 3611 ce
1380 3574 1452 3610 vers
1476 3573 1516 3609 en
1535 3557 1645 3610 tavent
1663 3558 1705 3610 du

363 3645 477 3710 Christ)
505 3642 564 3713 [De
583 3647 647 3700 Cir.
665 3648 730 3711 Dei,
746 3648 799 3699 lib.
817 3648 853 3712 X,
879 3664 945 3714 cap.
964 3643 1026 3714 2813
1054 3663 1105 3699 ma
1125 3648 1154 3700 S.
1174 3648 1339 3701 Gerolamo
1359 3649 1525 3700 sosteneva
1549 3648 1704 3699 contrario

363 3736 480 3788 avviso.
505 3737 548 3787 Le
568 3737 714 3789 allusioni
733 3737 764 3789 di
784 3736 890 3789 Dante
909 3739 1085 3790 riaccesero
1102 3737 1151 3788 tra
1170 3737 1180 3789 i
1200 3738 1265 3790 suoi
1284 3736 1517 3790 commentatori
1535 3737 1565 3787 la
1584 3738 1705 3789 contro·

361 3825 468 3877 versia
485 3825 543 3877 che
561 3825 588 3876 si
607 3840 661 3877 era
682 3826 799 3893 agitata
818 3842 874 3893 per
893 3827 975 3878 tutta
995 3826 1067 3878 l’eta
1087 3826 1270 3879 medievale.
1289 3826 1367 3878 Essa
1382 3828 1443 3892 pud
1463 3825 1569 3892 quindi
1581 3826 1707 3879 vedersi

362 3916 487 3980 esposta
512 3915 705 3981 largamente
730 3916 770 3967 da
794 3915 980 3968 Benvenuto
1007 3917 1047 3968 da
1073 3915 1170 3969 Imola
1197 3914 1370 3978 (Commeat.
1390 3915 1411 3977 I,
1430 3915 1465 3967 55
1485 3912 1547 3983 sg.),
1572 3915 1594 3966 il
1613 3916 1704 3982 quale

360 4006 436 4069 pero
456 4004 484 4054 si
503 4005 634 4056 accorda
659 4004 707 4057 col
731 4004 901 4057 Boccaccio
928 4004 1102 4068 (Commeat.
1123 4019 1142 4055 a
1161 4006 1271 4067 Dante,
1299 4005 1355 4056 lez.
1374 4004 1424 4067 XI,
1443 4005 1504 4056 vol.
1523 4005 1544 4067 1,
1563 4004 1627 4069 300)
1652 4005 1703 4057 nel

361 4094 489 4145 credere
508 4093 565 4145 che
583 4092 714 4160 Virgilio
733 4094 890 4146 aliudesse
908 4095 1055 4159 pinttosto
1074 4094 1115 4145 ad
1132 4094 1269 4161 Augusto
1289 4094 1346 4146 che
1368 4108 1386 4145 a
1402 4093 1508 4146 Cristo.
1535 4092 1579 4146 cf.
1603 4094 1702 4145 anche

361 4180 577 4245 commin,
602 4183 724 4250 Virgilto
742 4184 793 4235 nei
809 4200 847 4234 m.
869 4198 934 4245 evo,
952 4183 974 4244 1,
995 4183 1047 4236 130
1067 4190 1125 4249 sg.;
1147 4183 1274 4245 Honns,
1294 4182 1390 4244 Sindi,
1408 4197 1437 4248 p.
1456 4182 1509 4235 397
1528 4191 1585 4250 sg.;
1606 4183 1703 4243 Gaas,

361 4270 461 4327 Roma
486 4271 562 4322 nelle
580 4287 666 4322 mem.
685 4287 701 4322 e
719 4272 796 4323 nelle
821 4275 939 4341 immag.
958 4273 1008 4324 del
1025 4287 1063 4323 m.
1083 4288 1146 4332 evo,
1165 4272 1200 4335 11,
1226 4272 1279 4325 204
1298 4278 1354 4338 sg.;
1382 4272 1504 4323 nonche
1527 4272 1557 4322 le
1583 4272 1703 4325 erudite

361 4359 472 4427 pagine
489 4360 676 4411 den'annn
694 4360 729 4411 in
748 4362 781 4412 P.
807 4362 927 4429 Vergilii
945 4362 1027 4413 Mar.
1050 4360 1162 4428 Opera,
1183 4364 1230 4415 ed.
1250 4362 1399 4423 Lemaire,
1420 4360 1441 4423 I,
1463 4360 1514 4413 119
1533 4368 1616 4429 sgg.»

470 4445 490 4513 εἷ)
511 4448 601 4499 Ainsi
621 4464 680 4515 qne
698 4450 729 4500 le
747 4448 804 4501 tait
829 4464 1011 4516 remarquer
1030 4450 1069 4502 M.
1088 4450 1221 4513 NOVATI,
1240 4452 1430 4517 Epistolario
1442 4453 1475 4502 di
1488 4451 1549 4502 Col.
1565 4449 1704 4513 salutati,

362 4536 383 4600 I,
395 4538 448 4589 lib.
461 4548 480 4601 1,
494 4538 580 4603 epist.
593 4537 657 4600 XII,
670 4553 699 4605 p.
714 4538 758 4601 33,
776 4539 818 4604 (1),
833 4554 906 4592 vers
924 4540 1004 4591 cette
1024 4541 1153 4605 e'poque,
1171 4541 1376 4592 nombrenses
1395 4541 1510 4592 etalent
1521 4540 1568 4591 les
1583 4540 1703 4605 exposi-

361 4626 443 4679 tions
463 4627 668 4694 alligoriques
688 4628 743 4680 des
763 4628 865 4682 lables
884 4627 1022 4691 d'Ovide‚
1048 4644 1088 4680 en
1108 4630 1289 4681 circulation
1314 4630 1414 4696 parmi
1432 4629 1478 4681 les
1497 4630 1622 4681 savants
1649 4626 1703 4691 (cf.

361 4713 529 4777 HAUREAQ
549 4712 640 4767 Me'm.
666 4732 721 4768 sar
747 4732 787 4768 un
813 4719 1046 4769 commentans
1072 4714 1278 4784 Me'tamorplr.
1298 4717 1425 4770 d'Ovide
1450 4717 1528 4769 dans
1554 4718 1648 4769 Mcm.
1666 4720 1704 4771 de

362 4804 504 4857 l'lnstitul
520 4805 592 4857 Nat.
611 4807 649 4857 de
671 4806 801 4869 Franco,
821 4806 912 4868 XXX,
931 4807 967 4858 45
988 4804 1044 4872 sq.)
1073 4804 1149 4859 Tres
1169 4807 1310 4873 repanda
1336 4807 1420 4859 aussi
1439 4806 1458 4858 a
1476 4808 1557 4859 cette
1575 4807 1703 4873 e'poque,

362 4893 391 4945 le
415 4894 508 4946 traite'
536 4894 577 4946 de
607 4894 764 4946 Giovanni
789 4896 822 4947 di
839 4895 976 4961 Vtrgilio,
1002 4896 1054 4962 qui
1083 4896 1160 4948 dans
1179 4897 1210 4947 le
1234 4894 1304 4947 Coei.
1324 4894 1586 4958 Casanaiensilc.
1606 4894 1703 4959 11,31,

363 4995 422 5035 sec.
443 4983 518 5046 XV),
536 4985 584 5035 est
603 4983 740 5036 intituli:
768 4985 905 5036 Fabulae
934 4986 1092 5037 recollecto
1117 4986 1174 5036 sub
1201 4987 1349 5054 magistro
1366 4986 1504 5037 Iohanne
1522 4986 1559 5036 de
1584 4986 1705 5052 Virgilio

362 5086 453 5137 saper
474 5071 576 5124 Ovidii
592 5074 892 5139 Metamorphoseon.
926 5074 994 5127 Une
1020 5076 1110 5127 autre
1129 5074 1217 5141 copie
1235 5076 1299 5126 tres
1319 5074 1443 5142 soigne'e
1460 5073 1503 5126 dn
1520 5073 1602 5124 XIVe
1621 5088 1645 5124 s.
1664 5074 1704 5125 de

363 5161 470 5213 mailre
484 5161 640 5213 Giovanni
653 5162 735 5230 degli
753 5163 876 5229 Ippoliti
895 5163 936 5213 da
950 5163 1108 5226 Mantova,
1129 5164 1219 5230 porte
1232 5164 1262 5216 le
1275 5164 1361 5216 titre:
1387 5162 1539 5231 AllegorIe
1557 5163 1703 5215 librorum

364 5246 462 5301 Ovidii
487 5252 770 5316 metamorphoseos
795 5252 956 5317 compilato
978 5269 1039 5318 per
1064 5255 1245 5320 magistrum
1271 5254 1440 5305 Iohannem
1465 5253 1498 5303 di
1521 5253 1641 5319 Virgilio
1666 5255 1703 5306 de
