4300 6117
980 993 1139 1047 LUCULA
1160 992 1300 1047 NOCTIS

907 1757 1118 1863 [CAPUT
1150 1758 1345 1864 XXV]

579 2116 780 2203 [R]equirit,
805 2125 888 2201 post
909 2121 1071 2195 formam,
1100 2124 1251 2184 materia
1274 2126 1314 2184 nt
1337 2124 1433 2185 circa
1457 2123 1546 2185 illud
1562 2126 1810 2203 argumentum

470 2230 609 2309 aliquid
632 2231 860 2312 disseramus.
883 2226 970 2291 Tria
993 2231 1150 2292 dicenda
1171 2230 1356 2292 videntur:
1384 2266 1424 2275 —
1448 2231 1663 2309 primum,
1689 2230 1810 2310 quod

471 2340 680 2417 perfecta
702 2336 783 2397 Dei
805 2336 1012 2398 imitacio
1036 2338 1097 2400 sit
1122 2355 1203 2416 per
1226 2337 1552 2411 dilectionem
1578 2369 1621 2379 -
1645 2356 1810 2400 secun·

472 2447 587 2517 dum,
613 2444 731 2523 quod
753 2462 860 2504 vera
884 2443 1079 2506 dilectio
1104 2445 1255 2506 oritur
1275 2463 1324 2506 ex
1349 2444 1629 2525 cognicione3
1658 2478 1696 2485 —
1722 2448 1810 2507 ter·

470 2553 585 2615 cium
609 2551 727 2631 quod
750 2550 966 2611 ordinata
990 2551 1198 2631 cognicio
1221 2552 1432 2631 procedit
1455 2553 1508 2613 ab
1532 2550 1807 2614 obediencia

469 2660 875 2734 etobservacione;
893 2658 1180 2737 -exquibus
1208 2658 1417 2737 sequitur
1439 2661 1658 2737 quartum,
1683 2658 1806 2720 scili-

471 2770 560 2828 cet:
600 2767 718 2845 qnod
753 2767 946 2828 humana
984 2766 1162 2844 pericia
1199 2765 1245 2826 in
1269 2766 1442 2827 divinis
1466 2763 1659 2826 Litteris
1684 2766 1808 2845 prin·

472 2874 694 2953 cipaliter
717 2873 856 2935 debet
879 2871 1074 2934 fundari.

428 3070 457 3133 1.
585 3068 666 3147 Ipse
690 3068 784 3129 enim
799 3068 979 3139 Dominus,
1005 3086 1086 3129 cum
1111 3068 1277 3128 dixisset:
1305 3064 1457 3128 «Estote
1480 3068 1639 3146 perfecti,
1665 3068 1757 3129 sicut
1771 3071 1809 3130 et

475 3174 584 3237 Pater
617 3179 738 3237 vester
772 3175 913 3237 celestis
947 3176 1128 3254 perlectus
1166 3172 1280 3247 θεῖν,
1319 3193 1363 3236 ne
1402 3174 1567 3235 crederet
1604 3175 1807 3238 mundanus

475 3282 632 3362 phisicus
667 3300 706 3344 se
738 3283 954 3345 imitatorem
987 3269 1155 3353 divinum,
1192 3299 1273 3342 mox
1301 3282 1490 3353 subiunxit,
1528 3282 1667 3343 dicens:
1709 3281 1808 3366 ‹Qui

475 3391 587 3452 solem
610 3408 713 3451 suum
734 3390 821 3451 facit
844 3390 930 3451 oriri
954 3407 1063 3467 snper
1079 3390 1193 3450 bonos
1210 3391 1245 3449 et
1260 3388 1383 3460 malos,
1409 3391 1445 3450 et
1459 3390 1550 3468 pluit
1566 3407 1676 3467 super
1692 3389 1806 3451 iustos

476 3501 511 3559 et
527 3498 677 3558 iniustos
689 3519 704 3552 s
717 3496 738 3568 ²,
755 3496 916 3576 exempla
933 3496 1094 3557 caritatis
1111 3498 1147 3556 et
1162 3495 1416 3557 benevolencie
1430 3496 1606 3575 largitatis
1623 3497 1660 3556 in
1671 3497 1806 3558 amicos

475 3608 512 3666 et
534 3605 654 3665 hostes
670 3604 817 3683 largiter
831 3602 1033 3673 ostendens,
1059 3602 1249 3673 subiunxit,
1274 3602 1336 3680 qui
1351 3602 1397 3663 de
1412 3601 1564 3664 caritate
1580 3602 1805 3664 inimicorum

475 3711 662 3773 ardentem
685 3728 885 3772 sermonem
908 3709 1061 3770 texebat.
1087 3706 1180 3769 Hinc
1204 3709 1294 3770 alius
1310 3707 1539 3788 Evangelista
1562 3709 1713 3770 eandem
1728 3728 1807 3771 sen·
1854 3716 1857 3719 '

476 3818 630 3880 tenciam
653 3819 720 3879 sub
744 3817 823 3878 aliis
846 3816 966 3877 verbis
989 3816 1164 3887 recitavit,
1190 3816 1330 3877 dicens:
1373 3815 1524 3877 «Estote
1555 3828 1639 3896 ergo
1669 3817 1806 3877 miseri·

476 3926 614 3994 cordes,
651 3924 744 3985 sicut
766 3927 802 3985 et
825 3922 934 3985 Pater
956 3926 1076 3984 vester
1107 3924 1309 3985 misericors
1334 3926 1413 3984 est»
1428 3920 1449 3983 ³.
1490 3922 1688 4001 Utrumque
1712 3924 1806 3985 enim

474 4031 647 4093 Dominus
663 4032 761 4102 dixit,
779 4030 924 4101 scilicet,
943 4033 1076 4091 textum
1095 4034 1131 4092 et
1146 4031 1289 4110 glosam,
1307 4033 1343 4091 et
1365 4031 1464 4109 quod
1479 4030 1591 4091 tacuit
1612 4028 1806 4093 Matheus

474 4141 514 4200 ut
549 4139 724 4201 scriberet
756 4136 881 4210 Lucas,
922 4138 1034 4199 noluit
1069 4136 1224 4218 Spiritus
1253 4135 1414 4209 Sanctus,
1455 4137 1642 4215 utriusque
1677 4138 1806 4199 calami

475 4246 691 4318 moderator,
729 4243 864 4307 Lucam
888 4248 1017 4316 tacere,
1058 4246 1120 4307 ubi
1143 4263 1229 4306 vero
1254 4262 1320 4324 per
1354 4245 1517 4305 eumdem
1540 4242 1676 4306 Lucam
1699 4245 1807 4306 docet

474 4352 670 4433 quemlibet
694 4352 907 4431 discipulum
931 4369 1009 4413 esse
1032 4353 1242 4431 perlectum,
1279 4352 1309 4413 si
1334 4352 1380 4413 sit
1403 4351 1495 4413 sicut
1526 4352 1695 4431 magister
1717 4352 1804 4413 eius.

474 4459 536 4527 De
552 4460 782 4538 correpcione
806 4457 975 4529 fraterna,
1013 4476 1082 4537 que
1108 4462 1162 4520 est
1185 4458 1346 4520 caritatis
1371 4458 1554 4520 carissima
1578 4458 1707 4538 proles,
1731 4476 1807 4519 ser·

474 4585 615 4628 monem
645 4566 754 4628 habet
792 4569 962 4637 eternum,
995 4566 1142 4644 quando
1172 4566 1330 4627 imitator
1362 4564 1438 4637 Dei,
1476 4583 1657 4644 sumpmus
1691 4564 1807 4645 Apos-

474 4674 578 4744 tolus,
610 4674 658 4733 ad
682 4673 735 4734 sni
759 4672 998 4735 imitacionem
1021 4673 1194 4734 minorem
1218 4673 1359 4734 turbam
1382 4672 1534 4743 vocavit,
1574 4691 1618 4733 ne
1642 4676 1808 4735 errarent

583 5084 603 5151 ¹)
622 5086 652 5140 s
670 5086 803 5151 uma,
820 5086 856 5149 v,
873 5086 919 5139 48.

583 5173 603 5241 ²)
622 5176 675 5239 in,
693 5176 729 5239 v,
746 5176 789 5227 rs.

583 5262 603 5331 t)
622 5265 651 5317 s
671 5265 753 5329 Luc,
772 5264 821 5329 v1,
840 5264 884 5318 36.
