4300 6117
835 968 1022 1022 IOHANNIS
1043 967 1225 1020 DOMlNlCI
1630 955 1696 1018 279

359 1196 453 1255 trum
477 1194 618 1255 discere
641 1194 757 1254 solum
780 1192 827 1254 sit
849 1192 1029 1254 reminisci
1045 1189 1065 1264 1,
1091 1209 1162 1270 que
1193 1190 1348 1252 iaciliter
1382 1189 1430 1252 ad
1469 1187 1696 1268 Origenis

358 1319 517 1362 errorem
553 1300 761 1381 ,reducetur
775 1299 795 1370 ²,
844 1303 880 1360 et
920 1298 1108 1378 Pictagore
1142 1296 1294 1369 fabulas,
1334 1315 1473 1358 necnon
1510 1296 1699 1376 sacrilegia

357 1406 544 1469 Maumeth
579 1408 789 1479 volcacium,
826 1425 906 1467 cum
949 1404 1108 1476 Platone,
1141 1408 1206 1466 aut
1246 1422 1367 1466 omnes
1410 1405 1547 1465 animas
1593 1402 1698 1463 simul

359 1518 501 1577 creatas
531 1515 768 1594 intelligencia
792 1517 1029 1584 consumatus,
1054 1516 1118 1574 aut
1139 1512 1293 1592 angelos,
1318 1512 1439 1573 nescio
1456 1514 1605 1590 propter
1628 1528 1698 1589 que

358 1622 596 1702 impossibilia
621 1622 671 1683 eis
696 1622 815 1683 carnis
838 1625 998 1701 peccata,
1023 1620 1054 1682 si
1072 1623 1191 1681 tamen
1216 1620 1337 1680 divino
1361 1617 1596 1697 Augustino
1620 1629 1697 1696 gra·

324 1794 329 1802 ,
359 1732 434 1791 tum
457 1727 592 1800 fuisset,
616 1730 652 1789 in
675 1729 735 1790 lib.
775 1728 839 1789 De
871 1726 1088 1790 Civitate
1119 1727 1214 1796 Dei,
1250 1726 1311 1787 ubi
1336 1725 1381 1787 de
1405 1725 1472 1786 hac
1496 1743 1537 1786 re
1560 1724 1698 1803 aliquid

359 1838 432 1917 agit
454 1837 692 1898 determinate
716 1836 859 1915 angelos
884 1834 1079 1897 carnaliter
1100 1853 1172 1895 non
1194 1834 1355 1914 potuisse
1385 1851 1548 1912 peccare,
1572 1830 1695 1892 huma·

358 1944 413 2004 nis
437 1944 648 2022 corporibus
674 1943 824 2014 clausos,
860 1942 975 2003 donec
999 1959 1123 2002 eorum
1146 1939 1308 2002 facinora
1343 1940 1469 2001 talium
1506 1956 1698 2018 corporum

358 2049 472 2112 fetido
506 2068 652 2112 carcere
685 2048 819 2111 fuerint
854 2050 998 2128 expiata
1012 2046 1033 2109 ³.
1072 2047 1151 2109 Hiis
1187 2048 1281 2109 enim
1315 2049 1363 2109 ad
1398 2044 1694 2127 cognoscendum,

358 2158 481 2237 gracia
504 2155 598 2218 foret
621 2175 725 2225 vana,
751 2175 821 2235 que
842 2156 998 2217 animam
1020 2154 1165 2235 perlicit
1189 2175 1260 2217 non
1284 2173 1437 2238 carnem,
1463 2172 1544 2215 cum
1566 2170 1697 2213 memo-

359 2264 413 2325 ria
446 2264 484 2324 in
518 2282 668 2343 corpore
703 2264 852 2342 speciali
886 2262 1015 2324 cellula
1049 2264 1119 2324 sita
1154 2263 1209 2334 sit,
1241 2280 1330 2342 opus
1366 2265 1421 2323 est
1453 2260 1696 2339 disposicione

359 2370 471 2432 nobili
495 2372 613 2432 carnis
630 2374 739 2449 atque
753 2369 963 2449 frequencia
976 2370 1161 2431 verissime
1177 2370 1356 2431 leccionis.
1381 2363 1691 2430 Linconieusis⁴

359 2478 646 2559 ymaginaciones
670 2481 847 2557 pretereo,
871 2478 921 2538 nil
955 2478 1054 2538 aliud
1081 2477 1301 2538 intellectum
1334 2476 1483 2537 viatoris
1518 2473 1694 2554 ponentis,

361 2603 469 2663 quam
505 2585 669 2665 angelum
704 2586 836 2646 bonum
874 2585 923 2645 ad
957 2585 1159 2646 custodiam
1191 2584 1322 2646 nostris
1350 2584 1537 2663 spiritibus
1561 2582 1696 2652 datum,

361 2694 424 2754 aut
447 2695 543 2753 certe
568 2693 683 2754 eciam
705 2691 838 2753 malum
872 2710 954 2753 cum
987 2692 1071 2752 iusti
1107 2691 1288 2770 gaudeant
1325 2691 1425 2752 clara
1460 2688 1699 2767 intelligencia

360 2800 454 2869 boni,
480 2800 516 2861 et
538 2799 643 2878 pravi
666 2799 893 2878 decipiantur
916 2818 937 2860 a
962 2798 1122 2860 falsitate
1159 2799 1353 2869 mendacis,
1378 2798 1519 2876 dequo
1552 2793 1699 2856 Veritas
1759 2779 1761 2782 ¹

361 2908 431 2968 ait:
460 2905 649 2967 <Mendax
680 2910 743 2976 est,
770 2909 804 2967 et
839 2908 944 2986 pater
979 2906 1054 2965 eius
1075 2902 1128 2965 »5,
1153 2905 1323 2967 Preciosa
1357 2905 1523 2966 nimirum
1554 2901 1700 2963 videtur

361 3014 481 3093 gracia
502 3014 601 3093 apud
624 3014 721 3086 istos,
747 3031 817 3091 que
840 3012 1005 3091 spiritum
1028 3012 1175 3074 beatum
1197 3013 1315 3074 anime
1338 3011 1506 3072 militanti
1532 3008 1699 3072 conciliat

360 3122 398 3182 in
420 3121 614 3191 doctorem,
639 3124 679 3181 ut
700 3121 797 3199 quod
819 3120 865 3180 de
888 3119 958 3181 deo
981 3116 1141 3181 Socratis
1162 3121 1328 3199 patenter
1348 3120 1525 3188 narratur,
1543 3117 1589 3178 de
1606 3118 1699 3177 cete·

361 3246 483 3289 rorum
504 3226 797 3307 philosophorum
827 3227 932 3288 nobis
965 3227 1094 3306 ignotis
1128 3225 1339 3287 demonibus
1370 3226 1475 3286 bonis
1505 3224 1563 3285 vel
1585 3223 1699 3293 malis,

361 3334 469 3396 velud
493 3337 630 3396 certum
654 3334 833 3395 credatur.
858 3331 933 3394 Sed
956 3334 1003 3395 sit
1025 3333 1152 3413 procul
1175 3332 1285 3394 dubio
1309 3352 1331 3394 a
1353 3333 1456 3394 nobis
1478 3331 1572 3393 illius
1596 3342 1699 3410 gene·

362 3442 410 3502 ris
433 3441 615 3502 hominum
637 3440 758 3520 gracia
780 3440 873 3513 talis,
898 3440 968 3518 qui,
989 3443 1024 3501 et
1048 3442 1078 3501 si
1100 3440 1255 3519 quedam
1270 3458 1357 3501 vera
1371 3439 1547 3508 dixerunt,
1566 3441 1698 3511 tamen,

361 3552 510 3628 propter
528 3547 780 3609 infidelitatem
804 3566 937 3620 eorum,
962 3566 1024 3608 eos
1048 3549 1262 3625 dampnatos
1286 3565 1365 3608 esse
1389 3564 1461 3607 non
1483 3546 1699 3608 dubitamus.

469 3890 490 3958 ¹)
510 3892 628 3953 Pinio,
647 3893 780 3955 Piraeus,
799 3891 912 3953 xvl11;
931 3891 1000 3944 Did.
1020 3892 1042 3955 1,
1061 3891 1105 3944 56.

470 3978 649 4046 ²)Allusion
667 3982 685 4033 a
704 3982 735 4033 la
760 3980 879 4033 theoria
897 3981 1060 4049 d’Origbne
1086 3994 1139 4033 sur
1162 3980 1192 4031 la
1211 3980 1426 4046 preexistence
1443 3980 1500 4031 des
1519 3980 1613 4031 umes.
1653 3978 1699 4031 ef.

362 4071 435 4123 Peri
451 4070 585 4131 Archon,
602 4072 654 4123 lib.
673 4072 694 4134 1,
714 4087 780 4138 cap.
799 4082 833 4123 v1
852 4086 910 4138 sq.;
930 4072 966 4131 11,
985 4081 1026 4123 lx.

471 4160 492 4225 ³¹)
512 4161 542 4213 S.
562 4160 644 4214 Auo.
665 4162 712 4213 De
734 4160 819 4214 Civit.
839 4163 906 4223 Dei,
926 4160 989 4223 XV,
1009 4170 1095 4213 xxm.
1119 4159 1156 4212 In
1177 4158 1267 4225 Oper.
1286 4161 1307 4211 t.
1326 4159 1389 4222 vn,
1408 4160 1465 4211 col.
1483 4158 1611 4211 468-469.
1651 4158 1696 4211 cf.

362 4252 529 4312 LACTANT„
547 4251 780 4314 Institutionum.
799 4251 850 4302 lib.
869 4251 905 4313 11,
921 4266 987 4317 cap.
1006 4260 1065 4312 xv;
1085 4249 1287 4316 sulpit-Ser„
1306 4250 1462 4301 Historiae
1475 4248 1598 4312 Sacrae,
1611 4249 1663 4300 lib.
1676 4249 1698 4312 1,

363 4355 429 4407 cap.
449 4340 474 4391 2.

469 4427 491 4493 ⁴)
511 4430 535 4481 11
555 4430 642 4497 s’agit
660 4430 700 4482 de
725 4430 867 4496 l'eveque
892 4430 931 4483 de
950 4428 1088 4490 Lincoln‚
1112 4428 1229 4480 Robert
1249 4429 1438 4493 Grossetete‚
1460 4425 1479 4493 †
1499 4428 1576 4482 125³.
1614 4429 1699 4481 Nous

362 4519 492 4571 n'avons
517 4534 560 4585 pu
577 4518 704 4571 verifier
729 4518 924 4571 l'exactitude
952 4518 1164 4571 d'attribution
1189 4518 1279 4571 d’nne
1301 4519 1432 4585 pareille
1451 4519 1601 4582 doctrine,
1619 4519 1698 4571 mais

362 4624 441 4661 nous
467 4622 581 4661 savons
606 4623 664 4674 par
689 4608 813 4661 allieurs
840 4622 901 4675 que
927 4608 1053 4669 Robert,
1081 4608 1126 4659 s'il
1145 4607 1211 4660 iant
1229 4622 1270 4659 en
1294 4608 1394 4661 croire
1419 4609 1461 4660 du
1486 4608 1586 4661 moins
1605 4608 1636 4660 le
1653 4609 1697 4660 te·

362 4698 523 4765 moignage
541 4698 582 4750 de
600 4697 714 4760 fiscon,
733 4698 870 4761 Brewer‚
898 4696 1002 4763 Opera
1020 4699 1172 4762 quaedam
1192 4698 1311 4761 inedita,
1338 4713 1368 4764 p.
1389 4698 1482 4759 74-75,
1507 4698 1606 4750 aurait
1624 4699 1698 4750 tenu

362 4802 441 4854 pour
466 4788 496 4839 la
522 4786 640 4839 theorie
665 4787 744 4839 dans
769 4787 904 4852 laquelle
921 4786 1001 4839 Dleu
1024 4786 1096 4852 J'oue
1121 4787 1152 4838 le
1178 4787 1245 4838 rble
1270 4786 1439 4839 d'intellect
1456 4789 1558 4855 agent,
1579 4787 1698 4840 theorie

363 4892 398 4931 se
416 4876 592 4929 rattaehant
615 4876 772 4929 d’ailleurs
791 4876 809 4927 ii
828 4876 907 4928 celle
932 4876 972 4928 de
991 4874 1020 4927 S.
1039 4874 1189 4944 Augustin
1213 4876 1253 4927 de
1278 4875 1503 4929 l'illnmination
1527 4876 1633 4929 divine
1658 4878 1698 4929 de

363 4966 578 5034 l'intelligence
596 4966 748 5018 humaine.
769 4964 813 5017 Cl,
832 4966 865 5016 P.
883 4964 1097 5028 Malloeam,
1117 4964 1205 5031 Siger
1220 4963 1258 5017 de
1275 4966 1418 5016 Brabant
1435 4968 1465 5018 ei
1482 4964 1698 5019 I'Averroisme

363 5057 446 5119 latin,
458 5071 488 5122 p.
501 5054 629 5107 257-258.
648 5055 691 5106 Le
704 5054 896 5122 temoignage
913 5054 953 5106 de
966 5053 1080 5116 Barea,
1099 5068 1140 5105 on
1152 5054 1183 5106 le
1197 5054 1265 5116 salt,
1283 5069 1323 5107 ne
1336 5054 1403 5106 doit
1415 5068 1471 5121 pas
1491 5056 1558 5107 etre
1572 5054 1698 5121 accepte

364 5146 503 5213 toujours
523 5158 597 5196 sans
617 5144 765 5197 contrale.

472 5230 492 5298 ὗ)
512 5233 541 5286 S.
560 5234 681 5298 Iouna,
701 5232 841 5296 V111‚44.
