4300 6117
843 1017 1030 1072 IOHANNIS
1051 1017 1232 1070 DOMINICI

784 1801 996 1908 [CAPUT
1028 1800 1299 1907 XXXIX]

470 2155 567 2245 [H]ic
591 2167 645 2225 est
669 2164 705 2225 in
722 2164 860 2225 decimo
877 2164 957 2226 loco
972 2163 1117 2225 videre:
1142 2161 1203 2223 An
1225 2145 1395 2241 aliquis
1419 2163 1700 2226 ethnicorum

366 2270 507 2333 luerit
537 2288 673 2333 verus
705 2288 903 2350 vereque
935 2268 1250 2351 philosophus,
1287 2272 1330 2332 et
1365 2288 1458 2332 cum
1497 2271 1702 2350 patuerit

367 2377 549 2440 racione
595 2381 640 2439 et
697 2378 977 2441 auctoriiate
1031 2378 1274 2439 multorum
1328 2396 1433 2457 pars
1488 2379 1701 2457 negativa

367 2484 577 2559 tenenda,
618 2488 778 2564 sponte
817 2487 1126 2565 argumentum
1171 2484 1375 2546 cessabit
1413 2503 1506 2547 cum
1544 2484 1701 2547 deien-

367 2592 553 2653 soribus
594 2592 703 2654 suis.

473 2785 642 2848 Dicamus
687 2797 770 2867 ergo
805 2805 928 2849 veram
968 2786 1231 2867 philosophiam
1265 2788 1302 2848 in
1340 2787 1456 2849 tribus
1495 2786 1700 2857 consistere,
1717 2792 1747 2854 1.

366 2894 525 2957 scilicet:
550 2894 729 2974 religione,
753 2895 912 2956 moribus
937 2897 973 2955 et
996 2894 1172 2955 doctrina.
1198 2891 1237 2954 Si
1260 2894 1354 2956 enim
1381 2892 1619 2975 phylosophia
1648 2895 1702 2955 est

369 3020 384 3053 s
420 3001 623 3062 divinarum
656 3000 962 3081 humanarumque
996 3019 1117 3062 rerum
1152 2999 1310 3080 cognicio
1326 2998 1383 3072 ›¹,
1422 3019 1486 3063 seu
1522 2997 1702 3063 Creatoris

368 3109 686 3186 creaturarumque
708 3108 806 3169 utilis
829 3108 1028 3187 inquisicio,
1054 3110 1197 3169 constat
1231 3108 1329 3187 quod
1363 3108 1463 3169 iuxta
1497 3106 1702 3169 Platonis

367 3214 585 3278 sentenciam
608 3214 645 3275 in
667 3217 741 3277 tres
764 3217 894 3295 partes¹
912 3214 1112 3277 dividitur:
1138 3214 1400 3287 divinalem,
1437 3215 1583 3287 scilicet,
1616 3234 1702 3275 mo·

367 3321 506 3383 ralem
529 3323 566 3383 et
588 3320 1114 3383 racionalem².-Primam
1130 3320 1296 3383 dixerunt
1312 3320 1624 3402 theologicam,
1649 3340 1703 3386 se·

367 3428 521 3490 cundam
537 3427 730 3501 ethicam,
749 3429 861 3490 tercia
872 3446 959 3491 vero
971 3429 1139 3509 loycam.
1154 3462 1192 3470 —-
1208 3427 1329 3490 Prima
1344 3428 1510 3508 spiritum
1527 3430 1703 3502 accendit,

367 3535 526 3597 secunda
548 3534 669 3615 dirigit
690 3536 811 3610 vitam,
841 3535 954 3597 tercia
981 3539 1101 3597 autem
1127 3533 1270 3615 perficit
1302 3536 1515 3598 naturaliter
1548 3536 1706 3598 intellec·

368 3645 452 3703 tum.
469 3672 512 3685 -
530 3641 687 3703 Primam
711 3642 859 3711 tradunt
882 3643 919 3703 in
941 3620 1242 3721 metaphisica,
1266 3643 1462 3704 secundam
1488 3644 1525 3703 in
1549 3642 1704 3725 ethica,

367 3748 434 3810 sed
457 3749 607 3812 terciam
629 3750 666 3810 in
689 3748 857 3829 phisica
882 3748 1227 3829 peripatheticorum
1255 3749 1433 3812 doctores.
1471 3748 1520 3811 Et
1542 3751 1706 3829 quamvis

368 3855 466 3934 apud
487 3856 576 3929 illos,
601 3874 673 3935 que
693 3857 751 3919 hic
776 3856 930 3936 ponitur,
955 3856 1047 3918 sicut
1070 3855 1245 3936 dignitate
1276 3856 1328 3918 sic
1362 3857 1488 3920 ordine
1512 3857 1643 3936 prima,
1669 3858 1706 3919 in

368 3962 493 4024 ultimo
514 3963 594 4026 loco
609 3964 770 4026 ¹situetur
791 3965 963 4042 tempore,
992 3964 1114 4025 tamen
1136 3980 1211 4035 nos,
1236 3963 1297 4043 qui
1316 3961 1471 4025 fatemur
1484 3963 1707 4043 impossibile

368 4067 446 4131 iore
457 4068 534 4132 sine
546 4068 620 4133 tide
632 4070 708 4134 Deo
719 4068 888 4150 placere³,
901 4072 1011 4149 atque
1024 4069 1134 4133 iidem
1145 4070 1223 4131 sine
1235 4071 1403 4150 operibus
1413 4088 1493 4132 esse
1503 4072 1706 4145 mortuam⁴,

372 4293 583 4302 ————

476 4473 497 4543 ¹)
518 4476 599 4529 C¹est
616 4475 647 4529 le
665 4475 830 4530 deliniiiou
847 4476 887 4529 de
906 4475 970 4529 Cic,
995 4474 1081 4528 Ihsc.
1100 4476 1135 4528 V.
1154 4475 1186 4540 33
1203 4477 1251 4528 De
1272 4472 1405 4540 Officiis,
1421 4476 1459 4539 11,
1478 4475 1504 4528 2.
1542 4476 1707 4529 D’aillenrs

369 4567 449 4619 cette
466 4564 628 4619 delinition
646 4565 721 4619 eiait
739 4566 812 4635 ddja
828 4566 952 4619 donnee
970 4579 1029 4632 par
1048 4564 1169 4629 Philon,
1186 4566 1233 4618 De
1255 4564 1423 4632 Congressu
1442 4566 1527 4618 erud.
1545 4568 1625 4633 grat.
1650 4565 1706 4619 Ed.

369 4653 505 4719 Richter,
523 4656 544 4706 t.
562 4654 613 4719 ΠΙ,
631 4654 676 4708 86.

476 4738 546 4809 ’)8.
563 4742 642 4797 AUR.
660 4742 743 4797 Aue.
775 4745 821 4797 De
842 4744 926 4797 civit.
943 4745 1011 4807 Dei,
1031 4742 1110 4807 VIII,
1128 4752 1170 4795 lv.
1203 4742 1239 4794 In
1260 4741 1349 4809 Oper.
1376 4742 1440 4806 VII,
1459 4742 1522 4796 228.
1553 4741 1709 4795 Giovanni

369 4831 521 4885 DomInici
546 4832 668 4886 revient
691 4833 847 4900 plusieurs
865 4831 926 4885 lois
944 4847 999 4886 sur
1017 4834 1099 4886 cette
1123 4830 1258 4885 division
1275 4831 1316 4884 de
1334 4832 1365 4884 la
1382 4830 1585 4899 philosophie.
1626 4830 1708 4884 c¹est

370 4920 508 4987 ciceron,
526 4921 670 4985 Academ,
689 4922 711 4984 I,
732 4921 814 4986 5,19,
832 4922 886 4989 qui
904 4922 1040 4975 attribua
1059 4919 1143 4975 cette
1161 4920 1295 4974 division
1311 4920 1461 4984 aPlat0n,
1480 4920 1556 4973 chez
1574 4920 1628 4988 qui
1646 4921 1708 4973 elle

369 5026 409 5064 ne
422 5026 458 5065 se
473 5013 620 5064 retronve
632 5024 693 5077 que
705 5012 943 5065 virtuellemeut.
966 5038 992 5046 -
1009 5009 1053 5063 CI.
1066 5009 1107 5061 M.
1119 5008 1261 5075 Mansuri,
1278 5012 1326 5063 De
1343 5009 1466 5062 Natura
1483 5010 1710 5076 Philosophiae,

370 5114 473 5167 opusc.
492 5100 570 5163 190³,
588 5101 735 5170 Friburgi
753 5100 874 5153 Helvet.
893 5115 924 5167 p.
937 5100 971 5151 27
991 5098 1039 5164 (6).

482 5186 502 5255 ⁶)
522 5189 552 5242 s.
569 5190 676 5254 Paua,
694 5191 737 5242 ad
753 5190 857 5252 Heba,
874 5189 924 5253 xl,
943 5189 970 5242 6.

476 5276 498 5346 ⁴)
518 5278 698 5343 S.1AC.,II‚
718 5280 760 5331 17.
