4300 6117
844 887 1030 944 IOHANNIS
1052 887 1234 941 DOMINICI
1635 877 1698 941 247

359 1113 456 1175 inira
480 1113 612 1175 clarius
636 1115 692 1175 est
708 1112 910 1183 dicendum}
928 1112 1085 1174 tumidos
1109 1111 1265 1173 reddere
1277 1113 1474 1173 sectatores
1488 1130 1572 1173 suos
1589 1110 1700 1172 scien·

363 1220 456 1283 ciam
479 1220 688 1293 secularem,
710 1221 824 1282 restat
847 1219 945 1298 quod
968 1237 1011 1281 eo
1034 1219 1151 1280 minus
1174 1218 1467 1298 philosophantes
1501 1218 1701 1297 intelligunt

360 1325 517 1389 Litteras
541 1329 696 1398 sanctas,
721 1345 792 1405 quo
816 1326 1000 1388 recencius
1024 1328 1060 1387 et
1084 1324 1357 1387 habundancius
1393 1326 1504 1405 ipsius
1534 1325 1701 1407 phyloso-

361 1434 445 1513 phie
467 1433 600 1496 tuerint
621 1433 845 1513 amplexibus
869 1432 1034 1512 colligati.
1068 1432 1160 1494 Nolo
1183 1432 1268 1493 mihi
1285 1432 1465 1505 credatur,
1483 1433 1549 1495 sed
1564 1432 1700 1494 racioni

361 1541 544 1621 premissis
576 1541 691 1602 utenti
723 1542 938 1602 sanctorum.
984 1538 1258 1619 Experienciam
1279 1558 1349 1600 non
1382 1540 1597 1620 negabimus.
1644 1538 1700 1600 Da

362 1647 522 1710 codicem
537 1648 796 1727 propheticum,
812 1647 1055 1728 evangelicum
1070 1647 1128 1708 vel
1144 1646 1381 1726 apostolicum
1396 1646 1609 1709 leronimo
1636 1646 1700 1707 ad-

361 1753 430 1816 huc
464 1755 702 1817 cicerianiano
722 1753 742 1827 ¹,
769 1757 804 1816 et
829 1755 925 1816 dicet
948 1754 1016 1816 tibi
1045 1772 1052 1815 :
1087 1772 1102 1805 ‹
1130 1751 1254 1815 Sermo
1277 1753 1400 1815 horret
1423 1754 1576 1815 incultus
1593 1752 1642 1815 »ἢ
1656 1784 1700 1793 -

362 1860 479 1923 Prebe
501 1862 600 1923 illum
623 1862 832 1942 Augustino,
857 1879 900 1923 ex
922 1861 1026 1922 libris
1049 1860 1240 1941 platonicis
1264 1862 1407 1942 turgido
1430 1863 1467 1922 et
1490 1859 1625 1931 inflato,
1648 1861 1700 1923 sic

363 1969 457 2030 enim
480 1968 526 2030 de
550 1988 588 2030 se
617 1967 724 2031 lateri
746 1969 783 2029 in
818 1969 930 2031 libro
969 1966 1321 2030 Confessionum³
1357 1987 1427 2029 non
1451 1968 1640 2039 erubescit,
1664 1969 1702 2029 et

361 2075 496 2137 nullum
520 2077 661 2155 penitus
685 2066 822 2158 habetll
848 2076 1011 2137 veritatis
1034 2076 1154 2136 lucide
1190 2093 1343 2137 sensum.
1391 2073 1463 2137 Sed
1487 2076 1600 2137 redde
1635 2094 1699 2137 suo

361 2184 439 2244 miti
460 2181 590 2254 David,
615 2184 709 2261 quia,
735 2185 826 2244 teste
850 2183 925 2244 tilio
949 2201 1024 2254 suo,
1051 2201 1164 2243 «cum
1202 2182 1423 2261 simplicibus
1448 2173 1462 2265 Ι
1489 2186 1544 2244 est
1567 2200 1700 2243 sermo·

362 2290 499 2352 cinacio
524 2290 599 2351 eius
620 2288 661 2359 »⁴,
687 2292 724 2351 et
757 2290 920 2369 protinus
956 2289 1181 2361 exclamabit,
1213 2290 1361 2351 dicens:
1399 2289 1550 2374 «Quam
1580 2289 1701 2352 dulcia

361 2395 525 2458 faucibus
549 2398 638 2458 meis
663 2396 805 2475 eloquia
827 2398 899 2466 tua,
924 2414 1034 2475 super
1056 2396 1127 2459 mel
1142 2396 1197 2458 ori
1212 2394 1350 2458 meo!»⁵
1372 2432 1405 2441 -
1429 2396 1529 2458 Idem
1545 2397 1699 2472 demum,

362 2504 536 2583 depositis
560 2503 853 2583 philosophorum
876 2502 1038 2573 fastibus,
1064 2505 1147 2584 toga
1180 2502 1297 2583 Xpisti
1337 2504 1432 2565 mitis
1456 2503 1581 2573 induti,
1606 2504 1700 2566 Iero-

361 2610 477 2671 nimus
503 2614 539 2671 et
561 2609 779 2691 Augustinus
802 2612 1001 2680 senserunt,
1019 2610 1113 2671 sicut
1135 2608 1422 2689 frequentissime
1440 2611 1610 2673 scribunt.

473 2715 580 2779 Multi
602 2720 685 2779 sunt
708 2718 815 2779 hodie
839 2718 939 2789 tales,
954 2718 1016 2795 qui
1028 2719 1233 2796 presentem
1255 2718 1518 2780 conclusionem
1533 2737 1604 2779 non
1619 2736 1700 2798 pro·
1714 2715 1745 2779 7.

361 2825 460 2895 bant,
489 2823 555 2885 sed
587 2825 844 2886 demonstrant.
877 2823 948 2885 Pro
973 2827 1109 2903 quanto
1143 2825 1238 2885 enim
1258 2826 1335 2904 ipse
1375 2843 1505 2904 capere
1542 2844 1698 2906 possum,

361 2948 445 2992 reor
471 2932 648 2992 neminem
671 2932 785 2993 libere
807 2931 930 2993 valere
952 2950 976 2991 a
999 2932 1112 2993 sacris
1129 2930 1276 2993 Litteris
1293 2932 1490 3002 discedere,
1508 2933 1569 3011 qui
1586 2934 1700 2994 eciam

361 3038 594 3100 mediocriter
617 3057 740 3100 earum
764 3039 909 3118 saperet
930 3037 1099 3100 archana.
1124 3036 1172 3100 Et
1194 3041 1315 3100 tamen
1350 3039 1612 3118 quamplurimi,
1638 3040 1699 3118 qui

361 3145 464 3207 scioli
488 3149 750 3224 nuncupantur,
774 3147 810 3206 in
834 3164 986 3224 quorum
1008 3145 1174 3207 manibus
1198 3164 1380 3224 nunquam
1404 3147 1493 3207 satis
1523 3146 1703 3208 habentur

361 3250 488 3313 Cicero
512 3253 569 3313 vel
591 3252 748 3324 Anneus,
772 3251 996 3325 Aristoteles,
1020 3250 1127 3314 Maro
1161 3252 1220 3313 vel
1253 3248 1436 3333 Tragicus,
1461 3254 1511 3314 ad
1545 3253 1700 3315 mellitas

360 3376 484 3421 sacras
522 3357 679 3421 Litteras
717 3378 789 3421 non
822 3360 1010 3431 accedunt,
1041 3360 1218 3421 audentes
1256 3360 1370 3421 eciam
1402 3360 1523 3440 palam
1558 3361 1722 3422 mentiri.

360 3465 543 3527 laudabile
567 3464 644 3528 iore
668 3467 825 3528 studium
854 3466 1087 3539 ethnicorum,
1112 3469 1150 3527 ut
1185 3466 1245 3527 via
1277 3466 1459 3546 pandatur
1491 3467 1539 3529 ad
1563 3467 1700 3530 divino·

361 3592 440 3633 rum
465 3574 691 3651 eloquiorum
714 3572 990 3653 intelligentiam
1013 3572 1257 3654 spiritalem!⁶

473 3713 639 3779 Secundo
663 3718 875 3800 requiritur,
892 3716 941 3778 ad
965 3718 1222 3796 cuiuscumque
1256 3718 1409 3779 sciencie
1445 3718 1541 3779 viam
1577 3736 1699 3797 capes·
1713 3711 1744 3775 8.

362 3823 523 3895 cendam,
548 3822 659 3885 tides
680 3824 989 3904 principiorum
1013 3842 1203 3885 suorum:
1226 3824 1277 3885 ita
1294 3824 1475 3886 conclusio
1493 3827 1547 3886 est
1562 3823 1698 3886 Aristo·

360 3929 444 4002 tilis,
463 3930 499 3990 in
515 3931 608 3993 libro
632 3930 820 3993 Priorum
839 3931 1009 3992 dicentis:
1029 3950 1043 3982 s
1059 3929 1213 4009 Oportet
1228 3931 1476 3993 addiscentem
1492 3933 1642 3993 credere
1656 3928 1697 3993 »i

473 4035 576 4099 Hanc
601 4041 736 4099 certam
758 4037 846 4099 facit
868 4037 1062 4117 Apostolus
1086 4040 1121 4099 et
1144 4039 1258 4099 omnis
1283 4038 1447 4099 doctrina
1479 4039 1554 4101 eius
1588 4040 1700 4101 utitur

472 4359 492 4426 ¹)
511 4362 608 4414 Pour:
628 4365 830 4415 ciceroniano.

469 4448 489 4514 ²)
508 4450 538 4503 S.
556 4451 672 4504 EUSEB.
693 4451 826 4504 HIERON.
862 4453 961 4517 Epist.
980 4452 1074 4504 XXII
1096 4453 1139 4504 ad
1155 4452 1364 4515 Eustochium,
1383 4453 1501 4506 Paulae
1522 4450 1635 4517 sitiam,
1651 4455 1699 4506 De

360 4540 500 4591 custodia
519 4543 710 4607 virginitatis.
731 4541 766 4592 In
789 4541 879 4607 Oper.
899 4542 919 4593 t.
940 4541 962 4603 1,
981 4541 1038 4593 col.
1056 4540 1119 4605 416,
1139 4536 1157 4608 5
1175 4542 1218 4595 30.

469 4624 490 4694 ³)
509 4629 538 4681 S.
556 4629 635 4681 AUR.
652 4630 733 4682 Auo.
755 4628 986 4694 confessionum
1004 4630 1068 4693 VII,
1089 4640 1141 4682 xx.
1160 4630 1196 4682 In
1217 4630 1308 4698 Oper.
1327 4632 1349 4693 1,
1368 4631 1429 4684 746.

467 4715 491 4783 ⁴)
510 4718 556 4771 Ct.
575 4719 722 4771 Proverb.
743 4719 856 4779 111.32.

469 4803 492 4871 ⁶)
511 4806 557 4859 Cl.
572 4810 684 4873 psalm.
705 4807 835 4871 CXVIII,
855 4807 915 4861 1⁰3.

468 4893 491 4960 ⁸)
509 4896 536 4947 A
560 4898 624 4949 bon
648 4897 731 4949 droit
751 4897 814 4950 Col.
833 4898 964 4950 Salutati
990 4898 1119 4965 pouvait
1147 4914 1181 4951 se
1206 4898 1308 4951 croire
1326 4899 1395 4951 vise
1413 4914 1472 4966 par
1498 4913 1533 4952 ce
1557 4908 1699 4967 passage,

360 4984 412 5051 qui
429 4984 534 5037 iaisait
551 5000 613 5038 une
632 4986 765 5039 allusion
784 5003 871 5040 assez
890 4987 1019 5040 tranche
1038 5003 1100 5040 aux
1120 4987 1206 5040 ideas
1230 4989 1381 5054 expose'es
1399 5003 1457 5055 par
1476 4989 1506 5041 le
1525 4988 1699 5041 chancelier

358 5072 437 5126 dans
457 5089 491 5126 sa
510 5074 602 5128 lettre
622 5074 640 5126 a
658 5074 707 5127 tra
726 5075 817 5128 Giov.
837 5077 878 5129 da
896 5076 1109 5129 Samminiato.
1141 5076 1185 5129 Cf.
1205 5077 1396 5143 Epistolurio
1414 5077 1514 5130 IV·1P.
1533 5094 1563 5145 p.
1584 5079 1635 5130 170
1653 5093 1698 5144 sq.

469 5159 490 5228 ἶ)
510 5162 555 5216 cf.
574 5164 678 5216 AmsT.
697 5165 711 5216 Ι
729 5165 863 5228 ΕΙενιοΙι.,
882 5180 948 5231 cap.
968 5174 999 5229 11,
1018 5166 1043 5217 2.
