4300 6117
443 934 511 999 374
946 946 1106 1001 LUCULA
1127 944 1267 1000 NOCTIS

443 1169 553 1241 deles,
577 1170 728 1232 univoce
750 1170 940 1249 loquendo,
965 1169 1121 1233 fideles?
1159 1169 1245 1255 Quis
1269 1171 1413 1251 negabit
1437 1188 1560 1233 omnes
1584 1171 1664 1232 illos
1689 1183 1776 1251 erga

444 1276 667 1338 divinitatem
690 1295 762 1338 non
783 1277 1029 1357 multipliciter
1052 1295 1202 1351 errasse,
1228 1296 1336 1357 quam
1351 1296 1423 1340 non
1439 1278 1595 1340 errando
1611 1279 1776 1340 ultimum

443 1381 552 1444 tinem
574 1401 654 1445 esse
680 1383 911 1464 scripserunt.

397 1485 427 1548 2.
550 1487 679 1552 Omnia
694 1489 760 1552 hec
782 1490 855 1552 iam
869 1490 1052 1571 patefacta
1074 1491 1112 1553 in
1126 1492 1339 1572 preteritum
1355 1492 1582 1562 transierunt,
1608 1494 1646 1553 at
1660 1492 1776 1553 nostri

445 1595 561 1668 ethici,
586 1595 663 1659 Deo
685 1616 751 1680 per
772 1598 918 1678 angelos
941 1599 1133 1671 revelante,
1159 1599 1220 1660 illa
1243 1601 1420 1660 noverunt
1442 1597 1488 1660 de
1504 1597 1590 1672 Deo,
1603 1616 1674 1677 que
1697 1599 1776 1677 ipse

444 1703 558 1765 voluit
579 1722 644 1766 nos
660 1705 762 1778 scire,
787 1707 824 1766 et
845 1723 917 1766 non
939 1706 1076 1786 patitur
1099 1705 1168 1767 sibi
1191 1705 1380 1767 credentes
1396 1706 1579 1767 erroribus
1600 1705 1774 1766 inrethiri.

444 1809 523 1872 Non
535 1822 619 1891 ergo
630 1811 692 1873 illa
709 1812 891 1874 mundana
907 1811 1024 1874 ethica
1040 1816 1104 1884 est,
1118 1813 1184 1876 sed
1196 1812 1381 1875 verissime
1395 1811 1511 1875 ethice
1525 1812 1650 1884 hostis,
1666 1830 1778 1891 quam

319 1919 354 1951 '⁰
444 1917 667 1980 verissimam
693 1917 771 1982 tore
797 1918 966 1981 dubitare
992 1938 1063 1981 non
1088 1919 1182 1982 licet.
1207 1951 1250 1960 —
1272 1918 1369 1982 Audi
1397 1919 1552 1982 ethicum
1565 1910 1580 2002 ΙΙ
1601 1919 1770 1999 primum:

448 2023 547 2109 «Qui
569 2042 641 2086 non
663 2027 717 2088 est
739 2044 888 2098 mecum,
912 2029 1042 2110 contra
1061 2044 1119 2088 me
1143 2029 1213 2100 est;
1239 2028 1274 2089 et
1290 2027 1352 2106 qui
1374 2045 1447 2088 non
1471 2027 1604 2108 colligit
1623 2044 1774 2098 mecum,

446 2129 681 2213 dispergit»¹.
726 2132 898 2195 Eiusdem
925 2134 1019 2196 enim
1045 2152 1117 2196 non
1145 2136 1200 2195 est
1223 2132 1423 2196 affirmacio
1447 2136 1484 2197 et
1506 2134 1654 2214 negacio
1676 2152 1773 2195 vera.

446 2236 485 2299 Si
501 2239 600 2318 quod
614 2239 703 2302 dicit
716 2239 860 2313 veritas,
877 2240 1016 2303 falsitas
1033 2231 1048 2323 li
1065 2260 1137 2303 non
1159 2241 1278 2313 habet,
1303 2243 1366 2303 aut
1384 2243 1498 2321 negat,
1523 2259 1604 2302 cum
1623 2241 1777 2303 veritate

445 2364 517 2407 non
538 2349 669 2419 manet,
692 2350 756 2409 aut
778 2347 876 2409 ssiam
899 2351 1091 2428 oppugnat.
1124 2346 1324 2428 Utrumque
1347 2349 1462 2421 detur,
1487 2348 1641 2410 habetur
1662 2349 1775 2409 inten-

445 2456 530 2526 tum,
542 2453 611 2514 nisi
625 2454 739 2516 verba
752 2453 896 2534 prelata
906 2453 1081 2518 Veritatis
1096 2455 1211 2536 prime
1227 2457 1416 2536 negentur;
1442 2455 1538 2517 unde
1552 2457 1776 2517 reverteren-

445 2562 504 2622 tur
526 2560 564 2621 in
585 2560 691 2622 idem.
730 2560 857 2624 Eritne
870 2563 932 2640 qui
949 2563 1047 2624 dicat
1070 2561 1240 2634 ethnicos,
1265 2563 1327 2642 qui
1350 2562 1518 2626 dicuntur
1538 2561 1704 2633 morales,
1727 2561 1776 2622 ad

443 2665 611 2748 Xpistum
633 2667 826 2748 colligere?
862 2667 1002 2742 Ymmo,
1037 2669 1114 2731 sine
1137 2668 1223 2731 fallo
1233 2667 1254 2742 ²,
1286 2670 1504 2750 dispergunt,
1529 2669 1623 2731 sicut
1645 2668 1775 2730 flebilis

445 2775 672 2855 experiencia
695 2776 811 2848 docet,
847 2778 884 2838 et
905 2777 1018 2838 multa
1040 2776 1139 2838 dicta
1174 2779 1379 2838 sanctorum
1408 2779 1606 2839 amatorem
1639 2778 1676 2837 et
1702 2775 1776 2836 lau·

446 2883 609 2944 datorem
629 2881 923 2962 philosophorum
945 2883 1136 2963 gentilium,
1161 2883 1198 2945 in
1220 2883 1314 2947 libro
1337 2883 1384 2944 de
1400 2881 1605 2962 scripturis,
1630 2881 1700 2962 legi
1722 2881 1775 2943 di·

446 2991 601 3051 centem:
637 2988 828 3052 ‹Ethicam
851 2990 1073 3069 scripserunt
1094 2991 1256 3072 gencium
1278 2989 1491 3071 philosophi,
1516 2989 1553 3051 in
1576 3007 1650 3068 qua
1673 2989 1776 3068 qnasi

445 3097 606 3159 membra
622 3097 777 3177 quedam
787 3097 961 3160 virtutum
974 3097 1021 3160 de
1034 3115 1187 3178 corpore
1201 3097 1373 3161 bonitatis
1387 3099 1556 3160 truncata
1575 3097 1778 3176 pinxerunt,

445 3205 511 3266 sed
532 3205 695 3266 membra
716 3205 889 3267 virtutum
911 3206 993 3266 viva
1028 3222 1202 3268 essenon
1224 3207 1375 3285 possunt
1410 3203 1487 3265 sine
1510 3221 1663 3282 corpore
1687 3203 1777 3265 cari·

446 3312 530 3374 tatis
553 3310 630 3383 Dei,
655 3330 762 3391 quem
785 3312 837 3374 illi
859 3330 931 3374 non
952 3314 1126 3374 norunt».

400 3487 430 3553 3,
554 3479 667 3542 Simili
699 3481 807 3543 modo
842 3483 963 3561 potest
995 3479 1143 3543 deduci:
1179 3479 1321 3542 illius
1356 3479 1495 3542 ethice
1532 3479 1779 3560 scriptores

446 3587 1102 3668 philosophosnontuisse,
1144 3587 1508 3668 quoanoticia
1530 3586 1779 3648 veritatis

446 3694 536 3758 Dei
565 3697 774 3758 luerunt
803 3695 1040 3768 extranei,
1070 3697 1156 3756 aut
1184 3695 1455 3773 plurimum
1478 3693 1779 3756 erraverunt.

554 3883 628 3947 Sed
649 3883 855 3966 gradiamus
878 3882 950 3944 alio
972 3883 1063 3945 calle
1088 3900 1225 3944 securo.
1258 3881 1435 3944 Moralem
1449 3879 1710 3961 philosophum,
1735 3880 1774 3941 in

446 3991 514 4055 hac
537 4011 578 4056 re
601 3993 854 4071 colloquentes,
878 3989 1054 4063 dixerunt,
1086 4007 1238 4069 quorum
1260 3989 1335 4050 vita
1364 3988 1537 4050 doctrinis
1567 3987 1774 4059 concordat,

448 4101 484 4162 et
520 4101 635 4162 eciam
676 4091 830 4180 morti[s]
876 4097 1082 4160 necessario
1120 4097 1317 4158 discrimini
1359 4098 1476 4176 parat.
1536 4093 1641 4156 Unde
1680 4093 1780 4174 apud

446 4206 682 4280 Macrobium,
720 4206 778 4269 de
815 4204 1013 4285 Sompno
1052 4201 1303 4283 Scipionis,
1348 4202 1556 4283 Pictagoras
1602 4203 1638 4263 et
1676 4199 1781 4262 Plato

447 4315 614 4378 dixerunt
642 4313 915 4396 phylosophiam
950 4311 1226 4374 meditacionem
1249 4328 1328 4373 esse
1352 4309 1478 4372 mortis
1490 4307 1512 4382 ³,
1549 4307 1710 4388 quotidie
1734 4308 1784 4370 de

446 4564 660 4573 —————-

553 4767 574 4837 ¹)
592 4768 622 4822 S.
640 4770 725 4832 Luc..
743 4767 793 4831 ΧΙ,
813 4767 856 4820 23.

554 4856 574 4925 ²)
601 4859 684 4912 Pour
711 4856 918 4923 infallibiliter.
959 4855 1047 4909 Cette
1071 4855 1188 4909 licence
1212 4855 1253 4907 de
1271 4853 1455 4923 grammaire
1475 4852 1567 4905 attire
1585 4850 1604 4903 a
1622 4851 1768 4904 Dominio

463 4965 507 5004 un
523 4963 667 5003 nouveau
684 4948 758 5001 trait
774 4947 814 5000 de
834 4945 1021 5000 C.Sa1utati:
1043 4964 1056 4989 ε
1068 4944 1148 5019 Quid
1163 4945 1219 5006 est,
1238 4945 1378 5006 obsecro,
1393 4941 1476 5009 quod
1489 4940 1642 5009 religiosis
1664 4941 1783 4994 ‹omni-

445 5042 505 5094 bns
523 5040 571 5093 est
589 5039 623 5091 in
640 5053 695 5092 ore
713 5052 771 5104 pro
789 5035 990 5103 infallibiliter
1006 5034 1111 5087 dicere
1123 5037 1188 5086 sine
1202 5031 1302 5097 fallo?
1313 5051 1326 5078 »
1345 5031 1543 5098 Epistolarto,
1553 5029 1655 5082 1v-1P.
1669 5044 1699 5096 p.
1714 5029 1777 5083 220.

554 5125 577 5194 8)
595 5128 640 5182 ct.
659 5128 694 5181 A.
711 5127 869 5190 Mncxoss,
886 5127 923 5178 In
935 5124 1035 5179 Somn.
1049 5123 1139 5192 scip..
1152 5124 1174 5187 1,
1189 5131 1252 5175 xm.
1263 5149 1290 5158 -
1303 5120 1347 5174 Ct.
1363 5121 1447 5174 aussi
1458 5119 1530 5183 Cle,
1547 5117 1632 5172 Taso.
1645 5119 1668 5185 1,
1677 5115 1696 5186 5
1706 5129 1785 5182 xxx,

447 5223 490 5274 ud
507 5221 582 5274 calc.
605 5215 704 5272 «Tota
722 5217 804 5271 enim
821 5213 1074 5284 philosophorum
1092 5213 1165 5278 vita,
1183 5211 1399 5266 commentatio
1417 5210 1528 5262 mortis
1547 5210 1631 5263 est».
