<?xml version="1.0" encoding="UTF-8"?>
<!DOCTYPE html PUBLIC "-//W3C//DTD XHTML 1.0 Transitional//EN"
    "http://www.w3.org/TR/xhtml1/DTD/xhtml1-transitional.dtd">
<html xmlns="http://www.w3.org/1999/xhtml" xml:lang="en" lang="en">
 <head>
  <title>
</title>
<meta http-equiv="Content-Type" content="text/html;charset=utf-8" />
  <meta name='ocr-system' content='tesseract 3.04.00' />
  <meta name='ocr-capabilities' content='ocr_page ocr_carea ocr_par ocr_line ocrx_word'/>
</head>
<body>
  <div class='ocr_page' id='page_1' title='image "./luculanoctis00domigoog_0301.png"; bbox 0 0 4300 6117; ppageno 0'>
   <div class='ocr_carea' id='block_1_1' title="bbox 809 1002 1198 1057">
    <p class='ocr_par' dir='ltr' id='par_1_1' title="bbox 809 1002 1198 1057">
     <span class='ocr_line' id='line_1_1' title="bbox 809 1002 1198 1057; baseline -0.005 0"><span class='ocrx_word' id='word_1_1' title='bbox 809 1004 995 1057; x_wconf 82' lang='lat' dir='ltr'>IOHANNIS</span> <span class='ocrx_word' id='word_1_2' title='bbox 1018 1002 1198 1055; x_wconf 81' lang='lat' dir='ltr'>DOMINICI</span> 
     </span>
    </p>
   </div>
   <div class='ocr_carea' id='block_1_2' title="bbox 701 1840 1216 1947">
    <p class='ocr_par' dir='ltr' id='par_1_2' title="bbox 701 1840 1216 1947">
     <span class='ocr_line' id='line_1_2' title="bbox 701 1840 1216 1947; baseline 0.021 -11"><span class='ocrx_word' id='word_1_3' title='bbox 701 1930 705 1936; x_wconf 84' lang='lat'>.</span> <span class='ocrx_word' id='word_1_4' title='bbox 809 1840 1021 1947; x_wconf 81' lang='lat' dir='ltr'><strong>[CAPUT</strong></span> <span class='ocrx_word' id='word_1_5' title='bbox 1052 1840 1216 1947; x_wconf 90' lang='lat' dir='ltr'><strong>XXl.l</strong></span> 
     </span>
    </p>
   </div>
   <div class='ocr_carea' id='block_1_3' title="bbox 339 2204 1718 4751">
    <p class='ocr_par' dir='ltr' id='par_1_3' title="bbox 339 2204 1718 4751">
     <span class='ocr_line' id='line_1_3' title="bbox 447 2204 1718 2292; baseline 0.001 -20"><span class='ocrx_word' id='word_1_6' title='bbox 447 2204 579 2292; x_wconf 87' lang='lat' dir='ltr'><strong>[E]que</strong></span> <span class='ocrx_word' id='word_1_7' title='bbox 600 2212 747 2274; x_wconf 89' lang='lat' dir='ltr'><strong>vitande</strong></span> <span class='ocrx_word' id='word_1_8' title='bbox 771 2215 855 2273; x_wconf 89' lang='lat' dir='ltr'><strong>sunt</strong></span> <span class='ocrx_word' id='word_1_9' title='bbox 878 2213 975 2274; x_wconf 90' lang='lat' dir='ltr'><strong>scole</strong></span> <span class='ocrx_word' id='word_1_10' title='bbox 990 2212 1173 2292; x_wconf 80' lang='lat' dir='ltr'><strong>gentilium</strong></span> <span class='ocrx_word' id='word_1_11' title='bbox 1188 2214 1337 2291; x_wconf 93' lang='lat' dir='ltr'><strong>propter</strong></span> <span class='ocrx_word' id='word_1_12' title='bbox 1352 2212 1671 2292; x_wconf 83' lang='lat' dir='ltr'><strong>presumpcionem,</strong></span> <span class='ocrx_word' id='word_1_13' title='bbox 1688 2222 1718 2288; x_wconf 69' lang='lat'><strong>1,</strong></span> 
     </span>
     <span class='ocr_line' id='line_1_4' title="bbox 339 2319 1671 2399; baseline 0.001 -19"><span class='ocrx_word' id='word_1_14' title='bbox 339 2337 412 2398; x_wconf 92' lang='lat' dir='ltr'><strong>qua</strong></span> <span class='ocrx_word' id='word_1_15' title='bbox 428 2320 613 2398; x_wconf 89' lang='lat' dir='ltr'><strong>inopinata</strong></span> <span class='ocrx_word' id='word_1_16' title='bbox 629 2322 801 2399; x_wconf 89' lang='lat' dir='ltr'><strong>tanquam</strong></span> <span class='ocrx_word' id='word_1_17' title='bbox 817 2320 955 2381; x_wconf 89' lang='lat' dir='ltr'><strong>incerta</strong></span> <span class='ocrx_word' id='word_1_18' title='bbox 970 2321 1218 2399; x_wconf 88' lang='lat' dir='ltr'><strong>prorumpunt,</strong></span> <span class='ocrx_word' id='word_1_19' title='bbox 1243 2319 1337 2380; x_wconf 88' lang='lat' dir='ltr'><strong>sicut</strong></span> <span class='ocrx_word' id='word_1_20' title='bbox 1350 2321 1500 2398; x_wconf 92' lang='lat' dir='ltr'><strong>propter</strong></span> <span class='ocrx_word' id='word_1_21' title='bbox 1517 2319 1671 2391; x_wconf 88' lang='lat' dir='ltr'><strong>modum,</strong></span> 
     </span>
     <span class='ocr_line' id='line_1_5' title="bbox 340 2426 1674 2507; baseline 0.001 -20"><span class='ocrx_word' id='word_1_22' title='bbox 340 2427 537 2488; x_wconf 88' lang='lat' dir='ltr'><strong>secundum</strong></span> <span class='ocrx_word' id='word_1_23' title='bbox 560 2444 667 2505; x_wconf 94' lang='lat' dir='ltr'><strong>quem</strong></span> <span class='ocrx_word' id='word_1_24' title='bbox 691 2427 909 2507; x_wconf 89' lang='lat' dir='ltr'><strong>disputando</strong></span> <span class='ocrx_word' id='word_1_25' title='bbox 933 2426 1156 2505; x_wconf 85' lang='lat' dir='ltr'><strong>procedunt;</strong></span> <span class='ocrx_word' id='word_1_26' title='bbox 1181 2445 1273 2497; x_wconf 89' lang='lat' dir='ltr'><strong>nam,</strong></span> <span class='ocrx_word' id='word_1_27' title='bbox 1300 2427 1444 2487; x_wconf 87' lang='lat' dir='ltr'><strong>racione</strong></span> <span class='ocrx_word' id='word_1_28' title='bbox 1469 2445 1549 2488; x_wconf 90' lang='lat' dir='ltr'><strong>cum</strong></span> <span class='ocrx_word' id='word_1_29' title='bbox 1573 2446 1674 2489; x_wconf 92' lang='lat' dir='ltr'><strong>sanc·</strong></span> 
     </span>
     <span class='ocr_line' id='line_1_6' title="bbox 340 2533 1674 2613; baseline 0.001 -19"><span class='ocrx_word' id='word_1_30' title='bbox 340 2536 458 2595; x_wconf 91' lang='lat' dir='ltr'><strong>torum</strong></span> <span class='ocrx_word' id='word_1_31' title='bbox 482 2534 686 2595; x_wconf 88' lang='lat' dir='ltr'><strong>assercione</strong></span> <span class='ocrx_word' id='word_1_32' title='bbox 707 2534 869 2605; x_wconf 87' lang='lat' dir='ltr'><strong>docente,</strong></span> <span class='ocrx_word' id='word_1_33' title='bbox 907 2534 1041 2595; x_wconf 89' lang='lat' dir='ltr'><strong>nullum</strong></span> <span class='ocrx_word' id='word_1_34' title='bbox 1073 2552 1136 2595; x_wconf 93' lang='lat' dir='ltr'><strong>ens</strong></span> <span class='ocrx_word' id='word_1_35' title='bbox 1165 2552 1231 2595; x_wconf 86' lang='lat' dir='ltr'><strong>sua</strong></span> <span class='ocrx_word' id='word_1_36' title='bbox 1253 2533 1386 2594; x_wconf 88' lang='lat' dir='ltr'><strong>virtute</strong></span> <span class='ocrx_word' id='word_1_37' title='bbox 1409 2552 1519 2613; x_wconf 88' lang='lat' dir='ltr'><strong>supra</strong></span> <span class='ocrx_word' id='word_1_38' title='bbox 1542 2553 1582 2596; x_wconf 93' lang='lat' dir='ltr'><strong>se</strong></span> <span class='ocrx_word' id='word_1_39' title='bbox 1606 2535 1674 2596; x_wconf 92' lang='lat' dir='ltr'><strong>ele·</strong></span> 
     </span>
     <span class='ocr_line' id='line_1_7' title="bbox 340 2639 1675 2720; baseline 0.001 -19"><span class='ocrx_word' id='word_1_40' title='bbox 340 2643 455 2711; x_wconf 89' lang='lat' dir='ltr'><strong>vatur,</strong></span> <span class='ocrx_word' id='word_1_41' title='bbox 490 2640 555 2702; x_wconf 90' lang='lat' dir='ltr'><strong>sed</strong></span> <span class='ocrx_word' id='word_1_42' title='bbox 591 2659 680 2720; x_wconf 91' lang='lat' dir='ltr'><strong>opus</strong></span> <span class='ocrx_word' id='word_1_43' title='bbox 716 2644 770 2703; x_wconf 89' lang='lat' dir='ltr'><strong>est</strong></span> <span class='ocrx_word' id='word_1_44' title='bbox 792 2641 923 2703; x_wconf 85' lang='lat' dir='ltr'><strong>auxilio</strong></span> <span class='ocrx_word' id='word_1_45' title='bbox 958 2640 1153 2720; x_wconf 91' lang='lat' dir='ltr'><strong>superioris</strong></span> <span class='ocrx_word' id='word_1_46' title='bbox 1181 2641 1328 2720; x_wconf 82' lang='lat' dir='ltr'><strong>agentis.</strong></span> <span class='ocrx_word' id='word_1_47' title='bbox 1367 2639 1556 2719; x_wconf 88' lang='lat' dir='ltr'><strong>Nunquam</strong></span> <span class='ocrx_word' id='word_1_48' title='bbox 1579 2659 1675 2720; x_wconf 89' lang='lat' dir='ltr'><strong>aqua</strong></span> 
     </span>
     <span class='ocr_line' id='line_1_8' title="bbox 340 2746 1674 2827; baseline 0.001 -20"><span class='ocrx_word' id='word_1_49' title='bbox 340 2746 465 2817; x_wconf 81' lang='lat' dir='ltr'><strong>fervet,</strong></span> <span class='ocrx_word' id='word_1_50' title='bbox 491 2766 608 2827; x_wconf 91' lang='lat' dir='ltr'><strong>neque</strong></span> <span class='ocrx_word' id='word_1_51' title='bbox 630 2748 722 2827; x_wconf 91' lang='lat' dir='ltr'><strong>lapis</strong></span> <span class='ocrx_word' id='word_1_52' title='bbox 747 2748 919 2819; x_wconf 87' lang='lat' dir='ltr'><strong>ascendit,</strong></span> <span class='ocrx_word' id='word_1_53' title='bbox 945 2750 1008 2809; x_wconf 89' lang='lat' dir='ltr'><strong>aut</strong></span> <span class='ocrx_word' id='word_1_54' title='bbox 1030 2748 1150 2808; x_wconf 89' lang='lat' dir='ltr'><strong>anima</strong></span> <span class='ocrx_word' id='word_1_55' title='bbox 1175 2748 1270 2809; x_wconf 89' lang='lat' dir='ltr'><strong>redit</strong></span> <span class='ocrx_word' id='word_1_56' title='bbox 1292 2747 1340 2809; x_wconf 90' lang='lat' dir='ltr'><strong>ad</strong></span> <span class='ocrx_word' id='word_1_57' title='bbox 1357 2766 1487 2827; x_wconf 88' lang='lat' dir='ltr'><strong>corpus</strong></span> <span class='ocrx_word' id='word_1_58' title='bbox 1504 2748 1674 2820; x_wconf 85' lang='lat' dir='ltr'><strong>exanime,</strong></span> 
     </span>
     <span class='ocr_line' id='line_1_9' title="bbox 343 2852 1675 2935; baseline 0.001 -20"><span class='ocrx_word' id='word_1_59' title='bbox 343 2855 411 2915; x_wconf 89' lang='lat' dir='ltr'><strong>nisi</strong></span> <span class='ocrx_word' id='word_1_60' title='bbox 435 2855 482 2915; x_wconf 91' lang='lat' dir='ltr'><strong>ab</strong></span> <span class='ocrx_word' id='word_1_61' title='bbox 507 2858 608 2915; x_wconf 86' lang='lat' dir='ltr'><strong>extra</strong></span> <span class='ocrx_word' id='word_1_62' title='bbox 631 2854 758 2934; x_wconf 91' lang='lat' dir='ltr'><strong>potens</strong></span> <span class='ocrx_word' id='word_1_63' title='bbox 781 2867 888 2935; x_wconf 78' lang='lat' dir='ltr'><strong>agens</strong></span> <span class='ocrx_word' id='word_1_64' title='bbox 905 2857 989 2935; x_wconf 78' lang='lat' dir='ltr'><strong>agat</strong></span> <span class='ocrx_word' id='word_1_65' title='bbox 1012 2856 1048 2915; x_wconf 89' lang='lat' dir='ltr'><strong>in</strong></span> <span class='ocrx_word' id='word_1_66' title='bbox 1063 2872 1219 2934; x_wconf 90' lang='lat' dir='ltr'><strong>passum.</strong></span> <span class='ocrx_word' id='word_1_67' title='bbox 1244 2852 1345 2915; x_wconf 89' lang='lat' dir='ltr'><strong>Scire</strong></span> <span class='ocrx_word' id='word_1_68' title='bbox 1361 2857 1480 2916; x_wconf 89' lang='lat' dir='ltr'><strong>autem</strong></span> <span class='ocrx_word' id='word_1_69' title='bbox 1499 2854 1675 2916; x_wconf 85' lang='lat' dir='ltr'><strong>inlinitum</strong></span> 
     </span>
     <span class='ocr_line' id='line_1_10' title="bbox 342 2960 1675 3047; baseline 0 -25"><span class='ocrx_word' id='word_1_70' title='bbox 342 2980 364 3022; x_wconf 99' lang='lat' dir='ltr'><strong>a</strong></span> <span class='ocrx_word' id='word_1_71' title='bbox 387 2960 492 3023; x_wconf 83' lang='lat' dir='ltr'><strong>linita</strong></span> <span class='ocrx_word' id='word_1_72' title='bbox 513 2962 690 3047; x_wconf 81' lang='lat' dir='ltr'><strong>potencia,</strong></span> <span class='ocrx_word' id='word_1_73' title='bbox 716 2961 813 3040; x_wconf 90' lang='lat' dir='ltr'><strong>quod</strong></span> <span class='ocrx_word' id='word_1_74' title='bbox 837 2964 892 3023; x_wconf 91' lang='lat' dir='ltr'><strong>est</strong></span> <span class='ocrx_word' id='word_1_75' title='bbox 914 2963 961 3023; x_wconf 96' lang='lat' dir='ltr'><strong>ab</strong></span> <span class='ocrx_word' id='word_1_76' title='bbox 985 2962 1168 3023; x_wconf 87' lang='lat' dir='ltr'><strong>intellectu</strong></span> <span class='ocrx_word' id='word_1_77' title='bbox 1193 2964 1315 3023; x_wconf 92' lang='lat' dir='ltr'><strong>creato</strong></span> <span class='ocrx_word' id='word_1_78' title='bbox 1328 2960 1443 3023; x_wconf 93' lang='lat' dir='ltr'><strong>Deum</strong></span> <span class='ocrx_word' id='word_1_79' title='bbox 1468 2961 1675 3042; x_wconf 89' lang='lat' dir='ltr'><strong>comprendi</strong></span> 
     </span>
     <span class='ocr_line' id='line_1_11' title="bbox 342 3068 1676 3149; baseline 0.001 -20"><span class='ocrx_word' id='word_1_80' title='bbox 342 3069 490 3148; x_wconf 92' lang='lat' dir='ltr'><strong>propria</strong></span> <span class='ocrx_word' id='word_1_81' title='bbox 514 3069 800 3149; x_wconf 78' lang='lat' dir='ltr'><strong>investigacione,</strong></span> <span class='ocrx_word' id='word_1_82' title='bbox 826 3071 881 3130; x_wconf 90' lang='lat' dir='ltr'><strong>est</strong></span> <span class='ocrx_word' id='word_1_83' title='bbox 903 3068 992 3130; x_wconf 90' lang='lat' dir='ltr'><strong>illud</strong></span> <span class='ocrx_word' id='word_1_84' title='bbox 1016 3069 1219 3130; x_wconf 84' lang='lat' dir='ltr'><strong>fabulosum</strong></span> <span class='ocrx_word' id='word_1_85' title='bbox 1234 3071 1448 3148; x_wconf 81' lang='lat' dir='ltr'><strong>portentum,</strong></span> <span class='ocrx_word' id='word_1_86' title='bbox 1474 3087 1544 3148; x_wconf 94' lang='lat' dir='ltr'><strong>quo</strong></span> <span class='ocrx_word' id='word_1_87' title='bbox 1562 3068 1676 3130; x_wconf 86' lang='lat' dir='ltr'><strong>fertur</strong></span> 
     </span>
     <span class='ocr_line' id='line_1_12' title="bbox 342 3173 1676 3255; baseline 0.001 -20"><span class='ocrx_word' id='word_1_88' title='bbox 342 3173 516 3255; x_wconf 80' lang='lat' dir='ltr'><strong>Gigantes</strong></span> <span class='ocrx_word' id='word_1_89' title='bbox 540 3176 706 3246; x_wconf 89' lang='lat' dir='ltr'><strong>voluisse,</strong></span> <span class='ocrx_word' id='word_1_90' title='bbox 737 3176 915 3237; x_wconf 91' lang='lat' dir='ltr'><strong>montibus</strong></span> <span class='ocrx_word' id='word_1_91' title='bbox 939 3176 1051 3237; x_wconf 89' lang='lat' dir='ltr'><strong>monti</strong></span> <span class='ocrx_word' id='word_1_92' title='bbox 1075 3176 1268 3255; x_wconf 86' lang='lat' dir='ltr'><strong>suspensis,</strong></span> <span class='ocrx_word' id='word_1_93' title='bbox 1295 3195 1423 3255; x_wconf 90' lang='lat' dir='ltr'><strong>rapere</strong></span> <span class='ocrx_word' id='word_1_94' title='bbox 1447 3176 1553 3247; x_wconf 93' lang='lat' dir='ltr'><strong>celos,</strong></span> <span class='ocrx_word' id='word_1_95' title='bbox 1592 3176 1676 3237; x_wconf 91' lang='lat' dir='ltr'><strong>inde</strong></span> 
     </span>
     <span class='ocr_line' id='line_1_13' title="bbox 342 3281 1676 3367; baseline 0 -24"><span class='ocrx_word' id='word_1_96' title='bbox 342 3299 481 3343; x_wconf 90' lang='lat' dir='ltr'><strong>summo</strong></span> <span class='ocrx_word' id='word_1_97' title='bbox 505 3282 589 3344; x_wconf 90' lang='lat' dir='ltr'><strong>love</strong></span> <span class='ocrx_word' id='word_1_98' title='bbox 613 3283 766 3362; x_wconf 91' lang='lat' dir='ltr'><strong>repulso.</strong></span> <span class='ocrx_word' id='word_1_99' title='bbox 792 3281 898 3367; x_wconf 81' lang='lat' dir='ltr'><strong>Quod</strong></span> <span class='ocrx_word' id='word_1_100' title='bbox 921 3301 992 3344; x_wconf 89' lang='lat' dir='ltr'><strong>non</strong></span> <span class='ocrx_word' id='word_1_101' title='bbox 1011 3282 1230 3362; x_wconf 88' lang='lat' dir='ltr'><strong>parabolice,</strong></span> <span class='ocrx_word' id='word_1_102' title='bbox 1255 3282 1320 3344; x_wconf 91' lang='lat' dir='ltr'><strong>sed</strong></span> <span class='ocrx_word' id='word_1_103' title='bbox 1341 3284 1407 3344; x_wconf 88' lang='lat' dir='ltr'><strong>sub</strong></span> <span class='ocrx_word' id='word_1_104' title='bbox 1424 3282 1574 3344; x_wconf 90' lang='lat' dir='ltr'><strong>historia</strong></span> <span class='ocrx_word' id='word_1_105' title='bbox 1589 3301 1676 3343; x_wconf 90' lang='lat' dir='ltr'><strong>vera</strong></span> 
     </span>
     <span class='ocr_line' id='line_1_14' title="bbox 343 3388 1676 3468; baseline 0.002 -20"><span class='ocrx_word' id='word_1_106' title='bbox 343 3390 477 3451; x_wconf 84' lang='lat' dir='ltr'><strong>factum</strong></span> <span class='ocrx_word' id='word_1_107' title='bbox 501 3408 605 3451; x_wconf 89' lang='lat' dir='ltr'><strong>sacre</strong></span> <span class='ocrx_word' id='word_1_108' title='bbox 627 3388 763 3451; x_wconf 87' lang='lat' dir='ltr'><strong>Littere</strong></span> <span class='ocrx_word' id='word_1_109' title='bbox 786 3392 920 3460; x_wconf 86' lang='lat' dir='ltr'><strong>notant,</strong></span> <span class='ocrx_word' id='word_1_110' title='bbox 950 3409 1030 3451; x_wconf 93' lang='lat' dir='ltr'><strong>cum</strong></span> <span class='ocrx_word' id='word_1_111' title='bbox 1055 3390 1235 3468; x_wconf 88' lang='lat' dir='ltr'><strong>quendam</strong></span> <span class='ocrx_word' id='word_1_112' title='bbox 1259 3391 1445 3451; x_wconf 89' lang='lat' dir='ltr'><strong>robustum</strong></span> <span class='ocrx_word' id='word_1_113' title='bbox 1468 3392 1676 3451; x_wconf 89' lang='lat' dir='ltr'><strong>venatorem</strong></span> 
     </span>
     <span class='ocr_line' id='line_1_15' title="bbox 344 3495 1676 3576; baseline 0 -19"><span class='ocrx_word' id='word_1_114' title='bbox 344 3515 465 3558; x_wconf 91' lang='lat' dir='ltr'><strong>coram</strong></span> <span class='ocrx_word' id='word_1_115' title='bbox 488 3495 650 3567; x_wconf 91' lang='lat' dir='ltr'><strong>Domino,</strong></span> <span class='ocrx_word' id='word_1_116' title='bbox 676 3497 747 3575; x_wconf 89' lang='lat' dir='ltr'><strong>qui,</strong></span> <span class='ocrx_word' id='word_1_117' title='bbox 772 3516 843 3558; x_wconf 88' lang='lat' dir='ltr'><strong>non</strong></span> <span class='ocrx_word' id='word_1_118' title='bbox 866 3497 951 3559; x_wconf 82' lang='lat' dir='ltr'><strong>feris</strong></span> <span class='ocrx_word' id='word_1_119' title='bbox 975 3497 1041 3558; x_wconf 88' lang='lat' dir='ltr'><strong>sed</strong></span> <span class='ocrx_word' id='word_1_120' title='bbox 1063 3495 1141 3558; x_wconf 95' lang='lat' dir='ltr'><strong>Deo</strong></span> <span class='ocrx_word' id='word_1_121' title='bbox 1165 3497 1324 3567; x_wconf 82' lang='lat' dir='ltr'><strong>infestus,</strong></span> <span class='ocrx_word' id='word_1_122' title='bbox 1349 3515 1415 3557; x_wconf 92' lang='lat' dir='ltr'><strong>sua</strong></span> <span class='ocrx_word' id='word_1_123' title='bbox 1442 3498 1676 3576; x_wconf 79' lang='lat' dir='ltr'><strong>inquisitione</strong></span> 
     </span>
     <span class='ocr_line' id='line_1_16' title="bbox 343 3604 1674 3684; baseline 0.001 -21"><span class='ocrx_word' id='word_1_124' title='bbox 343 3605 497 3683; x_wconf 89' lang='lat' dir='ltr'><strong>superbe</strong></span> <span class='ocrx_word' id='word_1_125' title='bbox 532 3604 628 3683; x_wconf 91' lang='lat' dir='ltr'><strong>cepit</strong></span> <span class='ocrx_word' id='word_1_126' title='bbox 651 3605 778 3664; x_wconf 89' lang='lat' dir='ltr'><strong>turrim</strong></span> <span class='ocrx_word' id='word_1_127' title='bbox 812 3604 956 3683; x_wconf 79' lang='lat' dir='ltr'><strong>erigere,</strong></span> <span class='ocrx_word' id='word_1_128' title='bbox 986 3604 1087 3665; x_wconf 88' lang='lat' dir='ltr'><strong>cuius</strong></span> <span class='ocrx_word' id='word_1_129' title='bbox 1112 3622 1282 3665; x_wconf 89' lang='lat' dir='ltr'><strong>cacumen</strong></span> <span class='ocrx_word' id='word_1_130' title='bbox 1309 3604 1528 3684; x_wconf 78' lang='lat' dir='ltr'><strong>pertingeret</strong></span> <span class='ocrx_word' id='word_1_131' title='bbox 1552 3604 1674 3675; x_wconf 91' lang='lat' dir='ltr'><strong>celum,</strong></span> 
     </span>
     <span class='ocr_line' id='line_1_17' title="bbox 344 3709 1677 3790; baseline 0.001 -20"><span class='ocrx_word' id='word_1_132' title='bbox 344 3713 379 3771; x_wconf 87' lang='lat' dir='ltr'><strong>et</strong></span> <span class='ocrx_word' id='word_1_133' title='bbox 400 3728 529 3771; x_wconf 91' lang='lat' dir='ltr'><strong>nomen</strong></span> <span class='ocrx_word' id='word_1_134' title='bbox 552 3711 628 3771; x_wconf 91' lang='lat' dir='ltr'><strong>eius</strong></span> <span class='ocrx_word' id='word_1_135' title='bbox 653 3711 794 3772; x_wconf 91' lang='lat' dir='ltr'><strong>celebre</strong></span> <span class='ocrx_word' id='word_1_136' title='bbox 818 3710 1014 3772; x_wconf 87' lang='lat' dir='ltr'><strong>haberetur</strong></span> <span class='ocrx_word' id='word_1_137' title='bbox 1036 3712 1073 3771; x_wconf 89' lang='lat' dir='ltr'><strong>in</strong></span> <span class='ocrx_word' id='word_1_138' title='bbox 1097 3709 1223 3772; x_wconf 88' lang='lat' dir='ltr'><strong>orbe¹l</strong></span> <span class='ocrx_word' id='word_1_139' title='bbox 1248 3710 1338 3773; x_wconf 88' lang='lat' dir='ltr'><strong>Erat</strong></span> <span class='ocrx_word' id='word_1_140' title='bbox 1355 3712 1448 3772; x_wconf 91' lang='lat' dir='ltr'><strong>enim</strong></span> <span class='ocrx_word' id='word_1_141' title='bbox 1463 3712 1562 3790; x_wconf 90' lang='lat' dir='ltr'><strong>prius</strong></span> <span class='ocrx_word' id='word_1_142' title='bbox 1579 3713 1677 3771; x_wconf 91' lang='lat' dir='ltr'><strong>terra</strong></span> 
     </span>
     <span class='ocr_line' id='line_1_18' title="bbox 343 3818 1677 3897; baseline 0.001 -20"><span class='ocrx_word' id='word_1_143' title='bbox 343 3818 428 3878; x_wconf 89' lang='lat' dir='ltr'><strong>labii</strong></span> <span class='ocrx_word' id='word_1_144' title='bbox 452 3818 555 3878; x_wconf 90' lang='lat' dir='ltr'><strong>unius</strong></span> <span class='ocrx_word' id='word_1_145' title='bbox 580 3818 858 3896; x_wconf 89' lang='lat' dir='ltr'><strong>eorumdemque</strong></span> <span class='ocrx_word' id='word_1_146' title='bbox 881 3836 1094 3889; x_wconf 90' lang='lat' dir='ltr'><strong>sermonum,</strong></span> <span class='ocrx_word' id='word_1_147' title='bbox 1119 3818 1204 3897; x_wconf 89' lang='lat' dir='ltr'><strong>quia</strong></span> <span class='ocrx_word' id='word_1_148' title='bbox 1228 3836 1298 3879; x_wconf 91' lang='lat' dir='ltr'><strong>non</strong></span> <span class='ocrx_word' id='word_1_149' title='bbox 1322 3820 1401 3879; x_wconf 90' lang='lat' dir='ltr'><strong>erat</strong></span> <span class='ocrx_word' id='word_1_150' title='bbox 1423 3818 1506 3879; x_wconf 79' lang='lat' dir='ltr'><strong>nisi²</strong></span> <span class='ocrx_word' id='word_1_151' title='bbox 1528 3836 1599 3878; x_wconf 94' lang='lat' dir='ltr'><strong>una</strong></span> <span class='ocrx_word' id='word_1_152' title='bbox 1623 3835 1677 3878; x_wconf 94' lang='lat' dir='ltr'><strong>re·</strong></span> 
     </span>
     <span class='ocr_line' id='line_1_19' title="bbox 342 3922 1675 4004; baseline 0.002 -21"><span class='ocrx_word' id='word_1_153' title='bbox 342 3923 424 4003; x_wconf 82' lang='lat' dir='ltr'><strong>ligio</strong></span> <span class='ocrx_word' id='word_1_154' title='bbox 448 3926 484 3985; x_wconf 91' lang='lat' dir='ltr'><strong>et</strong></span> <span class='ocrx_word' id='word_1_155' title='bbox 506 3924 612 3985; x_wconf 93' lang='lat' dir='ltr'><strong>unica</strong></span> <span class='ocrx_word' id='word_1_156' title='bbox 637 3923 739 3994; x_wconf 87' lang='lat' dir='ltr'><strong>fides,</strong></span> <span class='ocrx_word' id='word_1_157' title='bbox 763 3926 811 3986; x_wconf 91' lang='lat' dir='ltr'><strong>ab</strong></span> <span class='ocrx_word' id='word_1_158' title='bbox 835 3942 905 3985; x_wconf 89' lang='lat' dir='ltr'><strong>uno</strong></span> <span class='ocrx_word' id='word_1_159' title='bbox 921 3922 998 3985; x_wconf 91' lang='lat' dir='ltr'><strong>Deo</strong></span> <span class='ocrx_word' id='word_1_160' title='bbox 1022 3944 1089 4004; x_wconf 89' lang='lat' dir='ltr'><strong>per</strong></span> <span class='ocrx_word' id='word_1_161' title='bbox 1112 3944 1220 3985; x_wconf 86' lang='lat' dir='ltr'><strong>unum</strong></span> <span class='ocrx_word' id='word_1_162' title='bbox 1242 3928 1382 4004; x_wconf 87' lang='lat' dir='ltr'><strong>patrem</strong></span> <span class='ocrx_word' id='word_1_163' title='bbox 1404 3923 1481 3985; x_wconf 93' lang='lat' dir='ltr'><strong>Noe</strong></span> <span class='ocrx_word' id='word_1_164' title='bbox 1514 3925 1675 3985; x_wconf 89' lang='lat' dir='ltr'><strong>omnibus</strong></span> 
     </span>
     <span class='ocr_line' id='line_1_20' title="bbox 343 4030 1676 4111; baseline 0.002 -21"><span class='ocrx_word' id='word_1_165' title='bbox 343 4031 540 4109; x_wconf 89' lang='lat' dir='ltr'><strong>predicata.</strong></span> <span class='ocrx_word' id='word_1_166' title='bbox 564 4030 621 4102; x_wconf 83' lang='lat' dir='ltr'><strong>At,</strong></span> <span class='ocrx_word' id='word_1_167' title='bbox 638 4032 699 4092; x_wconf 91' lang='lat' dir='ltr'><strong>ubi</strong></span> <span class='ocrx_word' id='word_1_168' title='bbox 723 4031 783 4092; x_wconf 91' lang='lat' dir='ltr'><strong>ille</strong></span> <span class='ocrx_word' id='word_1_169' title='bbox 807 4030 962 4092; x_wconf 84' lang='lat' dir='ltr'><strong>tumidus</strong></span> <span class='ocrx_word' id='word_1_170' title='bbox 985 4032 1081 4111; x_wconf 91' lang='lat' dir='ltr'><strong>cepit</strong></span> <span class='ocrx_word' id='word_1_171' title='bbox 1095 4031 1187 4092; x_wconf 91' lang='lat' dir='ltr'><strong>velle</strong></span> <span class='ocrx_word' id='word_1_172' title='bbox 1206 4032 1405 4093; x_wconf 89' lang='lat' dir='ltr'><strong>naturalem</strong></span> <span class='ocrx_word' id='word_1_173' title='bbox 1422 4032 1612 4092; x_wconf 90' lang='lat' dir='ltr'><strong>scienciam</strong></span> <span class='ocrx_word' id='word_1_174' title='bbox 1628 4031 1676 4092; x_wconf 87' lang='lat' dir='ltr'><strong>ad</strong></span> 
     </span>
     <span class='ocr_line' id='line_1_21' title="bbox 343 4128 1677 4221; baseline 0.001 -24"><span class='ocrx_word' id='word_1_175' title='bbox 343 4137 666 4217; x_wconf 88' lang='lat' dir='ltr'><strong>metaphisicam</strong></span> <span class='ocrx_word' id='word_1_176' title='bbox 702 4140 958 4216; x_wconf 90' lang='lat' dir='ltr'><strong>transportare,</strong></span> <span class='ocrx_word' id='word_1_177' title='bbox 993 4157 1064 4200; x_wconf 92' lang='lat' dir='ltr'><strong>non</strong></span> <span class='ocrx_word' id='word_1_178' title='bbox 1094 4136 1247 4199; x_wconf 90' lang='lat' dir='ltr'><strong>Vulcani</strong></span> <span class='ocrx_word' id='word_1_179' title='bbox 1278 4128 1442 4221; x_wconf 67' lang='lat' dir='ltr'><strong>lulssmine</strong></span> <span class='ocrx_word' id='word_1_180' title='bbox 1477 4139 1577 4209; x_wconf 89' lang='lat' dir='ltr'><strong>ictus,</strong></span> <span class='ocrx_word' id='word_1_181' title='bbox 1612 4138 1677 4199; x_wconf 92' lang='lat' dir='ltr'><strong>sed</strong></span> 
     </span>
     <span class='ocr_line' id='line_1_22' title="bbox 344 4242 1676 4325; baseline 0.002 -22"><span class='ocrx_word' id='word_1_182' title='bbox 344 4244 462 4324; x_wconf 82' lang='lat' dir='ltr'><strong>lingue</strong></span> <span class='ocrx_word' id='word_1_183' title='bbox 487 4242 703 4315; x_wconf 82' lang='lat' dir='ltr'><strong>confusione,</strong></span> <span class='ocrx_word' id='word_1_184' title='bbox 740 4263 763 4305; x_wconf 92' lang='lat' dir='ltr'><strong>a</strong></span> <span class='ocrx_word' id='word_1_185' title='bbox 785 4243 862 4307; x_wconf 93' lang='lat' dir='ltr'><strong>Deo</strong></span> <span class='ocrx_word' id='word_1_186' title='bbox 892 4245 959 4306; x_wconf 83' lang='lat' dir='ltr'><strong>fuit</strong></span> <span class='ocrx_word' id='word_1_187' title='bbox 981 4264 1184 4325; x_wconf 87' lang='lat' dir='ltr'><strong>percussus,</strong></span> <span class='ocrx_word' id='word_1_188' title='bbox 1221 4246 1335 4307; x_wconf 92' lang='lat' dir='ltr'><strong>donec</strong></span> <span class='ocrx_word' id='word_1_189' title='bbox 1359 4246 1498 4306; x_wconf 84' lang='lat' dir='ltr'><strong>veniret</strong></span> <span class='ocrx_word' id='word_1_190' title='bbox 1522 4243 1676 4324; x_wconf 87' lang='lat' dir='ltr'><strong>Spiritus</strong></span> 
     </span>
     <span class='ocr_line' id='line_1_23' title="bbox 345 4348 1678 4431; baseline 0.001 -20"><span class='ocrx_word' id='word_1_191' title='bbox 345 4348 506 4421; x_wconf 87' lang='lat' dir='ltr'><strong>Sanctus,</strong></span> <span class='ocrx_word' id='word_1_192' title='bbox 546 4351 859 4430; x_wconf 78' lang='lat' dir='ltr'><strong>sensibili‘specie,</strong></span> <span class='ocrx_word' id='word_1_193' title='bbox 899 4352 1036 4431; x_wconf 82' lang='lat' dir='ltr'><strong>linguas</strong></span> <span class='ocrx_word' id='word_1_194' title='bbox 1074 4350 1240 4414; x_wconf 82' lang='lat' dir='ltr'><strong>confusas</strong></span> <span class='ocrx_word' id='word_1_195' title='bbox 1280 4353 1315 4413; x_wconf 91' lang='lat' dir='ltr'><strong>in</strong></span> <span class='ocrx_word' id='word_1_196' title='bbox 1337 4370 1443 4413; x_wconf 88' lang='lat' dir='ltr'><strong>unam</strong></span> <span class='ocrx_word' id='word_1_197' title='bbox 1477 4350 1588 4413; x_wconf 83' lang='lat' dir='ltr'><strong>fidem</strong></span> <span class='ocrx_word' id='word_1_198' title='bbox 1611 4370 1678 4430; x_wconf 91' lang='lat' dir='ltr'><strong>per</strong></span> 
     </span>
     <span class='ocr_line' id='line_1_24' title="bbox 344 4457 1675 4538; baseline 0.002 -22"><span class='ocrx_word' id='word_1_199' title='bbox 344 4460 486 4519; x_wconf 90' lang='lat' dir='ltr'><strong>sanctos</strong></span> <span class='ocrx_word' id='word_1_200' title='bbox 502 4457 694 4537; x_wconf 88' lang='lat' dir='ltr'><strong>Apostolos</strong></span> <span class='ocrx_word' id='word_1_201' title='bbox 710 4459 815 4537; x_wconf 90' lang='lat' dir='ltr'><strong>plene</strong></span> <span class='ocrx_word' id='word_1_202' title='bbox 833 4460 1018 4520; x_wconf 90' lang='lat' dir='ltr'><strong>reducens.</strong></span> <span class='ocrx_word' id='word_1_203' title='bbox 1042 4457 1122 4520; x_wconf 93' lang='lat' dir='ltr'><strong>Non</strong></span> <span class='ocrx_word' id='word_1_204' title='bbox 1139 4462 1193 4520; x_wconf 91' lang='lat' dir='ltr'><strong>est</strong></span> <span class='ocrx_word' id='word_1_205' title='bbox 1208 4458 1275 4520; x_wconf 93' lang='lat' dir='ltr'><strong>hoc</strong></span> <span class='ocrx_word' id='word_1_206' title='bbox 1299 4460 1347 4519; x_wconf 91' lang='lat' dir='ltr'><strong>ad</strong></span> <span class='ocrx_word' id='word_1_207' title='bbox 1362 4459 1504 4520; x_wconf 90' lang='lat' dir='ltr'><strong>libitum</strong></span> <span class='ocrx_word' id='word_1_208' title='bbox 1526 4458 1675 4538; x_wconf 82' lang='lat' dir='ltr'><strong>legentis</strong></span> 
     </span>
     <span class='ocr_line' id='line_1_25' title="bbox 345 4560 1676 4644; baseline 0.002 -21"><span class='ocrx_word' id='word_1_209' title='bbox 345 4566 493 4625; x_wconf 89' lang='lat' dir='ltr'><strong>verbum</strong></span> <span class='ocrx_word' id='word_1_210' title='bbox 517 4560 723 4644; x_wconf 85' lang='lat' dir='ltr'><strong>excerptum</strong></span> <span class='ocrx_word' id='word_1_211' title='bbox 761 4566 906 4637; x_wconf 89' lang='lat' dir='ltr'><strong>morale,</strong></span> <span class='ocrx_word' id='word_1_212' title='bbox 931 4566 997 4627; x_wconf 92' lang='lat' dir='ltr'><strong>sed</strong></span> <span class='ocrx_word' id='word_1_213' title='bbox 1032 4566 1147 4627; x_wconf 88' lang='lat' dir='ltr'><strong>latens</strong></span> <span class='ocrx_word' id='word_1_214' title='bbox 1183 4567 1250 4627; x_wconf 93' lang='lat' dir='ltr'><strong>sub</strong></span> <span class='ocrx_word' id='word_1_215' title='bbox 1272 4584 1359 4627; x_wconf 90' lang='lat' dir='ltr'><strong>vero</strong></span> <span class='ocrx_word' id='word_1_216' title='bbox 1383 4566 1518 4627; x_wconf 88' lang='lat' dir='ltr'><strong>cortice</strong></span> <span class='ocrx_word' id='word_1_217' title='bbox 1541 4583 1676 4626; x_wconf 90' lang='lat' dir='ltr'><strong>sensus.</strong></span> 
     </span>
     <span class='ocr_line' id='line_1_26' title="bbox 346 4668 1677 4751; baseline 0.002 -22"><span class='ocrx_word' id='word_1_218' title='bbox 346 4668 434 4731; x_wconf 92' lang='lat' dir='ltr'><strong>Nam</strong></span> <span class='ocrx_word' id='word_1_219' title='bbox 468 4674 562 4741; x_wconf 90' lang='lat' dir='ltr'><strong>tunc,</strong></span> <span class='ocrx_word' id='word_1_220' title='bbox 587 4671 703 4751; x_wconf 91' lang='lat' dir='ltr'><strong>primo</strong></span> <span class='ocrx_word' id='word_1_221' title='bbox 736 4675 863 4733; x_wconf 86' lang='lat' dir='ltr'><strong>autore</strong></span> <span class='ocrx_word' id='word_1_222' title='bbox 885 4670 1118 4744; x_wconf 89' lang='lat' dir='ltr'><strong>Ysidoro,</strong></span> <span class='ocrx_word' id='word_1_223' title='bbox 1158 4673 1208 4734; x_wconf 87' lang='lat' dir='ltr'><strong>dii</strong></span> <span class='ocrx_word' id='word_1_224' title='bbox 1232 4672 1374 4734; x_wconf 85' lang='lat' dir='ltr'><strong>adorati</strong></span> <span class='ocrx_word' id='word_1_225' title='bbox 1405 4676 1496 4743; x_wconf 86' lang='lat' dir='ltr'><strong>sunt,</strong></span> <span class='ocrx_word' id='word_1_226' title='bbox 1533 4672 1677 4751; x_wconf 91' lang='lat' dir='ltr'><strong>quando</strong></span> 
     </span>
    </p>
   </div>
   <div class='ocr_carea' id='block_1_4' title="bbox 349 4898 557 4911">
    <p class='ocr_par' dir='ltr' id='par_1_4' title="bbox 349 4898 557 4911">
     <span class='ocr_line' id='line_1_27' title="bbox 349 4898 557 4911; baseline 0.005 -3"><span class='ocrx_word' id='word_1_227' title='bbox 349 4898 557 4911; x_wconf 72' lang='lat' dir='ltr'>-n—-—</span> 
     </span>
    </p>
   </div>
   <div class='ocr_carea' id='block_1_5' title="bbox 452 5086 623 5146">
    <p class='ocr_par' dir='ltr' id='par_1_5' title="bbox 452 5086 623 5146">
     <span class='ocr_line' id='line_1_28' title="bbox 452 5086 623 5146; baseline 0.012 -11"><span class='ocrx_word' id='word_1_228' title='bbox 452 5086 484 5146; x_wconf 85' lang='lat' dir='ltr'><strong>u)</strong></span> <span class='ocrx_word' id='word_1_229' title='bbox 502 5100 537 5130; x_wconf 87' lang='lat'><strong>:</strong></span> <span class='ocrx_word' id='word_1_230' title='bbox 556 5099 623 5137; x_wconf 87' lang='lat' dir='ltr'><strong>nec.</strong></span> 
     </span>
    </p>
   </div>
   <div class='ocr_carea' id='block_1_6' title="bbox 455 5257 1098 5330">
    <p class='ocr_par' dir='ltr' id='par_1_6' title="bbox 455 5257 1098 5330">
     <span class='ocr_line' id='line_1_29' title="bbox 455 5257 1098 5330; baseline 0 -15"><span class='ocrx_word' id='word_1_231' title='bbox 455 5257 476 5325; x_wconf 89' lang='lat'><strong>¹)</strong></span> <span class='ocrx_word' id='word_1_232' title='bbox 496 5261 612 5325; x_wconf 69' lang='lat' dir='ltr'><strong>Genea,</strong></span> <span class='ocrx_word' id='word_1_233' title='bbox 630 5262 667 5325; x_wconf 84' lang='lat' dir='ltr'><strong>X,</strong></span> <span class='ocrx_word' id='word_1_234' title='bbox 685 5262 712 5315; x_wconf 88' lang='grc'><strong>9.</strong></span> <span class='ocrx_word' id='word_1_235' title='bbox 744 5262 770 5313; x_wconf 90' lang='lat' dir='ltr'><strong>Il</strong></span> <span class='ocrx_word' id='word_1_236' title='bbox 789 5262 877 5330; x_wconf 79' lang='lat' dir='ltr'><strong>s&#39;agit</strong></span> <span class='ocrx_word' id='word_1_237' title='bbox 894 5263 934 5314; x_wconf 87' lang='lat' dir='ltr'><strong>de</strong></span> <span class='ocrx_word' id='word_1_238' title='bbox 952 5262 1098 5316; x_wconf 87' lang='lat' dir='ltr'><strong>Nemrod.</strong></span> 
     </span>
    </p>
   </div>
   <div class='ocr_carea' id='block_1_7' title="bbox 0 0 2165 6116">
    <p class='ocr_par' dir='ltr' id='par_1_7' title="bbox 0 0 2165 6116">
     <span class='ocr_line' id='line_1_30' title="bbox 0 0 2165 6116; baseline 0 0"><span class='ocrx_word' id='word_1_239' title='bbox 0 0 2165 6116; x_wconf 95' lang='lat' dir='ltr'><strong> </strong></span> 
     </span>
    </p>
   </div>
  </div>
 </body>
</html>
