4300 6117
815 934 1003 987 muamus
1026 934 1208 987 nonnum
1637 923 1681 986 23

345 1158 538 1236 specialem
562 1159 632 1237 egit
658 1159 851 1219 tractatum
877 1158 921 1219 de
938 1158 1207 1219 immortalitate
1223 1158 1349 1229 anime,
1374 1158 1531 1235 probans
1548 1157 1681 1217 nullam

343 1265 561 1342 preesistere
584 1265 744 1336 materie,
771 1265 870 1326 cuius
894 1265 1051 1326 efficitur
1074 1264 1290 1343 quiditativa
1314 1265 1530 1336 substancia,
1555 1266 1595 1325 ut
1612 1265 1681 1324 sint

344 1388 467 1432 omnes
503 1372 636 1450 speciei
669 1372 838 1441 eiusdem,
878 1374 917 1433 at
950 1389 1022 1432 non
1058 1372 1151 1433 sicut
1179 1372 1303 1450 angeli,
1342 1389 1493 1450 quorum
1532 1371 1682 1449 quilibet

345 1477 515 1556 specifice
539 1478 650 1540 distat
674 1481 720 1541 ab
744 1479 869 1549 altero,
908 1496 1015 1557 quem
1039 1496 1079 1539 se
1102 1497 1173 1539 non
1208 1479 1335 1557 legisse
1370 1478 1618 1540 demonstrant
1645 1479 1682 1538 in

345 1584 503 1646 sciencia
525 1586 687 1647 veritatis
712 1585 876 1655 minores,
903 1586 987 1646 dum
1011 1586 1131 1646 lumen
1153 1584 1325 1657 Ecclesie,
1358 1585 1493 1646 clarum
1519 1588 1682 1648 sanctum

345 1686 528 1762 Thomam,
553 1692 762 1771 impugnare
786 1695 961 1754 conantur
973 1689 992 1753 ¹.

457 1796 527 1882 Qui
563 1803 729 1877 preterea
765 1801 847 1859 sunt
870 1800 938 1871 isti,
978 1800 1065 1861 fidei
1089 1796 1277 1878 Xpistiane
1306 1800 1425 1860 truces
1448 1797 1579 1869 hostes,
1620 1792 1749 1877 qui15.

345 1907 469 1966 vetant
492 1906 733 1967 testimonium
756 1905 980 1985 philosophie
1005 1906 1050 1967 de
1073 1905 1102 1965 F
1104 1906 1200 1976 uriis.
1239 1903 1405 1978 Cerbero,
1433 1907 1607 1985 penisque
1630 1906 1681 1965 in·

344 2009 552 2083 iemalibus,
578 2016 651 2073 tam
668 2013 793 2074 sedulo
816 2031 883 2091 per
898 2011 1143 2083 Mantuanum,
1170 2011 1448 2082 Sulmonensem,
1474 2011 1680 2073 Corduben·

345 2136 430 2188 sem,
454 2114 654 2198 Tragicum,
680 2138 918 2198 romanosque
943 2118 1138 2181 Salustium
1163 2122 1197 2180 et
1221 2117 1416 2189 Valerium,
1446 2138 1526 2180 cum
1551 2120 1680 2181 ceteris

345 2226 674 2296 innumerabilibus,
715 2225 881 2288 diffusius
916 2226 1172 2305 predicantes?
1219 2224 1313 2311 Quid
1346 2228 1400 2287 est
1433 2228 1526 2287 enim
1559 2226 1680 2287 utilius

344 2332 450 2413 vulgo
483 2351 591 2411 quam
622 2334 773 2394 timere?
811 2331 880 2417 Qui
912 2334 994 2394 libri
1028 2334 1123 2395 sacri
1158 2336 1348 2395 texuerunt
1383 2333 1571 2395 clariorem
1607 2351 1680 2394 ser·

346 2457 485 2500 monem
510 2440 555 2500 de
578 2441 680 2518 penis
704 2441 882 2501 miserime
907 2429 926 2521 ΙΙ
950 2441 1023 2502 vite
1047 2443 1175 2511 future,
1210 2441 1339 2519 quibus
1363 2442 1553 2511 terrentur,
1590 2457 1681 2519 quos

345 2563 416 2606 non
451 2546 560 2608 trahit
595 2565 699 2608 amor
734 2548 849 2609 dulcis
880 2548 1031 2617 divinus,
1071 2565 1180 2625 quam
1204 2548 1341 2617 fatiant,
1382 2548 1443 2625 qui
1467 2548 1682 2610 secularium

345 2652 546 2714 litterarum
563 2655 652 2715 certi
670 2657 923 2733 nuncupantur
939 2655 1116 2725 doctores,
1144 2672 1208 2715 seu
1228 2654 1407 2716 doctiores
1424 2656 1629 2733 scriptores.
1642 2687 1680 2693 —

346 2758 438 2821 Hinc
463 2758 678 2832 Seneca,
718 2780 824 2841 quem
848 2765 1019 2840 tanquam
1058 2762 1214 2822 omnium
1250 2761 1477 2822 collectorem
1508 2765 1543 2823 et
1570 2761 1682 2841 magis

347 2883 569 2928 communem
593 2869 755 2929 minusve
778 2868 925 2947 verique
948 2868 1044 2947 parti
1068 2870 1275 2947 suspectum
1307 2869 1505 2946 frequento,
1546 2869 1682 2947 epis-

346 2974 454 3034 tola
478 2972 531 3046 92,
569 2976 771 3036 summatim
795 2993 923 3053 sparsa
946 2975 1123 3037 reducens
1146 2976 1183 3035 in
1207 2975 1370 3045 culmum,
1397 2975 1500 3036 dicit:
1541 2973 1683 3036 «Philo-

346 3080 475 3159 sophia
490 3082 572 3160 paci
588 3080 687 3143 favet
704 3085 739 3144 et
754 3095 864 3162 genus
881 3081 1075 3143 humanum
1093 3082 1141 3143 ad
1159 3081 1387 3143 concordiam
1405 3084 1521 3143 vocat.
1546 3080 1684 3144 Artifex

346 3187 419 3248 vite
443 3189 498 3248 est
522 3191 557 3250 et
581 3188 671 3249 alias
695 3192 791 3251 artes
827 3191 893 3250 sub
918 3207 983 3250 suo
1006 3189 1167 3250 dominio
1189 3188 1308 3250 habet.
1355 3188 1446 3248 Nam
1483 3189 1539 3250 cui
1574 3190 1686 3251 servit

348 3294 430 3364 vita,
456 3295 507 3355 illi
530 3313 673 3374 quoque
696 3297 770 3357 vite
793 3299 1003 3357 ornamenta
1029 3296 1255 3357 deserviunt:
1284 3299 1443 3357 ceterum
1467 3299 1516 3357 ad
1539 3297 1685 3357 beatum

347 3403 480 3462 statum
504 3402 628 3473 tendit,
653 3403 714 3464 illo
733 3405 811 3463 vias
835 3403 961 3481 aperit,
987 3403 1047 3463 illo
1074 3403 1228 3464 ducitur.
1254 3400 1333 3486 Que
1356 3403 1427 3464 sint
1443 3404 1538 3463 mala
1561 3406 1597 3463 et
1614 3421 1685 3481 que

347 3508 547 3578 videantur,
581 3509 747 3582 evadit¹3
777 3501 1000 3570 vanitaremb
1023 3510 1202 3570 mentibus
1226 3510 1333 3579 exuit,
1370 3510 1522 3570 solidam
1552 3509 1684 3588 magni·

347 3615 507 3675 tudinem
531 3616 666 3688 tribuit,
699 3616 813 3678 tocius
837 3620 965 3677 nature
989 3617 1159 3678 noticiam
1183 3634 1226 3677 ac
1250 3617 1305 3677 sui
1331 3616 1453 3677 tradit.
1494 3614 1591 3700 Quid
1614 3617 1685 3677 sint

348 3720 398 3782 dii
421 3723 618 3802 qualesque
643 3723 814 3794 declarat,
846 3724 934 3801 quid
956 3724 1072 3794 inferi,
1098 3723 1186 3800 quid
1209 3724 1314 3793 lares,
1353 3723 1440 3802 quid
1468 3724 1570 3802 genii,
1596 3722 1684 3801 quid

348 3846 480 3899 manes.
520 3833 613 3909 quec
643 3831 824 3891 numinum
860 3832 974 3891 forma
1009 3831 1128 3891 anime
1158 3832 1342 3909 perpetue,
1384 3830 1444 3891 ubi
1477 3830 1683 3902 consistant,

347 3936 436 4013 quid
459 3939 575 4015 agant.
601 3937 689 4015 quid
712 3938 860 4016 possint,
885 3937 973 4015 quid
996 3938 1140 3997 velint».
1179 3935 1258 3997 Hec
1282 3935 1442 3998 Senec
1459 3936 1511 3997 a‘·'.

455 4041 651 4114 Postremo,
691 4062 771 4104 cum
795 4044 917 4123 religio
941 4046 1065 4105 nostra
1100 4044 1147 4105 sit
1169 4062 1235 4123 per
1257 4044 1367 4104 fidem
1390 4041 1508 4121 Xpisti
1546 4061 1567 4103 a
1591 4045 1684 4103 cete·
1700 4053 1754 4115 16,

348 4167 470 4210 rorum
484 4152 657 4229 precipue
678 4152 785 4212 sectis
801 4151 979 4220 distincta,
1005 4153 1041 4211 et
1057 4153 1103 4212 ob
1120 4149 1187 4212 hoc
1204 4152 1250 4211 ab
1267 4151 1430 4211 omnibus
1446 4150 1681 4228 impugnetur,

348 4274 456 4335 quam
492 4258 578 4317 utile
602 4258 670 4318 erit
693 4255 889 4336 Xpistianis
914 4258 1006 4318 scire
1044 4275 1115 4335 que
1149 4257 1194 4318 de
1219 4274 1283 4317 suo
1305 4255 1434 4335 Xpisto
1471 4255 1612 4325 habent,
1652 4256 1682 4316 si

348 4379 420 4440 qua
458 4363 594 4424 habent
628 4365 843 4425 secularium
874 4367 983 4436 carte,
1023 4367 1064 4425 ut
1088 4382 1168 4425 cum
1192 4361 1387 4424 Holoferne
1410 4380 1432 4423 a
1456 4360 1579 4424 Judith
1617 4380 1682 4423 suo

350 4470 601 4532 confodiantur
622 4472 808 4532 mucrone!
842 4469 947 4532 Certe
970 4490 1041 4532 non
1064 4472 1180 4531 minus
1205 4469 1301 4531 utilis
1325 4470 1468 4531 videtur
1492 4470 1598 4530 lectio
1622 4488 1683 4529 na·

455 4753 488 4813 α)
507 4766 542 4795 =
560 4750 703 4803 ostendit.
746 4750 777 4814 b)
796 4750 827 4802 le
845 4751 962 4815 copiste
980 4749 1058 4801 dans
1077 4763 1140 4801 une
1158 4750 1312 4817 premiere
1329 4749 1489 4801 redaction
1508 4749 1590 4801 avait
1610 4747 1685 4801 ierit

352 4839 572 4892 ‹veritatem›
611 4843 640 4903 c)
660 4856 693 4884 =
713 4840 796 4906 quid.

456 4979 477 5045 ¹)
496 4981 526 5034 S.
544 4978 680 5033 Tuouas
705 4980 829 5041 de'fend,
855 4996 896 5033 en
921 4980 1006 5042 effet,
1032 4981 1062 5032 la
1089 4981 1229 5033 doctrine
1256 4980 1411 5033 contraire
1436 4979 1454 5031 a
1481 4980 1559 5032 celle
1585 4978 1685 5031 d’Avi-

350 5085 455 5123 cenne.
493 5070 574 5123 Sum.
599 5069 698 5123 Theol.
717 5071 745 5121 1a
760 5070 793 5144 Q.
813 5069 929 5133 LXXV,
947 5084 974 5121 a.
989 5069 1052 5122 Vll.
1085 5070 1190 5123 Utrum
1208 5072 1310 5122 anima
1329 5069 1500 5137 elongatus
1518 5070 1581 5120 sint
1598 5070 1688 5119 unius

350 5160 485 5227 spectet?

456 5246 478 5316 ‘l
497 5248 617 5313 SENEC„
636 5249 736 5314 Epist.
756 5248 816 5300 XC.
853 5247 1009 5321 Quelques
1028 5248 1198 5301 variantes.
