4300 6117
448 846 514 909 294
952 857 1111 911 LUCULA
1132 856 1274 911 NOCTIS

448 1079 628 1141 racionem
651 1083 811 1153 venatur,
847 1080 960 1142 eciam
983 1098 1162 1160 apparere
1198 1083 1353 1143 cometes
1377 1081 1435 1143 vel
1468 1082 1691 1144 descendere
1722 1081 1788 1143 diu

447 1185 541 1248 foret
575 1188 775 1249 innaturale
800 1186 1024 1260 censendum,
1062 1206 1144 1249 cum
1167 1187 1206 1248 id
1228 1186 1308 1249 iieri
1345 1207 1416 1251 non
1439 1206 1530 1268 sepe
1552 1190 1589 1249 in
1612 1207 1680 1250 usu
1704 1207 1785 1251 con·

448 1294 570 1373 tingat.
588 1328 629 1337 —-
649 1292 801 1355 Unicum
825 1312 903 1355 esse
925 1294 1146 1356 intellectum
1169 1296 1205 1355 in
1228 1297 1306 1356 tota
1327 1296 1447 1373 specie
1471 1294 1623 1357 hominis
1641 1296 1788 1357 dicetur

450 1419 472 1462 a
495 1412 657 1481 magno
681 1398 1091 1463 Commentatore¹
1114 1401 1311 1464 secundum
1334 1405 1510 1473 naturam,
1550 1403 1635 1481 quia
1658 1402 1712 1464 sic
1734 1402 1785 1463 vi·

450 1527 528 1569 sum
553 1510 607 1569 est
631 1508 708 1578 sibi,
737 1509 773 1569 et
796 1508 1000 1586 oppositum
1024 1508 1093 1569 erit
1114 1508 1278 1570 naturale
1301 1509 1401 1588 apud
1422 1512 1645 1571 sanctum
1667 1507 1787 1571 Doc-

451 1614 639 1687 tonuit,
679 1615 764 1693 quia
796 1616 1001 1694 oppositum
1038 1615 1114 1677 eius
1129 1634 1264 1677 serum
1299 1634 1378 1678 esse
1406 1617 1629 1678 monstravit.
1670 1615 1788 1676 Nichil

452 1724 521 1785 erit
542 1722 706 1783 naturale
732 1739 773 1783 eo
798 1721 896 1800 quod
918 1722 1112 1785 iniancium
1134 1723 1336 1784 intellectus
1360 1723 1411 1784 nil
1438 1722 1667 1802 comprendit
1681 1726 1705 1795 ⁸,
1730 1722 1791 1784 vel

452 1830 571 1892 omnia
594 1831 677 1891 sunt
699 1829 878 1890 naturalia
894 1847 965 1907 que
988 1830 1088 1901 liunt,
1114 1829 1198 1908 quia
1214 1830 1392 1908 principia
1407 1830 1544 1892 inserta
1559 1832 1689 1892 nature
1705 1848 1787 1891 con·

454 1938 600 1999 servant
623 1938 659 1998 et
681 1935 748 1998 hoc
772 1936 887 2016 angeli
902 1935 1027 1998 vident
1049 1936 1176 1998 saltem
1199 1937 1236 1998 in
1250 1935 1384 2008 Verbo,
1409 1938 1508 2016 quod
1531 1938 1586 1999 est
1610 1937 1661 1998 eis
1686 1939 1786 1998 natu·

456 2044 541 2117 rale,
566 2062 648 2105 cum
670 2041 766 2104 Deus
789 2043 877 2104 velit
900 2060 960 2104 eos
985 2043 1049 2104 tali
1071 2043 1209 2105 visione
1233 2044 1414 2123 compleri.

390 2144 443 2209 21.
564 2149 683 2230 Igitur,
709 2150 870 2211 dicamus
890 2149 1035 2211 indubie
1050 2168 1191 2211 omnem
1207 2151 1405 2233 veritatem⁴
1419 2168 1498 2213 esse
1515 2150 1714 2213 secundum
1729 2169 1792 2211 na·

457 2261 584 2331 turam,
614 2257 881 2337 quamlibetque
908 2258 1103 2319 falsitatem
1137 2258 1291 2319 militare
1314 2262 1440 2320 contra
1464 2261 1639 2320 naturam.
1679 2257 1735 2329 Et,
1759 2258 1794 2319 si

456 2367 611 2428 sciencia
623 2364 781 2443 quelibet
798 2366 852 2425 est
868 2366 1006 2426 tantum
1018 2382 1195 2437 verorum,
1206 2365 1362 2427 sciencia
1378 2367 1432 2427 est
1446 2365 1631 2427 naturalis.
1644 2400 1686 2408 -
1698 2364 1795 2426 Hinc

455 2472 640 2537 evidenter
665 2475 816 2550 apparet
839 2471 969 2532 librum
994 2489 1101 2550 quem
1124 2471 1275 2533 dicimus
1298 2472 1620 2545 Phisicorum,
1644 2473 1793 2534 librum·

328 2572 330 2577 ’
455 2598 525 2660 que
546 2577 890 2663 Metaphisice
914 2596 995 2641 cum
1019 2579 1158 2650 ceteris,
1183 2580 1245 2657 qui
1268 2577 1453 2641 affirmant
1479 2577 1571 2641 falsa
1598 2598 1665 2659 pro
1683 2580 1792 2652 veris,

455 2686 637 2749 naturales
660 2704 732 2746 non
755 2703 844 2756 esse,
878 2685 945 2747 sed
966 2684 1087 2747 hostes
1111 2688 1248 2757 nature,
1280 2687 1408 2766 quein
1432 2687 1585 2748 veritate
1609 2685 1795 2759 fundatur,

458 2792 602 2875 proiicit
627 2796 662 2854 et
686 2794 929 2854 consumatur:
963 2793 1029 2854 sed
1052 2794 1234 2855 naturales
1258 2812 1330 2855 non
1353 2796 1578 2874 negarentur,
1609 2794 1671 2855 ubi
1695 2794 1794 2854 nulla

460 2900 599 2962 falsitas
622 2900 793 2979 precipue
817 2902 942 2961 contra
965 2899 1075 2962 iidem
1096 2900 1309 2962 catholicam
1332 2902 1468 2979 scripta
1492 2902 1714 2980 reperiretur
1737 2919 1794 2962 as·

461 3011 568 3079 serta,
593 3026 615 3068 a
639 3024 711 3085 qua
734 3007 861 3067 saltem
883 2986 1019 3086 primus
1043 3009 1080 3068 et
1102 3008 1315 3069 novissimus
1338 3009 1510 3069 immunes
1534 3026 1606 3069 non
1627 3008 1795 3087 gaudent.

393 3110 446 3173 22.
567 3112 666 3175 Vera
679 3112 826 3191 phisica,
843 3131 913 3191 que
929 3115 983 3175 est
994 3113 1136 3175 humilis
1152 3133 1272 3175 rerum
1288 3119 1492 3177 creatarum
1507 3115 1740 3194 investigacio
1759 3119 1796 3176 et

461 3220 621 3301 cognicio
637 3220 686 3281 ad
701 3221 836 3282 alciora
851 3239 922 3282 non
934 3221 1057 3290 relata,
1075 3238 1163 3283 vera
1174 3222 1380 3301 gramatica‚
1396 3240 1483 3283 vera
1496 3222 1685 3294 rethorica,
1701 3240 1789 3283 vera

461 3330 574 3409 loyca,
587 3345 674 3388 vera
686 3327 898 3399 arismetica,
911 3346 999 3388 vera
1010 3329 1214 3407 geometria,
1228 3347 1316 3390 vera
1328 3330 1473 3401 musica,
1487 3347 1574 3389 vera
1588 3329 1795 3408 astrologia,

462 3454 533 3515 que
566 3435 718 3496 liberum
752 3434 941 3495 arbitrium
976 3434 1134 3496 siderum
1169 3436 1323 3497 motibus
1356 3454 1427 3497 non
1455 3437 1638 3515 supponit,
1671 3436 1799 3515 utique

464 3542 586 3606 doceri
608 3544 758 3621 possunt
780 3542 817 3602 in
832 3540 996 3603 Ecclesia
1010 3540 1079 3603 Dei
1103 3545 1138 3604 et
1161 3561 1182 3603 a
1206 3540 1374 3605 fidelibus
1397 3543 1516 3604 audiri
1541 3544 1660 3605 sobrie
1680 3546 1794 3605 caste·

464 3669 544 3730 que,
581 3650 673 3711 sicut
706 3650 799 3710 bene
833 3651 933 3710 notat
967 3650 1183 3711 venerabilis
1215 3648 1514 3720 Hostiensis,
1557 3648 1707 3711 Extra
1743 3650 1803 3712 de

464 3756 694 3837 Magistris,
733 3754 867 3835 Super
889 3757 1074 3835 specula.
1110 3789 1150 3797 -
1184 3755 1298 3819 Addit
1319 3758 1466 3836 insuper
1488 3757 1663 3835 phisicam
1688 3759 1798 3839 leges·

464 3883 535 3944 que
558 3882 580 3925 a
596 3862 735 3925 clericis
759 3882 830 3924 non
852 3881 959 3942 posse
974 3862 1104 3935 audiri,
1128 3864 1292 3925 similiter
1314 3883 1380 3925 nec
1404 3864 1536 3937 doceri,
1562 3865 1661 3926 cuius
1685 3882 1796 3945 oppo-

466 3972 572 4033 situm
606 3971 778 4033 iacientes
812 3972 894 4031 sunt
928 3971 1006 4049 ipso
1040 3968 1138 4033 iacto
1174 3972 1548 4033 excommunicacione
1567 3971 1677 4051 ligati.
1717 3971 1799 4035 Hoc

466 4082 586 4140 autem
603 4078 732 4139 asserit
746 4077 783 4138 in
795 4079 953 4139 iavorem
971 4076 1147 4157 theologie
1158 4076 1236 4140 iore
1251 4078 1344 4140 iuste
1356 4070 1586 4141 sanccitumb.
1603 4110 1643 4119 -
1660 4076 1721 4141 Sic
1733 4082 1798 4141 uti·

468 4204 538 4265 que
559 4182 748 4247 sensitDe
771 4182 1006 4246 Doctrina
1027 4183 1290 4263 Xpistiana
1313 4187 1467 4265 optimus
1484 4185 1703 4268 Augustinus
1717 4186 1739 4249 ³.
1757 4223 1799 4231 —

467 4292 560 4355 Hinc
595 4292 645 4354 ait
684 4310 793 4370 super
829 4292 1058 4370 epistola
1097 4292 1157 4353 ad
1192 4288 1368 4373 Tytum
1405 4294 1633 4356 beatissimus
1671 4294 1804 4357 doctor

468 4399 771 4470 Ieronimns,
796 4407 932 4461 XXXII
954 4398 1089 4460 Dist:
1116 4397 1182 4460 «Si
1206 4400 1286 4477 quis
1309 4401 1542 4479 gramaticam
1564 4404 1680 4463 artem
1703 4403 1805 4464 novit

469 4508 533 4568 aut
555 4506 801 4587 dyalecticam,
825 4508 866 4567 ut
879 4508 978 4568 recte
1000 4505 1171 4585 loquendi
1187 4506 1367 4568 racionem
1382 4506 1525 4581 habeat,
1551 4512 1587 4570 et
1602 4510 1697 4571 inter
1710 4507 1807 4571 falsa

474 4704 685 4714 ——-—-—

578 4837 611 4897 α)
629 4850 664 4879 =
682 4833 924 4899 comprehendit.
962 4833 993 4896 b)
1012 4848 1047 4877 =
1066 4832 1226 4884 sancitum.

580 4954 602 5022 ¹)
619 4952 798 5010 AVERROFES.
816 4958 852 5009 ln
869 4957 912 5009 111
929 4958 967 5010 de
985 4957 1107 5019 Anima,
1128 4956 1288 5010 Commeat.
1307 4958 1342 5021 V,
1359 4959 1557 5026 digressionis
1570 4962 1653 5025 part.
1673 4960 1702 5011 5.

581 5042 602 5113 ²)
620 5047 649 5100 S.
668 5045 773 5099 Tuom.
795 5047 908 5100 Summ.
935 5046 1032 5100 Tireol.
1050 5048 1079 5098 1⁸
1092 5046 1126 5119 Q.
1145 5046 1277 5107 LXXVI,
1298 5047 1329 5111 23
1346 5047 1477 5112 LXXIX,
1496 5048 1522 5100 5.

582 5132 603 5202 ³)
622 5136 651 5189 S.
669 5137 751 5190 AUG.
772 5138 819 5189 De
836 5139 985 5189 Doctrina
1004 5138 1108 5188 chrisi.
1127 5136 1164 5195 11,
1185 5146 1294 5189 XXXIX.
1313 5138 1349 5190 In
1369 5137 1462 5204 Oper.
1479 5138 1530 5204 ΙΙΙ,
1549 5136 1597 5190 62.
