4300 6117
404 871 469 933 122
906 881 1064 934 LUCULA
1087 879 1226 934 uoerrs
1304 957 1307 960 q

403 1121 470 1182 pro
501 1101 696 1183 Egiptiacis
729 1104 766 1164 in
803 1104 1022 1166 kalendariis
1058 1103 1311 1166 ecclesiasticis
1345 1103 1509 1185 pluribus
1544 1103 1736 1174 adnotatis.

403 1209 507 1273 venio
531 1210 579 1272 ad
601 1211 774 1290 prodigia,
808 1230 878 1290 que
913 1230 983 1273 non
1006 1212 1166 1272 valemus
1195 1222 1335 1290 negare,
1359 1209 1563 1290 frequentia
1592 1211 1739 1290 quidem

404 1320 440 1379 et
462 1318 649 1378 divinitate
673 1317 815 1380 referta.
840 1316 916 1380 Hec
934 1318 1036 1390 enim,
1060 1319 1152 1379 sive⁸
1167 1319 1239 1380 sint
1254 1319 1443 1390 naturalia,
1469 1319 1545 1380 sive
1563 1321 1603 1380 ut
1618 1317 1738 1397 placet

403 1423 553 1494 Platoni,
591 1425 651 1503 qui
676 1424 833 1486 divinam
856 1425 1077 1486 voluntatem
1112 1425 1225 1486 voluit
1257 1425 1412 1486 omnium
1436 1444 1514 1487 esse
1537 1427 1703 1487 naturam
1714 1422 1736 1496 ¹.

404 1549 510 1610 quem
532 1532 690 1593 arbitror
713 1531 998 1612 Augustinum
1021 1532 1154 1593 imitari
1177 1532 1349 1604 inlibris,
1384 1550 1473 1611 quos
1503 1533 1572 1611 egit
1605 1550 1738 1611 supra

404 1636 636 1700 Genesim
660 1638 716 1700 ad
739 1637 1012 1709 Litteram²‚
1038 1657 1102 1700 seu
1118 1657 1161 1699 ex
1176 1625 1387 1718 particulari
1404 1639 1504 1700 iussu
1519 1639 1640 1701 divino
1655 1657 1737 1718 pro·

404 1746 544 1818 cedant,
568 1748 696 1807 nature
711 1746 847 1807 viribus
864 1745 1052 1826 superatis,
1077 1746 1170 1807 sicut
1186 1745 1354 1807 videntur
1368 1745 1516 1827 ystorici
1533 1745 1736 1825 protestari.

286 1861 298 1890 ¹
402 1852 460 1914 vel
483 1852 674 1914 demonum
697 1851 864 1924 fallaciis,
900 1855 1008 1932 prout
1043 1855 1252 1914 auctumant
1275 1842 1291 1934 'l
1320 1852 1478 1914 nonnulli
1507 1849 1633 1913 fideles
1655 1870 1738 1931 pro·

403 1960 556 2032 veniant,
581 1960 740 2040 ipsorum
763 1959 896 2021 noticia
918 1977 990 2022 non
1012 1978 1140 2039 parum
1155 1957 1301 2039 prolicit
1317 1959 1365 2021 ad
1381 1960 1543 2021 salutem.
1560 1990 1604 2000 —
1626 1957 1737 2038 Prop-

403 2069 503 2128 terea
518 2066 695 2145 siquidem
711 2085 781 2145 que
796 2066 932 2127 habent
944 2065 1228 2128 Machabeorum
1243 2069 1344 2145 gesta
1360 2069 1443 2127 ante
1459 2066 1738 2128 destructionem

401 2173 468 2235 Dei
492 2173 647 2236 civitatis
672 2175 813 2235 terrene
837 2176 873 2234 et
896 2172 1057 2235 ultimam
1090 2173 1350 2253 dispersionem
1387 2174 1443 2234 sui
1474 2173 1599 2253 populi
1628 2173 1737 2234 obsti·

402 2283 486 2343 nate
508 2281 597 2342 vicis
621 2299 692 2342 non
716 2281 814 2360 piget
836 2282 981 2352 referre,
1007 2299 1077 2360 que
1100 2281 1137 2342 in
1152 2283 1279 2342 sexto
1302 2278 1654 2342 Historiarum
1676 2279 1739 2340 Io·

403 2385 573 2467 sephus³
595 2388 785 2468 scriptitat.
811 2387 952 2449 dicens:
980 2385 1067 2448 «set
1089 2387 1268 2449 infelicem
1294 2388 1436 2467 plebem
1460 2387 1644 2449 deterrimi
1661 2387 1738 2466 qui·

403 2496 487 2558 dam
509 2495 679 2566 homines.
707 2496 744 2556 et
767 2494 980 2573 deceptores
995 2495 1087 2556 falsa
1103 2494 1351 2562 vaticinantes,
1376 2493 1586 2565 suadebant,
1611 2497 1650 2555 ut
1667 2493 1738 2555 evi·

403 2602 570 2664 dentibus
594 2602 702 2681 signis
726 2605 761 2663 et
784 2601 926 2663 indiciis
950 2600 1137 2662 iracundie
1171 2603 1207 2662 et
1230 2601 1491 2681 indignacionis
1523 2600 1644 2662 divine
1667 2618 1738 2661 non

404 2709 602 2780 crederent,
628 2709 756 2787 quibus
780 2710 906 2788 aperte
931 2706 1089 2768 futurum
1113 2709 1150 2769 et
1163 2708 1262 2769 urbis
1287 2711 1323 2770 et
1344 2708 1457 2788 gentis
1478 2709 1740 2788 presagebatur

404 2816 590 2878 excidium.
616 2814 679 2876 Set
701 2814 799 2876 velut
821 2812 938 2875 afflati
962 2817 998 2876 et
1020 2818 1190 2885 amentes,
1216 2818 1252 2876 et
1269 2815 1330 2893 qui
1346 2832 1462 2893 neque
1484 2815 1605 2876 oculos
1621 2832 1737 2892 neque

404 2923 541 2984 animas
565 2922 602 2983 in
618 2941 657 2984 se
671 2922 855 2993 haberent,
880 2922 1101 3001 spernebant
1123 2921 1326 2999 omniaque
1343 2922 1468 2983 celitus
1498 2921 1738 2982 enunciabau·

404 3032 471 3091 tur.
508 3027 650 3091 Etenim
666 3029 771 3090 stella
786 3018 801 3110 Η
820 3029 1033 3108 prefulgens,
1051 3027 1171 3108 gladio
1185 3046 1251 3107 per
1266 3028 1383 3089 omnia
1399 3028 1533 3100 similis,
1554 3028 1738 3088 imminere

404 3137 560 3215 desuper
583 3136 729 3206 civitati,
766 3137 802 3196 et
823 3137 979 3197 cometes
1002 3137 1170 3214 preterea
1194 3135 1401 3196 exicialibus
1426 3135 1579 3196 flammis
1608 3134 1738 3196 ardere

403 3244 480 3306 visa
503 3245 558 3305 est
580 3261 646 3323 per
669 3244 782 3303 totum
805 3260 946 3303 annum.
987 3240 1050 3303 Set
1065 3244 1149 3302 ante
1166 3240 1295 3302 excidii
1315 3244 1454 3321 tempus
1479 3260 1521 3302 ac
1538 3241 1633 3313 belli,
1657 3259 1738 3302 cum

402 3350 526 3431 populi
558 3349 607 3410 ad
642 3349 738 3410 diem
766 3347 895 3409 testum
921 3348 1161 3419 convenirent¹
1201 3350 1330 3409 octava
1354 3349 1413 3409 die
1433 3348 1566 3409 mensis
1587 3346 1735 3417 Zantici‚

403 3457 464 3536 qui
488 3459 543 3519 est
565 3454 710 3536 Aprilis,
738 3459 899 3534 tempore
922 3455 1047 3526 noctis,
1070 3454 1161 3517 hora
1184 3473 1287 3526 nona,
1313 3457 1434 3516 tantus
1457 3453 1574 3534 fulgor
1595 3454 1737 3515 luminis

403 3582 504 3625 aram
529 3563 772 3643 templumque
796 3561 1042 3633 circumdedit,
1067 3563 1107 3623 ut
1129 3562 1300 3640 putarent
1320 3580 1442 3623 omnes
1466 3561 1562 3623 diem
1585 3560 1737 3622 clarissi-

403 3689 499 3732 mum
523 3669 666 3741 lactum.
704 3669 791 3731 hore
816 3668 964 3730 dimidio
988 3686 1152 3729 manens:
1186 3668 1284 3747 quod
1316 3668 1490 3748 imperitis
1526 3668 1671 3746 quidem
1702 3668 1737 3729 et

402 3777 534 3857 ignaris
558 3794 771 3857 prosperum
793 3776 996 3838 videbatur.
1034 3773 1098 3836 Set
1120 3775 1344 3854 legisperitos
1368 3794 1439 3836 non
1461 3776 1567 3836 latuit
1589 3773 1738 3836 exiciale

405 3991 616 4003 ——an

508 4175 541 4236 a)
563 4198 594 4208 ···
615 4173 690 4225 sive.

509 4339 530 4404 ¹)
548 4340 666 4404 PLATO‚
690 4339 818 4403 Timae.,·
834 4341 904 4393 Did.
923 4339 960 4404 11,
978 4339 1039 4393 205.

510 4426 531 4496 ²)
549 4430 579 4483 S.
597 4430 678 4484 Auo.
699 4429 799 4497 Super
818 4430 925 4484 cenes.
944 4431 987 4483 ud
1004 4430 1068 4493 ute,
1086 4430 1138 4482 lib.
1156 4429 1221 4492 ΧΠ,
1240 4439 1308 4482 xvn
1320 4430 1351 4482 et
1364 4444 1418 4496 sq„
1431 4431 1471 4482 oia
1488 4429 1511 4481 il
1529 4430 1577 4483 est
1593 4429 1737 4496 question

401 4520 457 4572 des
475 4519 592 4573 visions
610 4519 643 4572 et
663 4518 703 4572 de
719 4521 788 4572 leur
808 4518 1003 4586 explication.
1023 4519 1058 4572 ln
1079 4517 1170 4586 oper.
1190 4518 1312 4582 111,467
1332 4533 1380 4586 sq.

510 4605 530 4674 ³)
549 4608 584 4661 G.
603 4608 758 4662 Dominicl
775 4609 824 4662 est
841 4608 911 4675 dein
930 4607 1062 4661 informe'
1081 4607 1124 4660 du
1140 4607 1294 4661 veritable
1312 4608 1422 4660 auteur
1440 4607 1497 4660 des
1524 4608 1703 4661 «Historiae
1712 4627 1737 4670 ι,

401 4712 438 4750 ce
454 4713 515 4765 que
529 4697 562 4750 C.
576 4696 706 4750 Salutati
720 4698 863 4750 semblait
879 4697 1005 4765 ignorer
1016 4712 1130 4750 encore
1142 4696 1221 4749 dans
1237 4711 1300 4749 une
1312 4697 1404 4749 lettre
1416 4695 1459 4750 du
1471 4698 1515 4748 10¹
1527 4695 1644 4750 ievrier
1658 4696 1736 4750 1³92.

402 4786 446 4841 Cl.
465 4787 664 4855 Epistolarlo,
682 4787 703 4840 t.
715 4786 752 4850 11,
770 4802 801 4855 p.
815 4787 877 4840 298,
897 4787 958 4840 Les
980 4786 1234 4852 «Antiquitotes»
1254 4788 1285 4839 et
1296 4787 1344 4838 les
1365 4786 1546 4839 «Historiae
1558 4804 1581 4848 ²,
1600 4800 1640 4838 en
1652 4785 1737 4849 ellet,

400 4875 505 4930 iurent
531 4877 701 4929 attributes
727 4877 866 4943 pendant
891 4877 957 4929 tout
982 4876 1013 4930 le
1031 4875 1147 4943 Moyen
1165 4874 1230 4943 Age
1257 4875 1276 4928 a
1303 4891 1346 4928 un
1371 4875 1489 4929 certain
1505 4874 1667 4944 Egesippe,
1694 4874 1737 4928 du

401 4967 456 5018 1ve
474 4966 575 5020 siecle.
612 4965 656 5019 Cl.
674 4966 852 5028 Fiamcms.
878 4965 1020 5017 Biblioth.
1040 4963 1169 5029 Graeco,
1188 4965 1237 5028 tv,
1261 4974 1365 5031 pam,
1390 4980 1420 5033 p.
1441 4963 1503 5018 231.
1540 4964 1620 5018 Mais
1643 4964 1667 5016 il
1689 4965 1736 5018 est

400 5054 470 5108 vrai
488 5054 528 5109 de
553 5055 621 5108 dire
646 5069 707 5121 que
726 5054 878 5107 Dominicl
903 5069 943 5108 ne
971 5054 1158 5107 connaissait
1182 5054 1213 5107 le
1231 5053 1385 5106 veritable
1410 5054 1521 5107 auteur
1545 5054 1602 5106 des
1620 5055 1737 5106 Hister.

400 5158 462 5211 que
481 5159 538 5211 par
557 5142 809 5198 l'intermediaire
828 5143 990 5197 d’Eusebe.
