4300 6117
751 857 754 862 '
805 859 992 914 IOHANNIS
1014 858 1195 912 DOMINICI
1626 848 1691 911 167

356 1090 412 1148 tas
430 1090 484 1148 est
497 1109 512 1140 ³>
526 1083 546 1148 ¹.
568 1119 606 1126 —
620 1084 668 1147 Et
682 1088 780 1164 post:
809 1103 823 1134 ‹
836 1082 932 1146 Vide
945 1086 1064 1146 utrum
1081 1085 1118 1144 in
1133 1082 1379 1165 phylosophia,
1405 1102 1450 1144 an
1465 1083 1503 1144 in
1518 1084 1598 1162 ipsa
1614 1083 1689 1144 vita

356 1191 578 1272 proieceris².
603 1190 681 1253 Non
706 1195 761 1253 est
783 1191 1009 1271 philosophia
1032 1192 1208 1270 populare
1231 1189 1433 1262 artificium,
1458 1207 1523 1252 nec
1547 1192 1690 1252 obsten-

356 1300 488 1370 tacioni
521 1301 704 1379 paratum:
742 1317 812 1359 non
842 1299 879 1359 in
902 1299 1032 1370 verbIs,
1068 1299 1134 1360 sed
1165 1299 1202 1358 in
1226 1298 1333 1358 rebus
1357 1301 1421 1358 est.
1459 1295 1532 1358 Nec
1562 1298 1599 1357 in
1622 1296 1689 1358 hoc

356 1407 557 1477 adhibetur,
594 1409 633 1467 ut
657 1425 737 1467 cum
760 1406 880 1484 aliqua
905 1406 1151 1467 oblectacione
1175 1407 1406 1466 consumatur
1430 1405 1516 1477 dies,
1543 1407 1604 1465 aut
1628 1405 1688 1465 de·

356 1517 474 1575 matur
498 1515 576 1574 ocio
601 1515 738 1574 nausia.
774 1511 864 1573 Nam
887 1512 952 1574 hec
977 1513 1134 1573 animum
1156 1509 1288 1574 format
1318 1513 1355 1572 et
1381 1511 1546 1583 iabrIcat,
1578 1511 1689 1572 vitam

355 1620 523 1699 disponit,
541 1621 699 1681 actiones
716 1620 814 1700 regit,
833 1620 970 1698 agenda
989 1622 1025 1681 et
1040 1619 1237 1683 omittenda
1252 1619 1485 1689 demonstrat,
1499 1621 1614 1680 tutum
1630 1630 1689 1697 gu-

355 1727 587 1788 bernaculum
600 1728 713 1788 eciam
724 1729 759 1788 et
768 1745 835 1805 per
842 1726 1018 1805 ancipicia
1033 1725 1289 1788 fluctuancium
1299 1727 1420 1805 dirigit
1428 1744 1570 1787 cursum
1579 1729 1646 1786 etc.
1657 1724 1689 1779 »²

356 1866 398 1875 —
413 1833 583 1912 Sequitur
597 1833 645 1894 ad
661 1834 757 1894 idem
774 1826 827 1894 inb
845 1833 1028 1912 epistola
1050 1842 1118 1904 xx,
1144 1834 1284 1894 dicens:
1312 1831 1392 1892 «Mi
1408 1831 1531 1904 Lucili,
1554 1836 1590 1894 te
1603 1844 1687 1911 rogo

356 1943 464 2019 atque
487 1940 620 2012 hortor,
644 1943 683 2002 ut
706 1940 978 2023 phylosophiam
1002 1941 1038 2001 in
1060 1941 1253 2018 precordia
1276 1960 1358 2021 yma
1373 1940 1556 2010 demictas,
1583 1943 1618 2001 et
1632 1958 1688 2000 ex·

355 2048 593 2127 perimentum
615 2045 798 2127 proiectus
822 2049 875 2109 tui
899 2048 1031 2126 capias,
1056 2066 1128 2109 non
1151 2047 1328 2117 oracione,
1361 2066 1426 2108 nec
1448 2048 1593 2126 scripto,
1623 2047 1689 2108 sed

356 2155 465 2216 animi
488 2153 668 2224 firmitate,
703 2155 940 2233 cupiditatum
971 2155 1219 2216 diminucione.
1258 2152 1383 2215 Verba
1414 2156 1521 2215 rebus
1554 2155 1686 2233 proba:

356 2261 454 2322 aliud
477 2261 702 2339 propositum
724 2264 790 2332 est,
819 2264 911 2322 etc.»
930 2293 971 2302 -
988 2261 1034 2322 Et
1050 2261 1230 2340 sequitur:
1258 2261 1421 2322 «Facere
1445 2261 1552 2322 docet
1574 2261 1686 2340 philo·

354 2367 491 2446 sophia,
517 2387 587 2429 non
611 2367 750 2429 dicere:
776 2371 812 2430 et
833 2368 901 2430 hoc
926 2369 1040 2448 exigit,
1066 2371 1105 2429 ut
1128 2367 1176 2429 ad
1199 2369 1312 2447 legem
1335 2387 1438 2430 suam
1461 2369 1613 2447 quisque
1636 2369 1685 2428 vi-

355 2477 424 2545 vat,
451 2493 516 2535 nec
541 2475 699 2536 oracioni
722 2475 797 2536 vita
820 2475 1015 2537 dissenciat
1036 2473 1167 2536 etc.»³.
1192 2509 1231 2516 —
1246 2475 1310 2546 Ibi,
1336 2475 1550 2554 epistola
1573 2493 1686 2536 vero

354 2589 443 2642 LIII
467 2581 605 2643 subdit:
648 2580 973 2661 «Expergiscamur
997 2594 1090 2661 ergo,
1114 2585 1154 2644 nt
1178 2599 1319 2644 errores
1342 2585 1483 2644 nostros
1508 2583 1687 2661 corrigere

354 2688 542 2767 possimus.
575 2686 660 2750 Sola
684 2691 803 2749 autem
828 2681 920 2769 [nos]
943 2688 1174 2768 philosophia·
1193 2690 1372 2762 excitabit,
1397 2690 1475 2751 sola
1498 2707 1686 2767 sompnum

355 2797 517 2857 excuciet
540 2808 684 2875 gravem
699 2817 713 2850 ι
727 2793 748 2868 ⁴,
774 2799 809 2857 et
832 2797 882 2857 ibi
897 2795 1002 2874 plura
1018 2797 1066 2857 ad
1082 2798 1306 2875 propositum
1321 2797 1419 2858 satis.
1430 2829 1474 2837 -
1487 2795 1543 2868 Et,
1569 2799 1609 2857 ut
1624 2796 1686 2856 ali·

354 2903 442 2980 quid
465 2903 691 2983 singulariter
714 2903 759 2963 de
782 2903 844 2963 illa
867 2903 1046 2981 porcione,
1071 2920 1142 2981 que
1161 2903 1268 2964 hodie
1284 2904 1428 2964 videtur
1449 2903 1685 2985 phylosophia

354 3010 562 3088 nuncupari,
602 3012 806 3081 tractemus,
847 3010 1062 3088 epistola
1089 3018 1279 3071 xxxxlu
1312 3012 1362 3072 sic
1386 3011 1463 3090 legi,
1504 3012 1540 3071 ni
1561 3008 1684 3070 fallor:

357 3115 431 3176 «Illi
455 3134 599 3195 quoque
625 3135 695 3177 non
718 3117 872 3189 inventa,
911 3118 977 3178 sed
999 3119 1185 3196 querenda
1222 3119 1325 3179 nobis
1355 3118 1584 3196 reliquerunt,
1624 3117 1686 3196 qui

354 3222 556 3303 philosophi
579 3223 822 3284 nominantur:
863 3228 898 3286 et
922 3225 1139 3286 invenissent
1163 3226 1314 3286 forsitan
1338 3216 1581 3305 [necessaria],
1617 3226 1686 3285 nisi

354 3348 579 3408 supervacua
602 3331 813 3409 quesissent.
838 3329 991 3392 Multum
1014 3331 1084 3392 illis
1103 3333 1274 3410 temporis
1292 3333 1477 3394 cavillacio
1493 3333 1685 3393 verborum

355 3439 391 3499 et
413 3437 584 3515 decepcio
608 3437 748 3515 eripuit,
786 3429 849 3517 [et]
875 3439 1040 3516 capciose
1064 3438 1341 3516 disputaciones,
1367 3457 1437 3517 que
1469 3458 1618 3500 acumen
1649 3440 1686 3500 in

353 3544 536 3605 interitum
560 3547 736 3605 exercent.
761 3542 942 3606 Nectimus
967 3535 981 3627 Η
1007 3545 1131 3616 nodos,
1167 3549 1203 3607 et
1226 3546 1428 3625 ambiguam
1451 3547 1685 3627 significacio·
1774 3531 1804 3592 Β
1820 3531 1890 3595 37¹⁰

353 3669 433 3712 nem
456 3651 576 3712 verbis
611 3651 807 3729 alligamus,
832 3670 875 3712 ac
898 3651 1030 3713 deinde
1052 3653 1221 3714 solvimus
1236 3675 1250 3706 »
1263 3651 1284 3714 ⁵.
1304 3685 1343 3693 -
1357 3651 1405 3714 Et
1427 3654 1539 3714 multa
1556 3654 1685 3714 similia
1777 3657 1783 3673 '

353 3759 584 3837 prosequitur
607 3759 665 3819 ibi.

440 3863 589 3926 Dimitto
606 3865 704 3926 milia
721 3866 857 3927 milium
873 3867 1034 3928 eiusdem
1050 3867 1148 3929 dicta
1161 3866 1321 3938 Moralis,
1336 3869 1559 3929 ostendentis
1572 3869 1684 3947 philo·
1699 3851 1730 3913 2·

352 3971 515 4050 sophiam
540 3972 706 4033 deridere
723 3972 952 4051 sophismata,
976 3975 1137 4053 poesiam
1152 3974 1284 4054 ingere,
1309 3993 1479 4054 spernere
1503 3976 1683 4050 mundum,

353 4082 389 4140 et
412 4078 525 4139 solum
560 4079 609 4139 ad
642 4079 735 4140 bene
758 4080 951 4141 vivendum
983 4099 1065 4142 suos
1103 4081 1257 4161 dirigere
1283 4101 1520 4161 possessores.
1559 4078 1685 4145 Talem

352 4184 613 4264 philosophiam
641 4183 850 4264 Xpistianus
874 4206 945 4248 non
965 4189 1157 4268 impugnat,
1183 4189 1248 4250 sed
1275 4193 1476 4262 veneratur,
1501 4192 1684 4271 amplecti·

351 4395 564 4403 —.-—.

458 4596 490 4655 a)
509 4609 543 4637 :
562 4591 731 4658 profiteris.
769 4595 800 4657 b)
821 4619 853 4630 -
872 4594 912 4646 in.

458 4769 478 4835 ¹)
497 4770 609 4825 SENEc.
628 4773 728 4839 Eptst.
747 4776 789 4826 ad
807 4774 912 4827 Luem.
931 4774 1008 4826 XVI.
1029 4775 1053 4826 1.

459 4858 479 4924 ²)
497 4861 550 4923 In.,
569 4863 639 4913 ibid.
659 4862 684 4914 3.
703 4863 775 4915 Var.

458 4946 478 5014 ³)
497 4951 551 5013 In,
570 4952 669 5016 Epist.
688 4953 731 5003 ad
748 4953 853 5005 Lucili.
873 4952 936 5016 XX,
957 4955 982 5017 1,
1001 4954 1026 5005 2.

457 5035 478 5102 ⁴)
497 5039 550 5103 ID„
569 5041 667 5105 Epist.
687 5043 730 5093 ad
746 5042 852 5093 Lucili.
870 5043 946 5103 LIII,
965 5042 990 5094 8.
1010 5042 1082 5094 Var.

461 5123 481 5192 ⁶)
500 5128 553 5191 In..
572 5130 671 5194 Eptst.
690 5131 733 5182 act
749 5130 856 5182 Lucili.
871 5130 959 5194 XLV,
977 5132 1003 5183 4.
1023 5133 1049 5184 5.
1066 5131 1139 5184 Var.
