4300 6117
463 873 508 934 96
971 884 1130 937 LUCULA
1152 881 1293 937 NOCTIS

416 1106 446 1167 5.
569 1104 695 1167 Restat
718 1107 824 1186 igitur
846 1108 1002 1186 probare
1030 1107 1234 1186 premissas.
1272 1079 1405 1169 'Prima
1434 1112 1505 1170 est:
1542 1109 1704 1170 crimen
1732 1110 1797 1169 est

462 1211 710 1291 vituperare
749 1231 839 1286 eos,
881 1215 955 1292 qui
984 1214 1100 1296 digni
1140 1216 1246 1275 sunt
1290 1215 1434 1276 laude.
1508 1212 1675 1277 Secunda
1719 1217 1796 1276 est:

462 1319 741 1399 philosophos
764 1320 919 1382 multos
943 1321 1164 1399 preconiis
1188 1321 1377 1383 meritos.

568 1426 687 1488 Prima
712 1427 825 1487 estin
847 1427 943 1488 omni
971 1427 1049 1506 lege
1072 1428 1266 1499 notissima,
1302 1431 1426 1489 eterna
1450 1428 1597 1498 seilicet,
1629 1427 1796 1499 naturali,

461 1532 625 1603 humana,
665 1533 802 1612 pariter
824 1536 860 1595 et
882 1533 1015 1594 divina.
1043 1524 1058 1616 {l
1095 1532 1175 1595 Non
1198 1534 1342 1614 negabit
1365 1535 1525 1613 quelibet
1548 1552 1638 1595 anus
1662 1536 1797 1595 turtum

463 1657 541 1701 esse
564 1642 767 1719 peccatum
792 1630 806 1722 ΙΙ
828 1643 883 1702 set
906 1641 941 1702 et
965 1641 1191 1720 sacrilegium
1214 1642 1390 1720 pernitius
1413 1640 1520 1713 furto,
1547 1661 1665 1724 ymmo
1688 1645 1797 1702 teme·

460 1747 595 1807 rariam
617 1747 875 1826 blasphemiam
898 1747 934 1808 in
949 1746 1064 1808 Deum
1080 1749 1224 1809 veritati
1247 1750 1284 1809 et
1298 1749 1452 1810 bonitati
1481 1748 1681 1809 detrahere.
1705 1747 1798 1808 Nam

460 1855 594 1915 veritas
617 1873 688 1914 una
711 1855 797 1926 sola,
835 1871 978 1933 unaque
1001 1854 1153 1925 bonitas,
1180 1873 1333 1933 quarum
1355 1855 1639 1934 participacione
1665 1857 1798 1916 cuncta

459 1978 547 2022 vera
569 1961 808 2040 universaque
831 1961 936 2032 bona,
961 1979 1049 2022 vera
1073 1964 1109 2021 et
1131 1962 1227 2023 bona
1251 1963 1427 2034 dicuntur,
1452 1961 1549 2023 Deus
1575 1965 1640 2023 est.
1678 1960 1797 2046 Quan-

459 2069 535 2129 tum
558 2067 796 2147 displicebant
820 2066 884 2129 Iob
907 2068 1139 2130 detrahentes
1164 2069 1391 2130 sermonibus
1412 2069 1591 2130 veritatis!
1616 2067 1798 2153 Quantum

459 2174 649 2236 mordebat
664 2193 702 2236 se
729 2174 929 2236 lacerantes
953 2173 1166 2246 leronimus‚
1192 2176 1228 2236 in
1244 2176 1390 2255 singulis
1405 2173 1482 2237 iere
1501 2175 1661 2254 epistolis
1677 2172 1797 2254 Scrip-

459 2284 539 2342 ture
556 2279 666 2343 Sacre
689 2282 841 2343 nitorem
865 2281 1100 2360 tangentibus,
1126 2283 1254 2343 canina
1269 2282 1371 2343 rabie
1386 2283 1582 2344 veritatem
1603 2301 1666 2343 sue
1683 2285 1797 2342 trans·

459 2387 607 2449 lacionis
631 2388 814 2449 eliminare
830 2389 1001 2449 volentes.
1027 2387 1159 2450 Omnes
1183 2392 1304 2450 autem
1320 2389 1446 2460 scolas,
1470 2407 1576 2450 usum
1595 2389 1797 2468 linguarum

460 2493 641 2567 habentes,
668 2498 841 2557 convocat
857 2492 1007 2574 Sapiens
1033 2495 1178 2573 quidem
1195 2495 1336 2556 divinus
1360 2495 1397 2555 in
1412 2495 1622 2574 preconium
1638 2495 1797 2556 virorum

460 2602 659 2674 illustrium,
687 2602 810 2663 dicens
834 2620 900 2681 pro
924 2602 1144 2680 probacione
1168 2602 1430 2681 proposicionis
1454 2620 1537 2663 sue:
1565 2599 1797 2662 «Laudemus

459 2709 556 2769 viros
579 2709 764 2788 gloriosos,
790 2712 825 2770 et
848 2711 1018 2788 parentes
1043 2711 1185 2770 nostros
1210 2709 1246 2768 in
1269 2710 1505 2788 generacione
1528 2727 1605 2770 sua.
1644 2707 1798 2769 Multam

459 2815 608 2895 gloriam
642 2813 728 2877 iecit
749 2815 931 2886 Dominus,
963 2813 1234 2895 magnificencia
1258 2833 1325 2876 sua
1348 2834 1371 2876 a
1394 2814 1535 2877 seculo:
1572 2815 1797 2876 dominantes

460 2922 497 2982 in
519 2923 757 3001 potestatibus
782 2922 865 2995 suis,
890 2922 1048 2984 homines
1072 2923 1190 3001 magni
1214 2922 1348 2982 virtute
1372 2924 1408 2983 et
1430 2923 1629 3001 prudencia
1652 2922 1796 3001 prediti,

461 3029 669 3091 nunciantes
699 3029 736 3090 in
759 3029 944 3108 prophetis
970 3029 1182 3108 dignitatem
1205 3029 1479 3108 prophetarum,
1519 3032 1556 3091 et
1578 3029 1797 3109 imperantes

460 3136 498 3196 in
521 3137 680 3214 presenti
693 3136 827 3216 populo
852 3139 886 3196 et
903 3137 1036 3197 virtute
1051 3135 1252 3214 prudencie
1267 3136 1410 3215 populis
1427 3137 1652 3197 sanctissima
1668 3136 1797 3208 verba;

462 3243 498 3302 in
520 3243 657 3322 pericia
680 3261 745 3305 sua
769 3244 993 3322 requirentes
1017 3242 1146 3303 modos
1169 3243 1335 3313 musicos,
1366 3245 1402 3303 et
1425 3245 1614 3303 narrantes
1638 3243 1799 3304 carmina

462 3347 743 3428 Scripturarum;
768 3349 928 3411 homines
955 3350 1085 3426 diuites
1109 3350 1147 3409 iu
1170 3349 1313 3420 virtute,
1342 3349 1617 3428 pulchritudinis
1640 3349 1799 3411 studium

461 3456 650 3530 habentes;
675 3454 908 3536 pacificantes
931 3457 969 3516 in
992 3456 1157 3517 domibus
1182 3457 1266 3518 suis.
1298 3454 1429 3517 Omnes
1454 3457 1513 3517 isti
1537 3457 1573 3516 in
1596 3456 1799 3534 generacio·

463 3563 567 3624 nibus
590 3564 704 3644 gentis
728 3582 790 3625 sue
814 3564 962 3642 gloriam
985 3563 1112 3641 adepti
1135 3564 1227 3635 sunt,
1253 3565 1289 3624 et
1314 3563 1350 3623 in
1374 3563 1501 3624 diebus
1525 3564 1598 3625 suis
1621 3562 1800 3624 habentur

463 3671 500 3731 in
522 3670 699 3732 laudibus.
739 3667 808 3756 Qui
833 3672 879 3731 de
911 3669 982 3731 illis
1006 3671 1084 3730 nati
1106 3673 1188 3730 sunt
1212 3669 1435 3749 reliquerunt
1470 3688 1599 3731 nomen
1626 3670 1799 3731 narrandi

465 3777 591 3838 laudes
615 3774 797 3838 eorum21.
822 3774 899 3838 Hec
924 3775 1079 3856 Spiritus
1103 3774 1266 3838 Sanctus.
1297 3775 1339 3836 In
1362 3776 1492 3855 quibus
1517 3776 1638 3838 verbis
1660 3776 1799 3856 liquido

466 3886 567 3964 patet
590 3884 715 3963 dignos
739 3902 818 3946 esse
841 3884 1021 3964 preconio,
1059 3883 1121 3963 qui
1145 3883 1329 3962 sapiencia
1353 3883 1568 3954 claruerunt,
1594 3884 1800 3945 cecinerunt

467 3991 635 4061 carmina,
660 3992 695 4053 et
719 3991 914 4071 prudencie
940 3992 1052 4052 verba
1075 3990 1230 4068 posteris
1254 3990 1510 4068 relinquerunt.

421 4087 452 4150 6·
574 4096 725 4160 Accedit
748 4099 797 4158 ad
819 4099 915 4158 idem
938 4097 1221 4176 sapientissimus
1246 4094 1424 4170 Salomon,
1459 4097 1496 4158 in
1519 4094 1801 4176 Sapiencie

467 4205 570 4277 libro,
608 4206 669 4284 qui
704 4223 784 4266 cum
816 4203 1021 4266 edificasset
1056 4203 1229 4264 maximas
1253 4204 1349 4274 edes,
1390 4204 1515 4264 orbem
1550 4203 1730 4282 placasset
1763 4205 1801 4263 et

467 4312 676 4373 tributarios
700 4312 769 4374 sibi
792 4310 937 4372 iecisset
960 4321 1071 4390 reges,
1107 4310 1332 4371 instruxisset
1355 4309 1521 4371 miranda
1545 4312 1582 4371 et
1605 4327 1693 4388 opes
1717 4327 1800 4371 con-

467 4422 648 4498 gregasset
671 4419 856 4498 superbas,
881 4418 995 4479 solum
1021 4435 1063 4478 ex
1087 4417 1268 4495 sapiencie
1291 4417 1389 4478 cultu
1411 4418 1516 4495 putat
1539 4434 1578 4477 se
1594 4415 1801 4477 habiturum

467 4605 677 4618 ——d

467 4795 597 4855 passage
615 4788 691 4840 dont
709 4787 730 4839 il
750 4787 857 4854 repete
876 4801 1011 4854 presque
1029 4788 1100 4839 tous
1118 4787 1165 4838 les
1183 4800 1282 4847 noms,
1300 4785 1419 4852 ajoute;
1452 4802 1577 4839 ......
1591 4785 1801 4851 peccaverunt

467 4878 603 4946 graviter
621 4877 738 4930 Alanus
757 4879 851 4943 atque
869 4875 1025 4928 Iohannes
1045 4875 1099 4942 qni
1117 4876 1148 4928 et
1165 4875 1378 4927 Architrenius
1398 4874 1499 4927 dictus
1517 4876 1572 4938 est,
1598 4873 1682 4941 quod
1701 4874 1800 4926 libros

467 4981 539 5019 suos
557 4966 711 5034 tigmentis
728 4965 858 5032 poeticis
877 4967 909 5018 et
926 4965 1068 5019 versibus
1086 4963 1285 5016 ediderunt».
1305 4963 1349 5016 cf.
1368 4963 1567 5030 Epistolorto,
1586 4963 1635 5026 Ν,
1654 4963 1704 5015 lib.
1721 4961 1801 5026 XIV,

468 5059 554 5123 eruat.
572 5065 659 5118 XXIV,
677 5070 708 5122 p.
730 5054 791 5107 232.

576 5141 596 5210 ¹)
615 5144 711 5196 Ecolt.
727 5142 830 5208 XLIV,
850 5143 905 5196 1·8.
