4300 6117
835 956 1023 1012 IOHANNIS
1042 956 1224 1011 nomer

842 1758 1055 1865 [CAPUT
1086 1756 1251 1863 XIV.l

463 2129 626 2220 [V]alida
665 2140 719 2200 est
752 2137 807 2199 vis
843 2137 1060 2216 eloquencie‚
1097 2153 1168 2215 que
1200 2135 1285 2198 olim
1309 2135 1468 2215 cogebat,
1505 2151 1571 2196 nec
1600 2133 1708 2195 hodie
1723 2135 1752 2199 1.

369 2259 458 2308 suas
481 2246 577 2307 vires
600 2245 737 2307 amisit:
762 2245 922 2307 animare
945 2243 1064 2314 silvas,
1090 2241 1238 2304 flumina
1255 2243 1362 2313 stare,
1384 2259 1474 2302 saxa
1487 2240 1707 2313 mollescere,

370 2353 560 2415 mitescere
589 2350 695 2414 feras.
742 2351 783 2412 In
807 2369 888 2431 quo,
913 2363 986 2431 ego,
1019 2368 1086 2412 nec
1108 2352 1223 2411 metro
1248 2368 1328 2410 cum
1351 2347 1512 2416 Marone.
1536 2365 1603 2409 nec
1627 2365 1709 2408 cum

373 2457 544 2521 Cicerone
566 2477 685 2538 prosa,
708 2477 780 2520 non
814 2456 985 2520 facundia
1020 2461 1100 2519 cum
1135 2455 1311 2528 Varrone,
1346 2473 1418 2517 non
1453 2454 1593 2535 ingenio
1628 2471 1709 2515 cum

368 2565 530 2638 Platone,
556 2584 627 2628 non
651 2584 731 2628 cum
753 2565 941 2628 Aristotile
963 2564 1190 2644 argumentis,
1208 2581 1280 2625 non
1298 2563 1423 2642 lepore
1448 2579 1528 2623 cum
1553 2558 1707 2640 Orpheo,

372 2692 443 2736 non
465 2673 642 2753 gravitate
675 2691 755 2735 cum
777 2672 963 2743 leronimo‚
996 2689 1063 2734 nec
1098 2689 1178 2732 cum
1212 2668 1409 2750 Augustino
1440 2667 1554 2730 floreo
1586 2667 1709 2728 divino

370 2798 545 2852 sermone,
569 2779 695 2842 sedin
718 2779 878 2859 qualibet
901 2777 1074 2841 facultate
1098 2779 1225 2851 mutus,
1245 2775 1393 2856 elinguis
1414 2775 1472 2837 vel
1486 2773 1706 2845 balbuciens.

369 2887 447 2949 scio
479 2905 537 2948 me
573 2887 655 2948 stilo
688 2905 710 2948 a
745 2886 906 2965 quolibet
943 2885 1196 2965 superandum.
1233 2881 1297 2945 Set
1328 2873 1342 2965 ll
1381 2899 1485 2944 nemo
1519 2881 1709 2942 veritatem
1793 2883 1823 2944 B
1840 2881 1913 2946 28¹0

374 2994 561 3074 superabit
583 2993 762 3065 invictam,
788 3011 896 3072 quam
918 2993 1009 3072 petit
1031 2990 1236 3062 defendere,
1266 2991 1297 3051 si
1321 2989 1465 3069 quando
1489 3006 1569 3051 eam
1591 2987 1710 3067 lingue

371 3103 556 3181 opugnant
578 3099 741 3170 humane,
766 3102 829 3161 aut
852 3117 893 3161 se
915 3099 995 3179 ipsa
1010 3101 1140 3160 tuetur.
1154 3095 1373 3158 —Ciceroni
1388 3096 1493 3158 libuit
1508 3095 1709 3156 exclamare

370 3207 408 3267 in
430 3207 556 3269 laudes
580 3207 676 3269 eius:
704 3204 758 3267 «0
771 3218 900 3286 magua
914 3206 969 3267 vis
985 3204 1157 3275 veritatis,
1183 3223 1253 3284 que
1276 3204 1402 3266 contra
1416 3202 1598 3264 hominum
1613 3201 1707 3280 inge·

371 3313 439 3385 nia,
473 3313 724 3387 calliditatem,
758 3314 960 3384 solerciam,
995 3313 1193 3391 contraque
1225 3309 1332 3372 fictas
1369 3309 1525 3371 omnium
1558 3307 1707 3369 insidias

367 3419 476 3483 facile
499 3439 565 3501 per
588 3421 744 3500 seipsam
760 3437 800 3482 se
816 3417 978 3482 defendit
990 3416 1031 3481 ›¹.
1050 3455 1090 3464 —
1108 3416 1212 3479 Hane
1236 3417 1383 3497 quidam
1404 3417 1567 3478 lacerare
1583 3432 1707 3495 presu-

368 3530 478 3598 munt,
503 3529 692 3608 presertim
712 3528 752 3589 ut
775 3527 967 3589 videantur
991 3525 1123 3588 cudere
1154 3542 1248 3586 nova
1279 3527 1314 3586 et
1344 3542 1367 3585 a
1400 3523 1505 3603 vulgo
1526 3523 1707 3604 ‚doctores

367 3633 504 3707 haberi,
541 3634 739 3707 credentes,
772 3633 969 3706 secundum
990 3630 1201 3704 Varronem,
1237 3630 1288 3692 nil
1324 3630 1552 3710 magnificum
1585 3628 1706 3691 dicere

369 3758 476 3821 posse
499 3741 568 3803 nisi
590 3759 613 3802 a
637 3759 677 3803 se
701 3741 894 3803 didicerint
911 3739 1063 3819 aliquid;
1089 3739 1174 3818 quia
1196 3737 1298 3808 falso,
1322 3737 1438 3816 iuquit
1458 3737 1528 3808 ille,
1547 3735 1707 3816 magistri

369 3849 629 3927 nuncupantur,
659 3847 784 3909 audita
820 3848 1020 3910 narrantes.
1056 3877 1100 3887 —
1131 3844 1204 3906 Alii
1236 3846 1361 3908 contra
1395 3844 1493 3905 illam
1526 3842 1705 3905 instruunt

368 3953 533 4028 Martem,
565 3972 636 4034 quo
659 3957 790 4034 putant
812 3972 937 4016 verum
961 3972 1039 4016 esse
1066 3952 1240 4032 quicquid
1263 3951 1314 4014 eis
1338 3951 1493 4013 alienum
1516 3950 1659 4011 videtur
1683 3967 1705 4010 a

366 4060 470 4132 falso,
500 4081 572 4123 uon
594 4061 748 4133 veritati,
779 4061 845 4123 sed
880 4079 944 4123 sue
979 4079 1049 4122 non
1084 4077 1168 4122 raro
1197 4059 1356 4139 opinioni
1378 4056 1540 4138 negande
1576 4073 1706 4118 nomen

366 4169 531 4230 veritatis
556 4168 741 4235 donantes.
768 4165 827 4230 Sic
849 4166 927 4229 fere
951 4170 1038 4246 quot
1059 4167 1230 4237 homines,
1255 4167 1309 4227 tot
1331 4167 1414 4227 suut
1436 4163 1474 4225 in
1497 4163 1705 4226 veritatem·

366 4276 465 4337 acies
488 4276 682 4338 verborum
705 4277 852 4336 armate.
877 4272 1014 4336 Cecinit
1036 4274 1105 4336 hoc
1128 4273 1272 4336 Persius
1296 4272 1357 4334 ubi
1381 4271 1492 4333 dixit:

582 4484 596 4510 ι
616 4465 700 4519 Mille
718 4466 877 4520 hominum
894 4465 1021 4533 species,
1039 4465 1071 4519 et
1090 4479 1202 4528 rerum.
1220 4464 1355 4517 discolor
1372 4479 1447 4517 usus

579 4564 669 4617 Velle
687 4579 776 4617 suum
794 4564 905 4631 cuique
922 4563 979 4628 est,
997 4577 1056 4616 nec
1072 4563 1147 4616 voto
1165 4561 1279 4615 vivitur
1297 4576 1359 4615 uno
1379 4557 1415 4612 ι’.

473 4958 505 5019 a)
524 4973 559 5003 =
577 4955 718 5010 veritate.

475 5130 494 5199 ¹)
514 5133 576 5187 Cle.
596 5133 661 5186 Pro
679 5134 724 5185 M.
748 5132 828 5187 Cael.
849 5127 867 5199 5
886 5127 1253 5194 XXV1.Vur.dcsendnt.

474 5220 495 5287 ¹)
513 5223 604 5276 PERS.
626 5221 739 5289 Satyra
763 5223 791 5276 V
803 5223 846 5275 ad
862 5222 943 5275 Ann-
966 5219 1139 5284 Cornutum,
1156 5217 1201 5283 52,
1219 5217 1263 5272 53.
