4300 6117
967 842 1127 896 LUCULA
1149 842 1288 896 NOCTIS

458 1064 641 1142 sapiencia
656 1082 742 1124 vera
765 1065 861 1125 misit
884 1066 1032 1127 ancillas
1057 1084 1150 1137 suas,
1176 1066 1213 1127 id
1238 1070 1292 1127 est
1315 1070 1412 1129 artes
1436 1067 1604 1129 liberales
1629 1071 1664 1130 et
1680 1069 1792 1129 scien·

459 1170 532 1231 cias
557 1171 747 1241 naturales,
779 1174 818 1232 ut
848 1175 1020 1233 vocarent
1042 1174 1091 1234 ad
1124 1191 1244 1234 arcem
1268 1176 1304 1233 et
1326 1175 1444 1234 menia
1469 1174 1634 1246 civitatis,
1668 1175 1792 1237 dicens

457 1295 523 1355 per
545 1278 656 1355 ipsas:
689 1276 757 1337 «Si
781 1279 860 1356 quis
885 1282 939 1340 est
962 1280 1142 1358 parvulus,
1173 1280 1294 1340 veniat
1318 1280 1367 1341 ad
1390 1299 1456 1352 me,
1483 1283 1519 1342 et
1541 1281 1791 1360 insipientibus

457 1384 578 1445 locuta
601 1387 665 1455 est,
693 1387 760 1445 etc.
778 1405 792 1437 »
809 1383 829 1445 ¹.

410 1487 441 1549 9.
569 1489 737 1574 Quisquis
761 1503 844 1571 ergo
868 1492 1046 1553 existimat
1069 1493 1275 1553 intrandum
1300 1494 1444 1555 semitas
1461 1492 1646 1572 Scripture
1677 1513 1789 1567 sacre,

456 1597 629 1657 naturalis
653 1598 807 1658 sciencie
829 1598 965 1676 pericia
988 1618 1057 1659 non
1082 1600 1238 1669 obtenta,
1267 1602 1371 1678 putat
1396 1600 1563 1662 alendum
1579 1602 1791 1663 infantulum

257 1698 287 1757 B
305 1699 375 1759 10¹⁰
456 1703 592 1765 duriori
616 1694 630 1786 ΙΙ
657 1722 740 1765 esca
762 1705 972 1783 priusquam
995 1706 1099 1777 lacte,
1126 1709 1161 1767 et
1185 1708 1355 1775 terminos
1382 1724 1552 1786 quosque,
1579 1708 1790 1770 necessariis

456 1811 582 1872 mediis
617 1811 866 1890 pretermissis,
902 1812 1086 1889 petendos.
1134 1812 1168 1873 Is
1208 1812 1331 1874 volare
1355 1812 1508 1893 imperat
1538 1814 1613 1875 sine
1642 1814 1719 1887 alis,
1744 1817 1788 1885 et,

456 1918 608 1995 pedibus
633 1918 811 1987 abscissis,
838 1919 1042 1997 quempiam
1066 1920 1220 1998 precipit
1253 1920 1447 1991 ambulare,
1486 1920 1717 2000 hominesque
1740 1922 1791 1981 vi·

457 2024 552 2095 dere,
579 2025 639 2103 qui
662 2025 812 2085 visivam
836 2025 1037 2103 potenciam
1062 2026 1220 2087 nondum
1237 2029 1320 2088 sunt
1338 2028 1503 2088 assecuti.
1542 2026 1696 2106 Propter
1712 2026 1788 2099 hoc,

455 2144 641 2210 grecorum
665 2132 974 2209 eloquentissimus
997 2135 1107 2210 atque
1130 2133 1248 2193 tidelis
1274 2123 1336 2215 etl}
1354 2136 1507 2205 sanctus,
1533 2132 1728 2207 Basilius,
1753 2134 1790 2193 in

457 2238 618 2299 doctrine
641 2240 842 2315 protectum
864 2238 1007 2299 mellitis
1031 2240 1255 2301 sermonibus
1280 2240 1437 2320 dirigens
1461 2240 1626 2311 iuniores,
1663 2243 1789 2320 poetas

457 2346 594 2406 censuit
617 2344 664 2404 ab
688 2345 739 2405 eis
763 2345 840 2405 tore
863 2345 1023 2406 studiose
1050 2346 1219 2424 legendos
1234 2344 1255 2407 ¹³.

458 2558 670 2566 ——-—--·

564 2764 583 2831 ¹)
603 2767 748 2817 Proverb.
769 2765 818 2827 IX,
836 2765 891 2818 3-4.

563 2854 583 2919 ¹²)
602 2855 742 2906 Allusion
761 2855 778 2906 a
797 2854 950 2906 l'homelie
964 2854 1004 2907 de
1023 2854 1053 2905 S.
1072 2853 1177 2907 Basile
1195 2869 1275 2920 pour
1287 2862 1476 2922 encourager
1490 2856 1536 2907 les
1554 2856 1663 2921 jeunes
1682 2854 1788 2923 gensi

454 2946 568 2996 l’e'tude
578 2945 632 2996 des
642 2943 878 2996 belles-lettres:
890 2937 998 3005 Ὀμιλία
1006 2939 1072 3005 πρὸς
1081 2939 1139 2997 τοὺς
1148 2939 1221 2994 ruod:
1229 2942 1300 2997 ὅπως
1314 2938 1346 2991 ἀι·
1358 2940 1386 3001 ἐξ
1397 2940 1535 2991 ἓλλενικῶν
1548 2940 1692 3007 ὠφελόιντο
1704 2940 1787 3007 λόγον.

454 3036 532 3085 Vers
546 3035 575 3084 le
588 3034 688 3086 meme
701 3035 801 3099 temps
815 3036 855 3085 ou
866 3032 913 3084 lut
927 3032 1092 3098 composee
1104 3034 1134 3083 la
1148 3033 1273 3095 Luculu,
1294 3048 1334 3085 ou
1346 3034 1388 3084 du
1399 3033 1501 3085 moins
1514 3047 1575 3099 pen
1587 3035 1788 3099 anparavant,

453 3124 615 3177 Leonardo
643 3122 739 3174 Bruni
765 3122 849 3173 avait
877 3122 981 3174 donne
1009 3121 1049 3172 de
1075 3123 1156 3173 cette
1183 3122 1315 3174 homelie
1340 3137 1401 3174 une
1419 3122 1595 3174 traduction
1612 3122 1716 3184 latine,
1735 3122 1788 3188 qui

454 3215 506 3265 eut
525 3228 567 3265 un
586 3212 649 3264 tres
675 3211 773 3277 grand
792 3212 907 3263 succes.
946 3210 1089 3262 Colnccio
1108 3210 1239 3263 Salutati
1257 3212 1386 3263 renvoie
1404 3209 1452 3262 fra
1472 3211 1627 3263 Giovanni
1645 3211 1685 3262 da
1704 3210 1789 3263 Sam·

452 3303 578 3354 miniato
597 3302 615 3353 a
635 3303 684 3352 cet
702 3300 778 3352 ecrit
796 3301 837 3351 de
857 3299 885 3352 S.
899 3298 1011 3361 Basile,
1030 3314 1110 3365 pour
1128 3300 1158 3352 le
1177 3300 1357 3352 re'concilier
1376 3314 1452 3352 avec
1470 3300 1583 3353 retude
1602 3301 1656 3352 des
1675 3299 1788 3353 belles·

453 3394 571 3445 lettres.
603 3390 647 3442 CI.
667 3390 856 3455 Epistolario
868 3390 900 3440 di
914 3388 944 3440 C.
963 3388 1002 3451 S,
1020 3389 1069 3449 IV,
1089 3389 1138 3440 lib.
1159 3388 1236 3439 XIV.
1257 3392 1342 3455 epist.
1365 3388 1470 3451 XXIII,
1490 3404 1519 3455 p.
1535 3389 1594 3441 184.
1621 3387 1661 3440 M.
1676 3388 1788 3441 Novati

453 3481 542 3547 place
561 3480 591 3531 la
610 3480 688 3530 trad.
706 3478 746 3529 de
766 3477 863 3529 Bruni
880 3493 954 3530 vers
975 3478 1138 3529 1400-1401.
1168 3477 1228 3529 Nul
1247 3479 1340 3530 doute
1359 3477 1516 3529 d'ailleurs
1541 3492 1602 3544 qne
1621 3479 1701 3529 cette
1718 3493 1788 3531 ver·

454 3571 522 3621 sion
540 3570 582 3620 ait
600 3570 649 3620 ete'
669 3568 842 3633 entreprise
860 3566 939 3618 dans
959 3582 1001 3618 un
1019 3568 1074 3619 but
1094 3567 1323 3633 apologetique;
1350 3582 1390 3618 en
1408 3566 1492 3629 estet,
1512 3567 1590 3618 dans
1610 3566 1640 3618 la
1653 3566 1788 3632 pre'tace,

453 3659 506 3724 qui
526 3659 640 3710 servait
659 3672 699 3708 en
718 3658 817 3707 meme
842 3657 943 3722 temps
969 3656 1009 3707 de
1028 3656 1121 3707 lettre
1144 3656 1267 3708 d'envoi
1291 3656 1331 3707 de
1349 3656 1504 3708 l'homelie
1521 3655 1539 3707 a
1559 3654 1590 3707 C.
1609 3655 1749 3717 salutati,
1768 3656 1787 3708 a

453 3748 504 3814 qui
523 3747 620 3799 Bruni
639 3762 679 3798 en
696 3746 799 3798 taisait
816 3746 987 3812 hommage,
1012 3747 1042 3796 le
1068 3746 1247 3797 traducteur
1272 3744 1460 3811 s'exprimait
1486 3745 1578 3797 ainsi:
1607 3732 1693 3797 «Sed
1717 3760 1788 3797 cum

452 3838 515 3889 sint
539 3836 684 3904 permulti
709 3838 802 3902 atque
827 3835 922 3886 incliti
947 3835 1029 3896 libri,
1056 3849 1133 3901 quos
1152 3835 1205 3886 ille
1224 3830 1378 3901 [Basilius]
1404 3834 1634 3887 accuratissime
1654 3834 1787 3900 scriptos

452 3927 590 3992 reliquit;
616 3940 674 3977 nos
699 3925 731 3975 in
756 3925 913 3991 presentia
938 3924 1020 3975 hunc
1045 3924 1237 3990 potissimum
1258 3923 1438 3990 delegimus,
1464 3923 1547 3990 quod
1565 3923 1697 3976 maxime
1715 3938 1788 3976 eum

453 4016 626 4068 conducere
644 4016 685 4066 ad
703 4014 804 4066 studia
823 4016 929 4064 nostra
948 4013 1090 4064 arbitrati
1111 4027 1231 4065 sumus:
1251 4015 1345 4078 atque
1363 4012 1432 4065 ideo
1446 4012 1592 4064 libentius
1604 4013 1636 4064 id
1648 4012 1788 4074 lecimus,

453 4106 536 4171 quod
560 4104 743 4157 auctoritate
767 4103 845 4154 tanti
871 4102 931 4153 viri
954 4103 1108 4169 ignaviam
1134 4118 1170 4153 ac
1196 4102 1434 4168 perversitatem
1453 4116 1560 4153 eorum
1585 4102 1786 4167 cupiebamus

452 4193 631 4261 reirIngere,
657 4192 709 4258 qui
734 4192 834 4243 studia
858 4191 1056 4243 humanitatis
1076 4191 1254 4257 vituperant
1279 4192 1372 4256 atque
1399 4192 1439 4242 ab
1458 4190 1504 4241 his
1531 4190 1655 4243 omnino
1675 4191 1787 4242 abbor-

453 4285 584 4335 rendnm
608 4283 743 4334 censent.
781 4280 869 4354 Quod
893 4280 930 4331 iis
957 4280 1105 4346 contingit
1129 4279 1197 4331 iere
1216 4280 1357 4331 omnibus
1376 4280 1429 4345 qui
1448 4294 1485 4331 ea
1503 4280 1648 4331 tarditate
1673 4280 1788 4348 ingenii

452 4374 532 4435 sunt,
557 4373 590 4423 ut
608 4370 703 4422 nichil
721 4370 817 4422 altum
834 4384 936 4436 neque
961 4371 1117 4436 egregium
1136 4370 1262 4421 valeant
1286 4367 1416 4421 intueri:
1443 4368 1584 4435 quicum
1602 4368 1643 4420 ad
1668 4370 1787 4421 nullam

451 4463 572 4527 partem
591 4459 790 4512 humanItatis
810 4459 951 4525 aspirare
969 4458 1028 4525 ipsi
1046 4458 1177 4524 possint,
1195 4472 1253 4510 nec
1271 4458 1348 4509 alios
1368 4456 1493 4524 quidem
1504 4457 1535 4509 id
1548 4458 1665 4510 debere
1681 4458 1787 4510 iacere

451 4551 653 4603 arbitrantur.
692 4547 754 4600 Sed
778 4548 835 4600 hos
855 4563 924 4600 cum
942 4562 997 4600 sua
1023 4547 1195 4613 ignorantia
1220 4547 1446 4613 relinquamus:
1472 4562 1573 4613 neque
1599 4546 1682 4599 enim
1701 4548 1786 4616 digni

452 4641 523 4692 sunt
541 4641 581 4692 de
599 4639 710 4704 quibus
729 4638 827 4690 verba
845 4636 930 4689 tiant.
942 4656 954 4680 »
994 4634 1079 4699 (Cod.
1100 4636 1243 4699 Riccard,
1263 4636 1340 4699 1244,
1360 4650 1384 4688 c.
1403 4634 1474 4699 313.)
1510 4635 1589 4688 Note
1608 4637 1647 4687 de
1666 4635 1786 4701 Novati,

450 4729 526 4781 Ibid.
