4300 6117
472 845 539 910 218
978 854 1137 909 LUCULA
1159 851 1300 907 NOCTIS

469 1081 559 1140 tino
572 1080 748 1150 tradente,
762 1079 860 1158 quod
869 1078 985 1139 invisa
996 1077 1145 1159 diligere
1155 1096 1353 1157 possumus,
1364 1078 1546 1157 incognIta
1555 1075 1808 1158 nequaquam¹.

468 1185 612 1247 Abeant
647 1187 753 1265 igitur
790 1186 973 1266 gentilium
1002 1187 1171 1264 suspecta
1201 1189 1416 1259 commenta,
1453 1203 1523 1265 que
1553 1186 1675 1248 nescio
1702 1202 1809 1264 quem

468 1292 842 1373 Demomogorgonem,
868 1311 973 1372 quem
1005 1290 1208 1364 Saturnum,
1239 1310 1345 1371 quem
1376 1291 1521 1363 Cetium.
1548 1311 1654 1371 quem
1677 1291 1807 1364 Iovem,

470 1418 579 1479 quam
603 1398 769 1469 Cibelem.
795 1418 903 1479 quam
926 1400 1097 1461 Iunonem
1119 1398 1305 1480 preferunt
1329 1400 1468 1471 ceteris,
1498 1402 1543 1471 et
1575 1418 1663 1460 vera
1681 1399 1807 1460 divini·

469 1510 545 1568 tate
568 1509 682 1586 rapta,
707 1525 817 1586 super
838 1508 959 1569 sidera
982 1508 1104 1568 locant
1126 1509 1162 1567 et
1178 1508 1281 1568 nobis
1302 1525 1373 1568 non
1389 1507 1441 1568 sic
1465 1506 1564 1567 aliud
1580 1506 1672 1567 scire
1688 1523 1806 1585 quam,

470 1633 550 1676 cum
573 1613 695 1686 Paulo,
719 1613 896 1693 Xpistum‚
921 1617 957 1675 et
979 1614 1072 1675 hunc
1097 1613 1306 1675 crucifixum
1318 1612 1339 1675 ².

423 1719 453 1781 6.
575 1720 651 1782 Iam
683 1721 909 1783 concluditur
943 1722 1102 1791 tercium.
1138 1720 1284 1793 scilicet,
1321 1721 1420 1800 quod
1449 1724 1549 1782 recta
1581 1720 1740 1801 cognicio
1764 1737 1806 1780 ex

468 1829 679 1891 obediencia
692 1829 805 1889 eciam
816 1829 1019 1891 divinorum
1031 1832 1285 1908 preceptorum
1296 1828 1469 1907 procedit.
1481 1860 1520 1869 -
1530 1826 1634 1888 Hanc
1650 1828 1805 1889 insinuat

267 1933 297 1993 B
312 1932 359 1997 48
470 1934 623 2016 Spiritus
648 1933 810 2006 Sanctus,
836 1936 936 1997 cuius
964 1936 1161 1998 auctoritas
1197 1938 1252 1997 est
1286 1936 1443 1997 omnium
1466 1936 1650 1997 racionum
1666 1924 1681 2016 ll
1709 1934 1807 1995 racio

468 2062 615 2104 summa.
640 2042 700 2104 Ait
724 2043 819 2103 enim
841 2061 907 2122 per
935 2043 1209 2124 tympanistram
1240 2061 1365 2103 suum:
1393 2041 1641 2121 ‹Preceptum
1664 2040 1806 2102 Domini

368 2131 371 2136 ’
467 2150 635 2222 lucidum,
660 2150 862 2211 illuminaus
886 2150 1008 2211 oculos
1028 2147 1077 2211 »³.
1103 2149 1181 2212 Hoc
1205 2150 1301 2211 idem
1323 2149 1401 2229 ipse
1436 2147 1628 2211 Psalmista
1662 2148 1807 2210 dicebat

469 2260 659 2337 expertus:
687 2255 908 2342 «Quomodo
933 2258 1040 2318 dilexi
1063 2257 1177 2337 legem
1200 2260 1307 2329 tuam,
1331 2255 1507 2318 Domine!
1531 2252 1625 2318 Tota
1648 2255 1708 2317 die
1735 2272 1806 2315 me·

468 2365 602 2426 ditacio
625 2382 705 2426 mea
733 2367 801 2436 est;
826 2382 936 2445 super
959 2365 1120 2427 inimicos
1143 2383 1242 2426 meos
1265 2364 1478 2444 prudentem
1501 2382 1559 2425 me
1581 2361 1807 2425 lecistiman·

467 2472 554 2533 dato
578 2474 648 2542 tuo.
674 2472 758 2550 quta
780 2472 817 2532 in
841 2474 1004 2533 eternum
1031 2472 1117 2533 mihi
1148 2475 1212 2534 est.
1252 2469 1368 2551 Super
1398 2489 1519 2533 omnes
1551 2472 1720 2532 docentes
1751 2486 1809 2530 me

467 2578 633 2652 intellexi,
658 2580 743 2658 quia
775 2579 979 2641 testimonia
1009 2581 1071 2640 tua
1103 2579 1295 2641 meditacio
1325 2596 1404 2640 mea
1436 2582 1489 2640 est
1517 2597 1524 2638 :
1564 2596 1673 2657 super
1704 2594 1806 2638 senes

466 2686 633 2757 intellexi,
651 2686 736 2765 quia
753 2686 924 2747 mandata
940 2688 1003 2747 tua
1019 2686 1158 2768 quesivi
1177 2684 1226 2747 »⁴.
1245 2722 1282 2731 -
1299 2685 1565 2766 Promulgatum
1581 2687 1636 2747 est
1651 2684 1808 2763 idipsum

467 2794 504 2853 in
527 2811 619 2855 novo
641 2790 872 2855 Testamento
887 2812 910 2854 a
925 2793 1042 2872 prima
1064 2792 1238 2866 Veritate,
1263 2794 1425 2855 dicente:
1461 2810 1475 2842 <
1496 2792 1535 2854 Si
1558 2793 1637 2872 quis
1653 2791 1806 2852 voluerit

466 2902 586 2963 iacere
624 2901 844 2962 voluntatem
878 2900 996 2963 Patris
1030 2901 1109 2971 met,
1135 2901 1223 2962 sciet
1260 2901 1307 2961 de
1329 2901 1494 2962 doctrina
1518 2917 1598 2961 mea
1621 2902 1741 2960 utrum
1764 2914 1808 2959 ex

353 3024 356 3031 ·
466 3007 544 3069 Deo
567 3008 622 3080 sit,
640 3026 687 3069 an
704 3019 767 3087 ego
784 3027 807 3070 a
822 3008 959 3088 meipso
975 3008 1131 3087 loquar»
1149 3005 1169 3068 ὅ.
1189 3038 1228 3048 -
1245 3006 1574 3088 Picthagoricorum
1591 3007 1685 3068 enim
1701 3006 1806 3067 disci·

468 3115 567 3194 plina
582 3116 658 3187 tuit,
683 3115 907 3177 Ieronimo
930 3115 1114 3185 recitante.
1139 3133 1275 3194 super
1297 3114 1647 3176 Ecclesiastem:
1668 3108 1805 3173 Tacere

468 3240 534 3301 per
561 3222 816 3301 quinquenium
845 3225 880 3284 et
911 3224 1037 3302 postea
1067 3222 1227 3283 eruditos
1262 3219 1385 3300 loquit.
1421 3220 1545 3282 Voluit
1569 3224 1688 3282 autem
1717 3220 1806 3281 illud

469 3328 734 3408 quinquennale
756 3329 942 3391 silencium
965 3328 1157 3390 obediendi
1181 3328 1362 3390 insinuare
1384 3328 1562 3389 virtutem.

421 3428 452 3492 7.
575 3434 677 3498 Nunc
699 3437 822 3514 itaque
845 3436 1071 3497 manifestum
1095 3438 1182 3514 puto
1207 3436 1386 3515 quomodo
1410 3437 1457 3496 sit
1474 3436 1522 3497 ad
1538 3434 1805 3514 perlectionem,

469 3544 514 3605 de
539 3543 671 3623 quain
706 3546 914 3623 argumento
949 3544 1074 3623 agitur.
1099 3543 1343 3622 gradiendum.
1378 3541 1469 3603 Nam
1503 3544 1619 3623 primo
1657 3542 1804 3604 obedire

469 3652 612 3730 oportet
644 3650 774 3712 divinis
805 3652 996 3730 preceptis.
1030 3649 1110 3711 Hiis
1148 3650 1331 3711 imbuendi
1366 3653 1448 3712 sunt
1482 3649 1631 3729 parvuli,
1663 3650 1731 3711 hec
1761 3649 1804 3711 sit

468 3756 575 3818 ianua
599 3758 748 3819 rudibus
773 3758 924 3837 primam
947 3758 1180 3836 querentibus
1196 3760 1311 3818 artem
1326 3755 1345 3819 ⁷.
1372 3755 1547 3831 Secundo,
1564 3758 1626 3819 illa
1642 3758 1805 3820 doctrina

579 4080 598 4147 ¹)
617 4082 646 4136 S.
665 4083 744 4137 Auo.
770 4084 817 4135 De
836 4083 951 4149 Spiritu
970 4085 1000 4134 et
1018 4083 1126 4145 littera,
1144 4082 1278 4134 XXXVI.
1316 4082 1400 4135 Nous
1426 4082 1554 4136 n'avons
1572 4098 1615 4151 pn
1642 4086 1804 4139 retronver

469 4172 501 4226 le
520 4174 603 4225 texte
622 4173 664 4226 tel
683 4173 757 4240 qu'il
775 4174 823 4225 est
850 4172 954 4225 donni
972 4187 1030 4240 par
1048 4172 1209 4235 Dominici,
1233 4171 1251 4223 a
1269 4172 1370 4225 motns
1389 4172 1463 4239 qu’il
1481 4173 1555 4225 n'ait
1574 4174 1728 4240 pritendn
1743 4176 1803 4227 tra·

467 4262 560 4315 duire
578 4277 630 4316 ces
648 4263 773 4329 paroles
791 4263 831 4316 de
856 4261 886 4314 S.
905 4260 1000 4315 Auca
1032 4261 1136 4314 ‹Soti-l
1152 4264 1231 4313 enlm
1248 4261 1366 4328 ollqntd
1383 4262 1431 4313 vel
1454 4264 1545 4325 credi,
1572 4266 1602 4315 et
1627 4265 1727 4317 tamen
1747 4279 1803 4317 non

467 4352 553 4419 dlltgl
577 4353 694 4417 potest:
720 4353 804 4419 diligt
826 4354 928 4403 autem
952 4352 1036 4418 quod
1059 4366 1156 4417 neque
1181 4354 1395 4418 sciturusque
1420 4354 1564 4414 creditur,
1586 4368 1647 4405 non
1666 4356 1801 4419 potest.»

467 4440 504 4493 Iu
525 4439 618 4506 oper.
636 4441 673 4503 Χ,
691 4440 752 4493 243.

579 4526 648 4594 ⁷)S.
667 4531 774 4593 Pron„
793 4529 806 4580 1
824 4532 868 4582 aa
887 4528 1061 4592 Cor.‚11,2.

576 4614 596 4682 ⁸)
614 4619 737 4683 Psalm.¹
755 4619 860 4681 xvm,
878 4619 904 4672 9.

579 4706 601 4773 ⁴)
619 4709 742 4771 Psalm„
762 4708 891 4771 CXVIII,
912 4708 1023 4761 97-101.

579 4794 602 4863 ⁵)
621 4797 651 4850 S.
672 4798 793 4861 Ionan..
811 4797 874 4858 vn.
895 4798 938 4849 17.

577 4883 598 4952 ⁸)
617 4886 646 4940 S.
665 4887 797 4939 Hmiorl.
816 4889 852 4939 In
870 4887 1086 4939 Ecclesiasten.
1106 4887 1141 4940 In
1163 4887 1254 4955 Oper.
1274 4889 1324 4953 111,
1344 4890 1422 4943 1090.
1455 4890 1514 4945 Sur
1533 4893 1614 4944 cette
1632 4892 1802 4960 disprline‚

467 4974 509 5028 ct.
530 4977 614 5029 aussi
632 4976 743 5029 SENEc.
764 4978 864 5043 Epist.
883 4978 926 5028 ad
943 4976 1049 5029 Luctll.
1068 4977 1130 5028 LII.

578 5062 597 5131 τ)
618 5065 662 5118 Cf.
680 5063 806 5129 Thnrot,
824 5065 895 5117 Not.
915 5068 945 5117 et
962 5069 1036 5117 extr.
1055 5068 1093 5118 de
1112 5082 1185 5119 mss.
1206 5068 1258 5120 lat.
1274 5084 1358 5134 pour
1373 5066 1510 5123 serviret
1530 5072 1617 5123 l'htst.
1636 5072 1693 5124 des
1711 5074 1801 5125 doctr.

464 5162 595 5223 gramm.
613 5156 654 5206 dn
673 5156 717 5207 M.
737 5155 784 5218 A„
802 5164 869 5223 pag.
888 5155 932 5206 47.
