4300 6117
854 883 1041 936 IOHANNIS
1061 882 1242 936 DOMINICI
1669 873 1710 936 51

466 1104 520 1168 Ibi
535 1106 603 1167 hac
619 1107 746 1169 eadem
770 1107 893 1187 ligura,
918 1108 986 1168 sub
1009 1106 1088 1168 aliis
1113 1107 1243 1179 verbis,
1268 1106 1380 1168 utitur
1403 1104 1640 1168 Gracianus
1664 1104 1712 1167 ad
1728 1103 1758 1166 9.

372 1212 485 1273 finem
515 1212 689 1286 eumdem,
724 1214 761 1274 in
798 1211 974 1285 Canone,
1003 1212 1292 1275 DIstinctione
1321 1211 1499 1285 XXXVII,
1536 1231 1613 1293 cap.
1643 1211 1713 1274 Le·

374 1319 517 1399 gimus,
551 1319 622 1393 ubi,
658 1338 726 1400 pro
761 1322 891 1382 robore
919 1322 1018 1383 tante
1043 1321 1203 1382 veritatis
1227 1323 1445 1382 memoratur
1468 1318 1653 1382 Habraam
1678 1321 1713 1380 et

374 1424 528 1507 Moysen
551 1427 660 1506 atque
682 1426 869 1489 Danielem
892 1427 930 1487 in
954 1427 1049 1488 omni
1073 1427 1230 1488 sciencia
1254 1425 1468 1489 Caldeorum
1487 1425 1713 1507 Egiptorum·

301 1525 304 1531 ’
378 1549 450 1610 que
473 1533 633 1595 eruditos
656 1530 798 1603 fuisset
824 1533 1017 1612 subditque
1040 1535 1155 1595 verba
1174 1534 1390 1595 venerabilis
1407 1533 1515 1606 Bede,
1540 1534 1577 1594 in
1599 1534 1712 1594 libro

377 1636 556 1719 Regum
591 1640 760 1702 dicentis:
798 1638 868 1700 «Si
897 1659 970 1702 non
1003 1640 1088 1702 licet
1110 1638 1308 1720 Xpistianis
1338 1640 1467 1702 litteris
1491 1640 1713 1701 secularibus

376 1746 439 1817 uti,
472 1744 618 1827 Moyses
642 1750 679 1808 et
700 1746 829 1808 Daniel
860 1747 1043 1827 sapiencia
1075 1749 1111 1808 et
1141 1747 1270 1810 litteris
1301 1746 1541 1829 Egypciorum
1564 1745 1714 1807 Caldeo-

377 1870 529 1931 rumque
563 1872 634 1914 non
668 1856 878 1933 paterentur
914 1854 1059 1925 erudiri,
1096 1872 1248 1932 quorum
1283 1857 1403 1916 tamen
1436 1854 1713 1933 supersticiones

377 1959 484 2021 simul
507 1963 542 2021 et
565 1958 714 2022 delicias
739 1960 944 2022 horrebant.
991 1959 1065 2023 Nec
1090 1961 1168 2039 ipse
1191 1962 1361 2041 magister
1390 1961 1553 2041 gencium
1576 1958 1715 2039 aliquid

378 2084 504 2128 versus
527 2069 716 2147 poetarum
739 2067 797 2128 vel
820 2067 965 2147 scriptis
981 2072 995 2101 ⁸
1018 2067 1211 2129 indidisset
1226 2068 1284 2129 vel
1308 2067 1445 2130 dictis»
1464 2067 1485 2128 2.
1510 2066 1581 2129 Ubi
1595 2066 1715 2147 glosa

378 2168 633 2235 Theutonici
671 2174 820 2235 fratris
859 2174 1119 2246 Iohannis,
1159 2172 1304 2235 Ordinis
1343 2173 1623 2245 Predicatorum,
1664 2173 1715 2234 sic

379 2278 531 2341 notat:³
579 2280 700 2341 «Nam
722 2281 852 2360 legitur
882 2279 1060 2343 Actibus
1091 2279 1233 2353 XVII,⁴
1265 2282 1372 2361 quod,
1397 2300 1478 2344 cum
1501 2280 1633 2343 Paulus
1656 2296 1715 2339 ve·

378 2386 491 2448 nisset
514 2386 683 2459 Athenas,
708 2387 799 2450 vidit
823 2406 925 2448 aram
948 2388 1059 2467 ignoti
1073 2388 1151 2461 Dei,
1175 2389 1308 2467 inqua
1332 2391 1411 2449 erat
1426 2388 1617 2467 scriptum:
1638 2385 1715 2447 Hec

378 2496 435 2554 est
457 2512 522 2555 ara
546 2494 656 2573 ignoti
678 2493 754 2566 Dei,
791 2494 828 2555 in
861 2512 933 2572 quo
955 2495 1118 2567 vivimus,
1152 2513 1336 2556 movemur
1367 2498 1402 2557 et
1432 2513 1563 2567 sumus,
1598 2512 1621 2555 a
1645 2511 1715 2572 qua

377 2600 559 2680 scriptura
582 2599 776 2681 Apostolus
813 2602 909 2681 cepit
944 2602 1234 2680 predicacionem
1268 2620 1370 2662 suam
1404 2605 1439 2664 et
1473 2602 1615 2680 aperuit
1646 2599 1715 2660 iliis

381 2706 656 2769 Atheniensibus
681 2726 824 2768 sensum
846 2708 940 2769 illius
964 2710 1152 2789 scripture,
1175 2726 1396 2787 prosequens
1420 2708 1465 2770 de
1489 2707 1565 2769 Deo
1582 2710 1714 2777 nostro,

383 2816 419 2874 et
455 2813 595 2875 dicens:
635 2813 780 2898 <Quem
803 2833 867 2876 vos
902 2815 1021 2877 dicitis
1056 2816 1224 2894 ignotum,
1258 2826 1323 2895 ego
1352 2815 1502 2895 predico
1533 2817 1568 2876 et
1596 2814 1713 2875 colo.»

382 2915 483 2982 Tunc
499 2919 691 3000 Dyonisius
715 2920 943 3001 Areopagita,
967 2922 1093 2983 videns
1109 2922 1302 3001 quemdam
1319 2940 1442 2983 cecum
1461 2922 1715 2991 transeuntem,

385 3027 492 3088 dixit:
518 3025 556 3087 Si
578 3027 835 3090 illuminaveris
859 3028 952 3091 hunc
977 3047 1108 3101 cecum,
1135 3028 1290 3091 credam.
1315 3026 1525 3107 Statimque,
1551 3028 1717 3089 invocato

384 3134 524 3195 nomine
548 3133 667 3215 Xpisti
689 3133 869 3205 Crucifixi,
893 3135 1112 3198 illuminatus
1138 3138 1201 3207 est,
1227 3138 1262 3197 et
1285 3136 1345 3197 ilie
1362 3136 1557 3197 credidit».
1581 3133 1717 3196 Indidit

380 3240 496 3301 eciam
519 3241 556 3302 in
579 3241 764 3321 epIstola
797 3242 850 3303 ad
873 3237 1011 3303 Titum
1046 3242 1136 3304 illud
1163 3240 1408 3322 Epigmenidis
1437 3245 1558 3323 poete:
1594 3234 1717 3320 [Aliud

383 3348 476 3407 enim
497 3346 565 3409 tuit
588 3340 725 3427 AratrI]
749 3346 948 3420 Cretenses,
973 3349 1066 3410 male
1089 3349 1215 3421 bestie,
1240 3352 1383 3411 ventres
1407 3350 1499 3429 pigri
1514 3346 1534 3422 ⁵,
1559 3348 1591 3408 1²
1616 3347 1716 3432 Que-

380 3454 525 3515 stione
548 3453 574 3526 I,
599 3453 797 3517 Dominus
823 3455 1070 3517 declaravit.
1091 3488 1129 3496 —
1147 3455 1358 3517 interseruit
1382 3456 1495 3518 eciam
1517 3456 1554 3516 in
1582 3455 1717 3535 prima

383 3560 567 3640 epistola
600 3560 654 3622 ad
690 3559 942 3633 Corinthios,
968 3580 1046 3642 cap.
1069 3571 1134 3635 XV,
1166 3562 1255 3624 illud
1277 3562 1440 3625 Euandri
1463 3565 1586 3642 poete:
1623 3560 1716 3641 Sepe

380 3666 495 3729 bonos
530 3686 646 3730 mores
683 3672 916 3749 corrumpunt
948 3669 1127 3747 colloquia
1160 3667 1281 3731 mala⁶
1320 3668 1376 3731 28.
1419 3668 1649 3754 Questione
1688 3668 1714 3741 1,

385 3880 597 3889 ———

489 4084 521 4144 a)
540 4097 574 4129 =
594 4082 786 4149 scriptorum.

490 4256 511 4322 ¹)
529 4259 683 4312 (inrisu.
702 4262 821 4313 Decrei.
838 4259 911 4327 Cap.
930 4262 1071 4328 Legimus
1083 4259 1146 4311 VII.
1160 4258 1238 4312 DIst.
1254 4258 1402 4312 XXXVII.
1420 4259 1447 4310 A
1464 4260 1533 4313 vrai
1545 4259 1614 4313 dire
1629 4259 1651 4311 il
1664 4260 1717 4329 n'y

383 4348 432 4401 est
450 4362 507 4414 pas
526 4349 614 4415 parle
632 4348 828 4401 d’Abraham.

491 4432 511 4501 ²)
529 4437 607 4489 Bm).
624 4438 741 4505 Regum
760 4438 795 4500 11,
813 4448 856 4502 ix,
874 4441 905 4490 in
924 4436 1076 4489 Samuelis
1093 4436 1264 4503 allegoricis
1283 4438 1529 4504 expositionibus.

491 4522 511 4591 ³)
535 4524 615 4579 Tout
639 4527 670 4580 le
694 4535 826 4595 passage
851 4526 975 4579 suivant
999 4524 1177 4592 appartient
1202 4525 1221 4577 a
1245 4526 1276 4578 la
1301 4527 1387 4595 gloss
1412 4526 1582 4595 marginale
1608 4540 1662 4578 sur
1686 4527 1716 4581 le

383 4614 504 4668 Decrei.
543 4614 617 4682 Cap.
638 4618 787 4684 Legimus,
806 4616 884 4668 Dist.
900 4614 1049 4667 XXXVII.

489 4701 511 4770 ⁴)
531 4702 577 4756 Cf.
598 4704 667 4757 Aci.
688 4704 780 4768 XVII,
793 4704 828 4757 23
841 4719 887 4771 sq.
914 4705 958 4755 Le
976 4704 1104 4756 miracle
1122 4704 1269 4769 rapport&
1288 4704 1494 4770 n'appartient
1512 4718 1568 4771 pas
1586 4704 1715 4758 aureoli

384 4792 439 4844 des
457 4792 561 4844 Actes.

490 4877 745 4946 ⁶)S.PAu1..ad
767 4880 940 4945 T1:.,5,12.
974 4882 1011 4934 G.
1032 4878 1183 4933 Dominici
1201 4894 1241 4932 ne
1260 4881 1319 4934 cite
1337 4879 1661 4947 qu'incompletement
1679 4894 1715 4933 ce

384 4970 482 5023 texte:
510 4989 523 5012 ‹
535 4969 695 5024 Cretenses
711 4986 833 5037 semper
851 4972 1021 5033 menduces,
1045 4970 1146 5023 malae
1164 4970 1288 5035 bestiae,
1306 4972 1428 5023 ventres
1441 4972 1525 5037 pigri
1535 4988 1558 5022 ».
1593 4968 1716 5036 Epime-

384 5058 465 5123 nide,
482 5058 574 5125 poete
589 5060 701 5113 cretois
719 5061 762 5113 dn
779 5060 832 5111 Ἦ*
850 5059 945 5113 siecle
962 5076 1011 5113 av.
1030 5058 1128 5112 J.·Ch.

491 5144 513 5213 ⁰)
532 5148 563 5203 S.
580 5150 679 5202 Pam.
698 5149 713 5200 1
731 5150 774 5201 ud
793 5148 872 5213 cvr,
891 5158 944 5211 xv,
962 5148 1007 5202 33.
