4300 6117
833 1007 1019 1060 ιοΗΑΝΝιε
1042 1007 1223 1060 nonnum
1650 995 1693 1059 87

361 1252 437 1295 cem
449 1231 468 1304 ¹,
495 1233 670 1294 instructo
693 1233 797 1312 plene
820 1250 892 1293 non
914 1250 936 1293 a
960 1231 1152 1293 Plutarco·
1174 1231 1321 1310 politico
1332 1230 1352 1303 ²,
1387 1232 1452 1293 sed
1475 1250 1498 1293 a
1522 1230 1694 1310 Gregorio

359 1339 579 1412 Nazanzeno,
602 1358 740 1401 summo
757 1339 930 1418 theologo,
954 1338 1057 1399 huius
1075 1339 1237 1418 corporis
1261 1339 1444 1400 mirandas
1460 1334 1643 1399 minutiesb
1655 1339 1694 1399 in

359 1466 468 1508 unum
491 1446 656 1508 subtilius
680 1446 864 1526 redigente
876 1444 897 1506 ³.
938 1445 1030 1531 Quia
1058 1445 1166 1524 igitur
1198 1449 1324 1525 pastor
1345 1443 1507 1507 Ecclesie
1541 1445 1693 1506 maxime

360 1555 556 1633 oportunus
594 1553 677 1614 talis
714 1553 874 1633 corporis
909 1553 979 1614 sibi
1001 1552 1169 1614 vendicat
1206 1554 1323 1631 caput,
1360 1555 1399 1613 ut
1423 1553 1542 1632 capiat
1570 1570 1693 1613 omnes

359 1679 494 1732 sensus,
530 1660 707 1721 universis
731 1660 959 1721 sensibilibus
991 1659 1138 1739 expedit
1171 1661 1248 1720 iore
1272 1659 1457 1738 repletum.
1497 1658 1576 1720 Non
1600 1659 1693 1720 enim

358 1767 531 1828 Dominus
557 1767 666 1846 capiti
690 1784 796 1828 aures
819 1767 911 1828 tales
937 1767 1123 1837 concessit,
1147 1784 1218 1845 qne
1233 1766 1348 1828 solum
1362 1759 1376 1848 ll
1395 1765 1599 1827 Philomene
1616 1765 1693 1847 lyre

360 1878 674 1954 organorumquec
697 1874 925 1952 perciperent
948 1892 1095 1935 suavem
1120 1876 1339 1945 concentum,
1376 1874 1441 1934 sed
1465 1875 1501 1934 et
1526 1874 1695 1934 audirent

360 1981 500 2042 ruditus
535 1980 646 2052 aselli,
682 1979 1009 2060 heleiantinumque
1039 1980 1196 2040 barrum.
1236 1979 1432 2059 Apostolus
1455 1998 1618 2059 namque,
1643 1981 1694 2039 in·

360 2090 501 2149 struens
523 2083 645 2148 Titum
681 2088 777 2148 circa
813 2087 1021 2148 electionem
1044 2086 1130 2148 boni
1160 2087 1325 2166 pastoris,
1367 2087 1598 2166 quambrevi
1621 2105 1694 2148 ser·

360 2213 462 2256 mone
487 2195 656 2274 depinxit,
682 2197 874 2273 postquam
897 2194 1001 2256 dixit:
1030 2190 1362 2274 ‹Amplectentemd
1383 2213 1472 2266 eum,
1492 2195 1554 2273 qui
1571 2211 1695 2254 secun·

360 2302 445 2363 dum
469 2302 670 2363 doctrinam
695 2304 758 2373 est,
784 2302 929 2363 iidelem
952 2319 1189 2373 sermonem»,
1214 2302 1376 2381 protinus
1401 2301 1599 2362 subiunxit:
1628 2299 1695 2362 «Ut

359 2409 486 2488 potens
510 2409 556 2469 sit
580 2409 737 2469 exortari
761 2409 797 2468 in
821 2408 985 2470 doctrina
1009 2426 1099 2469 sana
1122 2410 1159 2470 et
1183 2426 1244 2469 eos
1276 2408 1338 2487 qni
1363 2409 1615 2469 contradicunt
1638 2426 1693 2468 ar·

360 2527 488 2595 gnere»
504 2514 525 2576 ⁴.
551 2515 695 2577 Clarum
719 2518 773 2577 est
796 2518 917 2576 antem
933 2515 1217 2578 contradictores
1241 2514 1449 2595 frequenter
1466 2533 1545 2576 esse
1560 2514 1694 2576 maihe·
1710 2504 1762 2566 12·

360 2623 519 2696 maticos,
555 2622 786 2702 philosophos
811 2613 825 2705 Ι,
851 2626 887 2684 et
911 2622 1100 2701 sophistas,
1137 2623 1186 2684 ad
1211 2641 1361 2702 qnorum
1386 2623 1608 2684 eversionem
1635 2641 1694 2683 ne·
1779 2611 1809 2671 Β
1826 2608 1902 2672 18'0

361 2746 460 2790 cesse
485 2732 539 2790 est
561 2729 655 2790 scire
677 2730 820 2790 illorum
843 2729 1037 2790 doctrinas.
1062 2729 1242 2791 Derisioni
1266 2731 1360 2791 enim
1382 2731 1548 2808 paterent
1570 2731 1695 2790 contra

360 2837 611 2897 mathematica
646 2836 881 2915 disputantes,
922 2855 1045 2898 eorum
1082 2837 1259 2915 principia
1287 2836 1500 2916 ignorantes,
1541 2835 1634 2897 sicut
1656 2836 1693 2897 in

364 3087 573 3095 --—-.—.

467 3297 499 3357 α)
519 3311 552 3340 :
572 3295 727 3362 Plutargo.
765 3295 796 3357 b)
816 3311 849 3340 :
868 3295 1025 3347 municies.
1063 3298 1092 3359 c)
1114 3322 1144 3331 —
1166 3309 1235 3361 que.
1272 3297 1305 3358 d)
1326 3297 1357 3356 4·
1377 3295 1457 3346 tunc.

468 3477 492 3544 ¹)
510 3481 632 3544 Ηοκιτ,
652 3482 721 3534 Art.
736 3485 818 3548 poet.
836 3481 870 3534 3:

653 3617 665 3640 ι
676 3603 786 3645 Humano
802 3603 874 3655 capiti
890 3603 1010 3644 cervicem
1027 3603 1109 3656 pictor
1124 3603 1234 3656 equium

654 3689 666 3712 «
676 3673 778 3726 iungere
793 3675 813 3716 si
829 3675 895 3723 velit,
911 3677 934 3716 ei
949 3675 1030 3715 varias
1045 3675 1161 3716 inducere
1176 3675 1271 3726 plumas

654 3746 787 3799 «Undique
803 3746 897 3788 collatis
912 3747 1034 3797 membris,
1049 3747 1076 3787 ut
1092 3746 1195 3798 turpiter
1209 3748 1288 3786 atrurn

652 3832 664 3854 ι
674 3816 772 3859 Desinat
787 3818 812 3858 in
827 3819 918 3869 piscem
935 3819 1020 3859 mulier
1034 3817 1143 3858 formosa
1157 3827 1290 3868 superne».

450 3922 471 3988 ²)
496 3926 649 3979 Dominici
675 3929 749 3980 vent
778 3929 884 3995 parler
911 3928 968 3980 des
999 3929 1068 3980 Vies
1095 3927 1135 3978 de
1163 3928 1339 3993 Plutarque.
1376 3926 1402 3978 11
1429 3941 1469 3979 ne
1494 3927 1614 3979 semble
1638 3942 1695 3994 pas

358 4014 627 4082 ne'anmoins‘que
653 4019 703 4068 cet
728 4024 864 4083 ouvrage
890 4017 946 4070 dut
966 4018 1032 4069 dire
1058 4031 1172 4069 encore
1189 4015 1252 4069 iort
1270 4015 1411 4083 re'pandn
1430 4015 1448 4066 a
1467 4017 1548 4068 cette
1567 4017 1695 4082 epoque.

359 4102 407 4154 En
433 4102 517 4165 eiiet,
544 4104 574 4157 C.
600 4104 731 4158 Salutati
757 4106 836 4158 dans
862 4121 922 4158 une
948 4106 1049 4168 lettre,
1076 4106 1095 4156 a
1120 4106 1200 4157 Juan
1226 4105 1408 4157 Fernandez
1427 4104 1467 4156 de
1484 4103 1627 4168 Heredia,
1652 4105 1697 4157 du

361 4193 399 4244 1er
417 4191 536 4245 ievrier
555 4193 624 4247 1392
643 4191 914 4261 (epistolarium,
928 4210 957 4261 p.
971 4193 1034 4258 301)
1054 4209 1095 4246 ne
1114 4194 1238 4246 connait
1253 4193 1355 4261 gnere,
1374 4195 1405 4246 et
1418 4208 1530 4246 encore
1542 4207 1583 4244 ne
1595 4194 1695 4246 l'a·t-il

359 4295 414 4346 pas
433 4297 503 4343 vue,
530 4295 591 4349 que
610 4284 640 4336 la
666 4284 848 4346 traduction,
878 4285 948 4350 qu'a
965 4283 1021 4336 tait
1039 4283 1118 4336 {aire
1137 4298 1194 4335 son
1218 4283 1464 4349 correspondant
1488 4283 1545 4334 des
1565 4284 1637 4336 Vies
1655 4284 1695 4336 de

359 4371 528 4437 Plutarque
553 4386 593 4423 en
616 4381 688 4440 grec
706 4373 846 4440 vulgaire
874 4374 905 4426 et
931 4388 970 4424 en
995 4373 1129 4424 dialecte
1155 4372 1327 4439 aragonais.
1363 4372 1389 4424 11
1408 4374 1456 4424 est
1475 4373 1543 4424 vrai
1569 4372 1643 4439 qn'il
1662 4387 1696 4424 se

359 4474 494 4526 propose
513 4460 553 4511 de
571 4459 649 4514 faire
667 4478 727 4515 une
753 4461 928 4514 traduction
951 4463 1046 4514 latine
1065 4462 1105 4514 de
1125 4477 1160 4513 ce
1179 4461 1252 4528 qu'il
1280 4460 1404 4528 appelle
1429 4461 1460 4513 le
1484 4463 1531 4514 De
1558 4463 1695 4526 hystoria

359 4549 482 4601 XXXX
485 4551 556 4602 VIII
569 4552 687 4602 Ducum
706 4555 736 4604 et
760 4553 898 4604 Virorum
916 4551 1093 4602 illustrium.
1111 4551 1195 4603 Nous
1214 4565 1328 4603 savona
1343 4551 1415 4617 qu'ii
1427 4566 1467 4602 ne
1482 4553 1538 4617 put
1550 4551 1696 4603 executer

360 4652 417 4690 son
435 4639 545 4705 projet,
564 4640 641 4690 mais
660 4640 682 4692 il
701 4655 741 4692 en
759 4641 892 4707 charges
910 4640 943 4692 L.
955 4640 1061 4702 Bruni,
1081 4640 1133 4707 qui
1152 4655 1331 4704 commenqa
1349 4639 1428 4691 ainsi
1450 4655 1508 4705 par
1527 4641 1696 4706 Plutarque

360 4740 411 4780 ses
436 4727 627 4780 traductions
653 4729 695 4782 dn
720 4737 799 4796 grec.
837 4729 880 4783 ei.
906 4730 1041 4792 Novari,
1066 4729 1198 4794 Epistol.
1225 4729 1274 4790 IV,
1299 4745 1329 4795 p.
1348 4728 1409 4791 301,
1428 4743 1458 4779 n.
1477 4729 1503 4779 4.
1543 4727 1587 4781 Ci.
1613 4729 1696 4781 aussi

360 4815 394 4868 G.
413 4817 524 4879 VOIGT,
552 4819 600 4870 die
626 4818 888 4888 lillederbelebnng
911 4822 967 4872 des
992 4819 1083 4871 class.
1102 4818 1301 4880 Alterthums,
1328 4820 1366 4880 II,
1385 4819 1421 4870 Β.
1447 4819 1476 4870 V.
1503 4819 1561 4870 Die
1585 4819 1693 4871 Ueber·

359 4908 494 4972 seizung.
512 4905 646 4968 Bruni's,
663 4923 692 4974 p.
713 4907 773 4960 1⁶5.

468 4993 488 5060 ²⁴)
508 4994 538 5047 S.
557 4995 656 5048 GREG.
675 4996 751 5048 NAz.
773 4997 1032 5064 Apologetioa.1n
1054 4995 1144 5064 Oper.
1163 4997 1256 5058 1,407
1276 5012 1319 5063 sq.
1338 4997 1423 5048 Dans
1443 5012 1477 5049 ce
1497 4997 1635 5049 discours
1654 5011 1694 5049 ou

360 5081 461 5146 truite,
487 5083 517 5136 S.
536 5083 684 5152 Gregoire
713 5086 836 5138 ce'lebre
855 5101 894 5138 en
913 5085 996 5149 eiiet,
1022 5087 1052 5138 la
1071 5086 1186 5153 dignite‘
1205 5086 1247 5138 du
1265 5085 1432 5139 sacerdoce
1450 5087 1481 5138 et
1499 5086 1530 5137 la
1548 5085 1692 5138 constitn-

360 5172 425 5225 tion
445 5172 486 5225 de
504 5173 638 5241 l'Egiise.
1143 5162 1146 5170 ¹

449 5257 470 5326 ⁴)
490 5261 518 5314 S.
538 5264 635 5316 Pius.
655 5265 697 5315 αα
719 5262 782 5326 Tu,
801 5273 819 5327 1,
838 5263 863 5317 9.
