4300 6117
461 844 528 905 206
967 852 1127 907 LUCULA
1150 852 1290 907 NOCTIS

459 1075 608 1158 fugam1,
633 1077 732 1139 dicat
763 1077 825 1139 illa
859 1079 1053 1157 complexa,
1079 1077 1125 1140 de
1158 1078 1290 1156 quibus
1319 1078 1475 1140 sciencia
1505 1078 1631 1141 haberi
1655 1078 1798 1149 dicitur,

459 1185 679 1265 equipollere
703 1184 1010 1246 condicionalibus
1034 1185 1138 1257 veris,
1157 1203 1308 1264 quarum
1332 1186 1491 1264 quelibet
1509 1189 1564 1248 est
1580 1186 1797 1258 necessaria,

459 1292 652 1355 dicendum
675 1292 850 1370 estquod
874 1292 1030 1353 sciencia
1054 1292 1254 1353 certissima
1276 1290 1343 1352 Dei
1367 1295 1516 1354 nonest
1540 1292 1587 1353 de
1619 1294 1796 1355 condicio·

458 1399 600 1460 nalibus
624 1401 660 1459 et
684 1398 780 1477 quod
805 1398 957 1477 quilibet
979 1397 1085 1460 homo
1109 1398 1219 1460 habet
1241 1399 1510 1461 racionabiliter
1544 1399 1712 1462 dubitare
1749 1400 1797 1461 de

459 1506 555 1568 omni
577 1506 828 1585 proposicione
853 1524 875 1567 a
898 1504 975 1567 Deo
1000 1523 1071 1567 non
1094 1506 1255 1568 revelata
1279 1509 1314 1567 et
1337 1508 1439 1567 actus
1463 1508 1598 1585 primos
1631 1526 1702 1569 non
1734 1507 1795 1567 im·

406 1696 411 1703 .
458 1615 643 1693 portante,
679 1615 742 1673 aut
776 1613 822 1673 sit
857 1614 1062 1673 necessaria
1096 1612 1326 1691 impossibilis
1360 1613 1419 1673 vel
1453 1613 1678 1694 contingens.
1717 1632 1794 1675 cum

460 1709 595 1802 nemo!
631 1719 764 1781 habeat
778 1722 793 1752 ⁸
815 1719 973 1781 hesitare
994 1719 1104 1781 hanc:
1140 1718 1237 1781 Dens
1266 1720 1373 1797 plura
1401 1723 1520 1798 potest
1556 1738 1663 1799 quam
1694 1722 1794 1783 inlel-

459 1829 573 1889 lectus
597 1818 767 1888 creatusb
790 1826 910 1887 valeat
933 1827 1101 1906 cogitare.
1125 1824 1237 1888 Nemo
1255 1826 1351 1888 dicet
1368 1825 1425 1888 hic
1440 1830 1644 1907 stoycorum
1660 1829 1794 1908 opinio·

460 1954 542 1997 nem
558 1933 759 2006 tenendam,
784 1933 882 2012 quod
898 1933 1007 1994 nichil
1030 1934 1115 1995 sciri
1138 1934 1327 2013 contingat,
1347 1934 1377 1994 si
1390 1934 1591 1996 meminerit
1607 1938 1709 1997 actus
1725 1937 1795 2015 pri·

460 2061 536 2104 mos
554 2042 715 2103 exclusos
739 2043 775 2101 et
791 2043 933 2121 stoycos
950 2058 1021 2101 non
1036 2039 1146 2102 fuisse
1170 2040 1216 2102 de
1232 2041 1388 2102 sciencia
1412 2043 1484 2101 tam
1505 2042 1630 2103 stricte
1645 2044 1793 2105 locutos.

415 2142 445 2204 5.
568 2146 803 2209 Secundum
836 2148 934 2226 quod
949 2148 1111 2226 sequitur
1146 2150 1210 2209 est
1241 2146 1370 2209 Deum
1404 2148 1632 2227 gloriosum
1669 2150 1795 2211 talem

459 2255 688 2319 scienciam
723 2272 803 2315 non
836 2253 1007 2325 habere,
1044 2273 1133 2315 cum
1167 2273 1249 2315 non
1284 2273 1358 2333 per
1392 2255 1572 2334 species,
1610 2256 1684 2318 sed
1722 2276 1796 2336 per

459 2364 642 2443 seipsum
666 2363 815 2423 cuncta
839 2361 1010 2422 scibilia
1033 2379 1136 2440 pure
1161 2360 1540 2441 cognoscat—Ex
1563 2362 1631 2424 hiis
1655 2364 1796 2426 elicitur

460 2471 558 2533 clare
573 2487 645 2531 una
667 2468 854 2529 verissima
877 2467 1164 2547 disiunctivaque
1187 2467 1389 2547 copulative
1421 2468 1566 2529 realiter
1588 2471 1794 2549 equipollet,

459 2577 644 2640 videlicet:
670 2575 774 2637 Solus
798 2574 894 2636 Deus
921 2574 968 2636 de
992 2576 1167 2637 creaturis
1191 2574 1300 2637 habet
1324 2576 1524 2649 scienciam,
1550 2578 1607 2637 vel
1639 2578 1795 2640 sciencia

459 2684 528 2746 Dei
551 2687 587 2746 et
611 2682 766 2745 sciencia
790 2684 914 2743 nostra
936 2701 1008 2743 non
1042 2685 1124 2743 sunt
1159 2681 1320 2743 eiusdem
1351 2683 1500 2762 generis.
1537 2681 1795 2767 Quodcumque

460 2792 575 2860 detur,
600 2789 755 2850 habetur
777 2789 1033 2868 propositum...

413 2890 443 2953 6.
570 2896 784 2958 Declaratur
806 2894 902 2956 idem
924 2913 992 2974 per
1014 2894 1173 2967 tercium.
1199 2895 1297 2974 quod
1321 2896 1366 2957 de
1389 2896 1546 2957 sciencia
1578 2899 1792 2960 occurrebat

460 3003 692 3085 pensandum,
716 3003 868 3065 scilicet:
893 3002 995 3081 quid
1019 3002 1206 3064 sciencia
1229 3003 1285 3063 sit
1308 3004 1537 3064 secundum
1560 3006 1794 3067 essenciam

460 3111 599 3174 suam?
622 3110 689 3172 Est
715 3110 808 3172 enim
846 3109 1034 3171 sciencia
1071 3108 1237 3170 lucidus
1278 3112 1315 3170 et
1351 3110 1588 3189 completus
1623 3111 1793 3174 habitus

459 3218 770 3280 intellectus
793 3217 840 3277 in
864 3219 1049 3279 certam
1073 3235 1230 3277 rerum
1254 3220 1527 3278 creatarum
1551 3220 1793 3298 cognicio·

458 3344 563 3387 nem
598 3324 984 3386 intellectivam
1017 3307 1483 3401 producens³.-Per
1509 3325 1792 3397 «lucidus»,

458 3432 696 3495 excluduntur
710 3449 733 3491 a
748 3431 904 3492 sciencia
919 3430 1010 3491 tides
1030 3433 1066 3492 et
1082 3430 1212 3509 opinio.
1242 3428 1454 3510 Oppositum
1479 3434 1533 3493 est
1557 3435 1593 3494 et
1618 3450 1791 3514 «comp-

456 3541 615 3611 letus»,
655 3539 741 3618 quia
769 3538 854 3599 licet
888 3538 992 3598 unius
1015 3538 1077 3609 rei,
1120 3537 1218 3599 cuius
1254 3540 1337 3599 sunt
1371 3538 1614 3600 conclusiones
1650 3540 1791 3602 scibiles

456 3648 562 3717 mille,
588 3649 726 3708 tantum
747 3645 901 3706 habeam
924 3662 1042 3717 unam,
1057 3663 1130 3706 non
1152 3647 1274 3706 tamen
1297 3663 1372 3706 rem
1396 3644 1494 3706 illam
1517 3664 1585 3725 per
1599 3647 1791 3708 scienciam

459 3871 664 3880 --——-

563 4052 596 4112 a)
614 4050 683 4103 Une
690 4063 798 4103 erreur
806 4050 845 4102 de
858 4048 1131 4116 paginationenB:
1151 4064 1192 4101 on
1204 4050 1268 4102 doit
1276 4050 1381 4103 suivre
1392 4049 1428 4103 45
1436 4050 1512 4113 B,47
1521 4050 1555 4102 Α.
1576 4051 1608 4113 h)
1619 4078 1646 4086 -
1657 4052 1788 4104 creatus.

563 4224 584 4293 ¹)
603 4226 745 4279 Allnsion
762 4228 980 4294 transparente
997 4226 1016 4279 a
1035 4226 1186 4293 Gregoire
1209 4227 1250 4279 de
1279 4226 1392 4279 Rimini
1419 4224 1448 4293 (†
1467 4226 1556 4292 1358),
1583 4227 1710 4295 general
1734 4228 1787 4279 des

453 4316 590 4369 Ermites
609 4317 649 4368 de
662 4316 750 4369 Saint
764 4316 922 4385 Augustin,
941 4315 994 4382 qui
1013 4317 1065 4369 eut
1083 4331 1146 4368 nne
1164 4316 1228 4368 tres
1249 4317 1367 4384 grande
1379 4314 1790 4382 reputationil'Universile

455 4406 496 4459 de
513 4406 610 4458 Paris.
635 4406 661 4458 11
679 4407 769 4472 porte
787 4406 818 4459 le
836 4420 963 4459 snmom
981 4406 1021 4457 de
1051 4406 1189 4458 «Ductor
1214 4407 1438 4459 authenticus».
1475 4406 1501 4457 11
1523 4404 1569 4458 lut
1587 4421 1630 4458 nn
1646 4406 1704 4458 des
1722 4406 1789 4473 plus

455 4496 572 4548 chands
591 4496 747 4563 partisans
766 4495 823 4547 des
842 4493 1071 4547 Nominalistes.
1105 4493 1162 4546 Ses
1181 4508 1306 4548 oeuvres
1325 4495 1512 4561 principales
1531 4496 1617 4547 sont:
1640 4494 1790 4547 Commen-

456 4587 528 4637 rarii
545 4588 575 4636 in
593 4586 822 4649 quatuordeeim
841 4584 988 4649 episio'as
1006 4584 1088 4635 beati
1104 4583 1203 4646 Pauli,
1222 4584 1314 4636 Liber
1332 4587 1370 4636 de
1394 4584 1508 4647 Ueteris,
1527 4584 1621 4637 Liber
1637 4586 1675 4635 de
1693 4585 1790 4635 inien-

454 4676 539 4726 eione
559 4677 589 4726 et
606 4675 782 4726 remissione
795 4669 980 4735 formarum,
999 4673 1030 4723 et
1049 4672 1133 4724 aussi
1154 4671 1368 4724 Commentarii
1385 4676 1415 4724 in
1433 4674 1545 4725 Libros
1560 4672 1790 4726 Sententiarum.

454 4763 616 4830 L'opinion
633 4762 652 4814 a
671 4762 807 4828 laquelle
825 4760 979 4813 Dominici
996 4759 1053 4813 lait
1071 4761 1204 4814 allusion
1223 4762 1307 4815 avait
1325 4762 1395 4829 de'ja
1415 4762 1464 4814 ete
1479 4762 1664 4825 combattue,
1684 4763 1790 4815 contre

455 4852 604 4921 Gregoire
621 4851 791 4912 d'Arimini‚
812 4864 869 4917 par
888 4850 956 4903 Joh.
978 4850 1156 4917 Capreolus,
1175 4848 1220 4903 cf.
1238 4848 1441 4915 Defensiones
1465 4850 1666 4919 theologicae,
1679 4850 1701 4913 l,
1713 4866 1742 4918 p.
1755 4849 1792 4902 49

455 4956 512 5008 sq„
532 4942 579 4994 ed.
599 4941 848 5009 Paban-Pegnes,
868 4939 947 4993 1900.

564 5028 585 5097 'l
604 5029 649 5084 ef.
668 5029 697 5082 S.
716 5027 823 5082 ΊἨΟΜ.
844 5029 873 5081 1³
888 5027 922 5102 Q.
941 5028 1020 5091 xlv,
1038 5044 1064 5082 a.
1084 5029 1110 5081 5.

563 5118 583 5185 ¹¹)
602 5119 647 5173 Ci.
666 5119 769 5171 ARIST.
788 5120 828 5171 Vl
847 5118 948 5171 Ethic.
966 5132 1033 5184 cap.
1051 5128 1096 5182 vl.
1114 5134 1144 5171 n.
1164 5118 1190 5171 1.
