4300 6117
854 1015 1040 1069 IOHANNIS
1062 1015 1244 1069 DOMINICI
1650 1004 1716 1068 323

381 1240 554 1319 placitum
577 1240 748 1312 institute,
785 1240 880 1301 omni
904 1241 983 1302 toro
1015 1244 1171 1303 testante
1181 1238 1201 1301 ¹.
1239 1239 1296 1301 An
1318 1258 1405 1301 vero
1427 1237 1524 1301 Deus
1559 1239 1716 1317 particu-

381 1345 507 1408 lariter
542 1347 709 1408 docuerit
743 1347 921 1408 hominem
954 1348 1053 1426 loqui
1092 1351 1127 1409 et
1150 1348 1280 1426 quibus
1314 1346 1485 1411 articulis,
1521 1348 1638 1407 fateor
1659 1364 1716 1407 me

380 1455 554 1534 ignorare,
594 1454 803 1515 doctoribus
835 1456 928 1516 inter
961 1472 1000 1516 se
1037 1455 1084 1517 de
1119 1454 1186 1517 hoc
1222 1454 1413 1533 plurimum
1447 1453 1715 1515 altercantibus.

382 1559 495 1622 Bruta
517 1579 605 1623 vero
627 1562 818 1623 instruisse
841 1579 912 1622 non
928 1562 1063 1632 dubito,
1090 1580 1161 1641 que
1174 1579 1302 1623 vocum
1325 1562 1421 1622 sonis
1442 1561 1597 1632 mutatis,
1621 1578 1716 1620 nunc

380 1668 546 1740 leticiam,
584 1687 678 1730 nunc
715 1668 902 1730 tristiciam
937 1686 977 1730 se
999 1668 1134 1731 habere
1170 1668 1366 1748 designant,
1403 1670 1439 1730 et
1470 1686 1541 1729 non
1564 1667 1715 1730 hiisdem

380 1776 529 1837 vocibus
555 1775 671 1854 pullos
695 1794 780 1837 suos
795 1778 935 1847 vocant,
962 1776 1092 1854 quibus
1116 1775 1284 1846 abiciunt,
1310 1776 1461 1853 aliisque
1483 1774 1717 1837 blandiuntur

381 1885 417 1943 et
440 1882 519 1943 aliis
543 1884 690 1943 terrent.
730 1880 833 1943 Unde
856 1901 896 1944 se
919 1884 1042 1945 mutuo
1065 1883 1262 1962 intelligere
1289 1881 1408 1954 credo,
1444 1882 1481 1942 in
1503 1881 1629 1942 libro
1652 1880 1715 1942 De

379 1988 707 2051 Naturalibus
731 1990 938 2050 auctoritati
962 1987 1154 2051 Senece
1178 1989 1338 2059 credens,
1372 1988 1499 2049 horum
1521 1988 1643 2067 aliqua
1665 1987 1715 2050 lo·

385 2097 445 2175 qui
454 2096 475 2157 ².
512 2095 629 2158 Homo
655 2096 761 2158 docet
784 2096 833 2158 ad
857 2098 1029 2176 placitum
1053 2100 1090 2159 et
1113 2096 1329 2175 quibusdam
1351 2096 1431 2157 aliis
1455 2114 1477 2156 a
1500 2114 1539 2156 se
1561 2096 1715 2156 inventis

380 2204 532 2265 minimis
567 2204 726 2264 instituit
760 2204 968 2283 disciplinis,
1005 2205 1080 2265 sine
1114 2204 1257 2265 illorum
1279 2206 1399 2265 tamen
1426 2201 1599 2282 profectu,
1634 2220 1715 2263 cum

380 2330 453 2371 nou
476 2311 523 2371 sit
539 2328 620 2371 cum
635 2328 682 2371 an
687 2310 775 2390 gelis
791 2312 838 2372 ad
854 2310 1075 2372 laudandum
1091 2310 1322 2382 Altissimum,
1339 2328 1456 2389 neque
1472 2328 1552 2371 cum
1567 2309 1714 2371 homini·

379 2419 446 2479 bus
470 2417 518 2478 ad
543 2435 583 2479 se
606 2420 729 2479 mutuo
754 2417 995 2479 exercendum
1017 2418 1053 2478 in
1078 2418 1320 2498 cognicionem
1344 2418 1501 2478 divinam
1521 2419 1653 2478 creata.
1672 2448 1712 2457 —-

381 2524 474 2586 Hinc
499 2525 668 2603 estquod
687 2525 881 2603 Apostolus
904 2543 975 2586 non
999 2526 1158 2586 meminit
1172 2526 1328 2604 linguam
1344 2525 1531 2593 brutalem,
1556 2524 1620 2585 sed
1636 2527 1712 2585 tan·

380 2635 455 2694 tum
477 2632 685 2711 angelorum
710 2635 746 2694 et
768 2632 958 2702 hominum,
985 2651 1064 2692 cum
1089 2632 1134 2693 de
1158 2630 1384 2711 perfeccione
1408 2630 1492 2692 tecit
1512 2648 1712 2693 sermonem

380 2740 428 2800 ad
444 2736 655 2811 Corinthios,
682 2740 822 2801 dicens:
850 2737 917 2799 «Si
940 2739 1066 2818 linguis
1090 2739 1270 2801 hominum
1294 2739 1422 2816 loquar
1445 2739 1481 2799 et
1504 2737 1711 2817 angelorum

379 2849 445 2908 etc.
461 2892 467 2907 .
482 2891 489 2908 .
505 2892 511 2907 .
529 2838 578 2906 »³.

491 2952 700 3032 Promptum
739 2956 794 3014 est
832 2972 937 3015 nosse
961 2953 1009 3014 ad
1040 2954 1128 3031 qnid
1165 2953 1293 3023 valeat,
1334 2970 1397 3015 seu
1420 2952 1575 3031 qualiter
1604 2953 1711 3014 liceat

380 3079 439 3121 ars
463 3060 590 3121 orandi
615 3060 689 3122 sive
714 3060 903 3133 rethorica,
939 3064 979 3122 ut
1000 3062 1170 3122 videlicet
1192 3063 1244 3121 uti
1274 3061 1428 3121 sciamus
1451 3059 1578 3139 linguis
1601 3059 1711 3122 homi·

379 3185 463 3228 num
487 3169 522 3229 et
547 3167 761 3247 angelorum,
799 3167 1055 3247 valeamusque
1089 3168 1209 3230 verbis
1244 3169 1352 3229 rectis
1387 3168 1510 3228 divina
1541 3168 1713 3246 preconia

380 3274 614 3345 conclamare,
627 3277 662 3335 et
675 3276 876 3353 proximum
890 3276 1043 3355 dirigere
1055 3276 1092 3336 in
1104 3275 1255 3337 salutem
1271 3277 1440 3336 eternam.
1453 3306 1492 3315 —
1506 3273 1586 3335 Non
1598 3275 1713 3335 solum

381 3393 465 3461 ergo
499 3383 554 3443 est
590 3382 801 3459 eloquencia
832 3383 1054 3462 ydoneornm
1076 3383 1270 3444 verborum
1305 3385 1341 3443 et
1374 3382 1637 3443 sentenciamm
1663 3382 1713 3442 ad

378 3488 716 3567 prononciacionem
746 3490 1010 3562 accomodacio‚
1049 3490 1233 3551 continens
1261 3507 1385 3560 voces,
1418 3489 1536 3549 vultus
1560 3478 1574 3569 ΙΙ
1592 3491 1711 3567 gestus

381 3598 417 3657 et
431 3577 729 3667 moderac'ionem,
757 3614 837 3657 cum
852 3599 1050 3667 venustate,
1076 3599 1184 3677 prout
1206 3597 1342 3675 placuit
1364 3594 1621 3665 Ciceroni⁴‚
1646 3595 1711 3657 sed

378 3704 414 3764 et
437 3705 521 3781 apte
545 3703 734 3763 veritatem
758 3704 950 3765 salubriter
973 3703 1081 3782 loqui.
1096 3733 1139 3745 -—
1159 3701 1276 3765 Licuit
1299 3704 1392 3764 enirn
1408 3703 1533 3775 eidem,
1559 3702 1711 3764 civiliter

376 3807 546 3888 loquenti,
582 3808 711 3870 iterum
735 3810 872 3872 dicere:
915 3809 1016 3895 «Qui
1039 3829 1126 3872 vero
1162 3811 1212 3871 ita
1235 3828 1314 3872 sese
1349 3811 1466 3871 armat
1489 3810 1707 3888 eloquencia,

378 3933 448 3977 non
471 3906 487 3997 11
516 3917 555 3977 ut
579 3920 802 3996 oppugnaret
825 3918 1012 3979 commoda
1045 3919 1172 3997 patrie,
1204 3917 1270 3979 sed
1292 3920 1332 3978 ut
1354 3936 1420 3996 pro
1457 3916 1524 3978 hiis
1551 3928 1711 3996 pugnare

378 4024 500 4101 possit,
539 4023 568 4083 is
592 4022 700 4084 michi
729 4024 793 4095 vir,
831 4027 867 4085 et
890 4025 972 4096 suis,
1010 4027 1045 4085 et
1080 4024 1233 4104 publicis
1267 4024 1471 4086 racionibus
1503 4024 1710 4084 utilissimus

379 4132 488 4208 atque
505 4130 740 4191 amicissimus
763 4129 850 4192 civis
866 4132 1035 4192 videtur»
1050 4128 1070 4191 ⁵.
1090 4166 1132 4175 -
1148 4130 1307 4192 Noverat
1322 4142 1405 4209 ergo
1420 4130 1512 4192 hanc
1527 4132 1641 4191 artem
1658 4130 1710 4190 di·

379 4236 483 4297 cendi
505 4236 709 4298 humanitus
735 4238 966 4298 adinventam
1000 4238 1093 4299 bene
1117 4241 1153 4299 et
1176 4238 1401 4318 paucissimis
1431 4237 1534 4299 bonis
1559 4239 1595 4298 et
1617 4237 1710 4297 male

377 4454 589 4462 ————-—

484 4648 504 4714 ¹)
523 4650 627 4701 AR1sT.
645 4651 803 4703 Partherm
822 4651 843 4713 Ι,
863 4651 931 4703 lect.
951 4660 992 4702 IV.
1012 4651 1218 4712 Didot,1v,1.

483 4736 504 4801 ²)
522 4738 607 4791 Nous
625 4740 755 4792 n'avons
773 4755 816 4806 pu
835 4742 965 4793 trouver
983 4740 1001 4792 a
1022 4741 1094 4807 quel
1113 4750 1244 4809 passage
1262 4742 1317 4794 des
1336 4741 1476 4793 Natural.
1500 4740 1621 4810 Quaeri.
1648 4742 1709 4795 Do·

376 4827 480 4879 minici
498 4826 554 4880 tait
574 4828 715 4881 allusion.
743 4829 791 4882 On
807 4832 882 4896 peut
908 4830 1100 4896 rapprocher
1125 4844 1160 4882 ce
1179 4845 1240 4896 qne
1259 4830 1410 4883 Dominici
1428 4832 1562 4884 attribue
1579 4832 1597 4883 ὲ
1617 4832 1709 4884 sene-

376 4930 445 4981 que,
471 4917 510 4969 de
529 4918 558 4969 la
578 4918 671 4970 lettre
690 4918 794 4979 CXXI,
821 4919 863 4970 ad
880 4918 994 4978 Lucili..
1025 4921 1064 4971 oh
1083 4918 1228 4985 Se'neque
1254 4919 1361 4972 etablit
1386 4935 1428 4972 un
1453 4921 1603 4987 parallelo
1621 4923 1709 4973 entre

377 5004 520 5059 l'homme
539 5008 570 5059 et
588 5007 733 5060 l'animal.

483 5092 503 5160 ³¹)
522 5095 553 5147 S.
574 5098 684 5160 ΡΜ,
703 5097 717 5148 1
737 5099 779 5149 nd
799 5097 873 5159 Cor„
892 5097 970 5161 XIII,
991 5100 1015 5149 1.

481 5181 503 5247 ⁴)
522 5184 560 5237 M.
580 5183 613 5236 T.
634 5185 695 5238 CIC.
718 5188 765 5238 De
783 5187 896 5239 Inveni.
912 5188 1000 5244 Rhet.
1021 5186 1042 5249 1,
1062 5186 1081 5253 5
1099 5197 1151 5251 VII,
1170 5189 1213 5239 ud
1225 5204 1305 5241 sens.

485 5269 505 5338 ὗ)
525 5272 587 5326 Cle.
606 5276 653 5327 De
672 5277 786 5328 Inveni.
805 5275 828 5336 1,
849 5285 868 5327 1.
889 5260 1021 5343 Le‘ghres
1040 5276 1206 5329 variantes.
