4300 6117
980 903 1139 958 LUCULA
1161 901 1300 956 NOCTIS

950 1663 1154 1770 [CAPUT
1185 1657 1339 1769 Xle

580 2002 705 2088 [T]unc
731 2008 1020 2087 respondendum
1044 2010 1099 2069 est
1121 2007 1170 2069 ad
1194 2026 1247 2079 ea,
1279 2026 1349 2086 que
1372 2008 1537 2087 primitus
1568 2007 1713 2069 fuerunt
1740 2008 1806 2068 ob·

472 2115 576 2176 iecta.
614 2110 700 2177 Tria
733 2117 826 2177 enim
856 2116 907 2176 ibi
929 2115 1195 2177 sentencialiter
1223 2116 1321 2177 dicta
1343 2114 1461 2177 fateor
1484 2133 1564 2176 esse
1586 2133 1693 2175 vera:
1729 2114 1807 2193 pri·

472 2240 577 2293 mum,
615 2223 713 2302 quod
744 2223 948 2301 respublica
980 2221 1074 2284 toret
1109 2224 1227 2294 beata,
1262 2223 1293 2283 si
1316 2241 1394 2283 eam
1416 2225 1580 2302 regerent
1603 2222 1803 2300 sapientes;

472 2329 678 2401 secundum,
702 2330 800 2408 quod
823 2333 980 2391 rectores
1003 2330 1174 2391 nominati
1197 2330 1347 2391 litterati
1363 2330 1515 2401 fuerunt,
1540 2329 1606 2390 sed
1622 2347 1693 2390 non
1709 2328 1806 2407 sapi·

473 2439 583 2510 entes,
607 2438 683 2499 sive
705 2437 923 2516 philosophi,
960 2438 1120 2508 tercium,
1154 2437 1252 2515 quod
1276 2437 1477 2517 regencium
1507 2437 1601 2498 oculi
1624 2437 1661 2497 in
1684 2436 1806 2513 capite

473 2544 607 2605 debent
629 2544 751 2616 locari,
776 2562 847 2605 non
870 2544 937 2604 sub
958 2543 1122 2623 pedibus,
1148 2545 1247 2623 quod
1269 2547 1390 2605 tamen
1412 2543 1630 2605 secularium
1645 2543 1806 2604 studium

472 2651 703 2712 litterarum²
726 2669 796 2712 non
818 2651 964 2724 inducit,
989 2651 1055 2712 sed
1077 2652 1199 2731 gracia
1220 2650 1339 2730 Xpisti
1361 2655 1396 2713 et
1410 2651 1546 2713 veritas
1569 2650 1656 2712 fidei
1679 2649 1804 2711 ortho-

474 2758 575 2819 doxe.
600 2791 643 2799 -
668 2757 749 2828 Sed,
775 2761 814 2819 ut
829 2758 894 2820 hec
911 2761 1068 2837 pateant,
1091 2758 1237 2820 declaro
1257 2758 1425 2830 breviter,
1449 2757 1678 2820 secundum
1700 2755 1810 2817 anti·

473 2883 647 2944 qnorum
672 2865 800 2937 dicta,
826 2884 905 2944 que
927 2866 982 2927 sit
998 2883 1099 2926 vera
1122 2865 1406 2945 philosophia,
1431 2864 1480 2926 ad
1503 2865 1680 2926 decimum
1703 2875 1807 2943 argu·

474 2975 631 3033 mentum
655 2990 890 3052 responsurus
915 2973 1070 3051 quedam
1094 2991 1295 3034 reservans.

429 3082 458 3145 1.
581 3077 733 3140 Veram
756 3079 1065 3158 philosophiam
1088 3080 1285 3142 dixerunt
1308 3080 1439 3158 prisci
1461 3097 1508 3140 ex
1527 3078 1809 3156 simplicitate

474 3187 663 3265 prodire,
689 3186 807 3248 odire
824 3186 1084 3264 sophismata
1099 3191 1139 3249 et
1159 3187 1201 3248 in
1216 3188 1303 3248 vite
1318 3186 1584 3248 honestatem
1598 3183 1727 3245 finiri.
1751 3183 1809 3245 De

356 3309 384 3340 το
474 3294 591 3372 prima
608 3293 682 3355 eius
699 3293 822 3355 radice
838 3293 925 3355 dicit
940 3292 1096 3366 Anneus,
1114 3294 1296 3373 epistola
1310 3283 1583 3375 xxxxvl111.}{
1604 3289 1809 3353 «Veritatis

475 3401 625 3479 simplex
640 3401 763 3462 oracio
778 3403 841 3472 est,
867 3401 1021 3478 ideoque
1036 3401 1133 3462 illam
1153 3401 1330 3479 implicari
1351 3419 1423 3462 non
1444 3401 1596 3478 oportet,
1623 3417 1688 3460 nec
1713 3398 1808 3459 enim

474 3508 672 3587 quidquam
685 3508 800 3568 minus
813 3507 979 3569 convenit
991 3526 1098 3586 quam
1110 3507 1263 3569 subdola
1274 3508 1345 3568 isia
1356 3507 1533 3569 calliditas
1543 3506 1670 3567 animis
1679 3517 1810 3585 magna

475 3616 687 3677 conantibus
702 3633 716 3668 »
730 3611 750 3675 ¹.
776 3613 880 3675 Patet
894 3616 1013 3675 autem
1037 3615 1123 3693 quia
1137 3615 1188 3676 ibi
1212 3615 1258 3676 de
1274 3614 1511 3696 phylosophia
1533 3613 1632 3692 loqui
1648 3612 1806 3674 volebat.

475 3755 518 3764 —
530 3720 629 3794 Item,
646 3740 713 3801 pro
729 3721 874 3800 singulis
890 3721 1059 3799 precium,
1086 3721 1301 3800 epistola
1323 3730 1414 3792 XVI,
1440 3721 1599 3799 scripsit:
1625 3718 1810 3797 <Liquere

474 3830 541 3891 hoc
566 3830 641 3900 tibi,
666 3827 789 3908 Lucili,
815 3829 890 3889 scio
913 3829 1089 3890 neminem
1111 3846 1219 3907 posse
1242 3830 1347 3890 beate
1366 3828 1497 3899 vivere,
1524 3845 1640 3906 neque
1663 3826 1807 3888 tollera-

474 3937 596 3998 biliter
617 3936 762 4015 quidem
787 3935 864 3996 sine
886 3935 1067 4015 sapiencie
1098 3936 1233 4008 studio,
1274 3939 1310 3998 et
1332 3937 1477 3997 beatam
1499 3935 1610 3996 vitam
1645 3931 1810 4012 perfecta

475 4043 658 4123 sapiencia
681 4041 787 4116 eiiici,
816 4047 974 4106 ceterum
997 4061 1063 4105 nec
1087 4043 1324 4105 tollerabilem
1348 4043 1424 4104 sine
1447 4043 1528 4121 ipsa
1552 4041 1665 4103 eciam
1689 4040 1809 4101 incho-

475 4152 539 4212 ari.
568 4149 642 4212 Sed
664 4150 741 4223 hoc,
766 4151 864 4230 quod
879 4151 992 4229 liquet
1014 4149 1240 4221 firmandum,
1265 4153 1302 4212 et
1323 4149 1436 4211 alcius
1462 4149 1674 4228 quotidiana
1697 4137 1811 4209 medi·

476 4259 616 4320 tacione
638 4257 820 4338 figendum
843 4262 907 4320 est.
945 4256 1029 4318 Plus
1054 4258 1174 4337 operis
1198 4261 1253 4319 est
1276 4257 1389 4330 ineo,
1418 4260 1458 4318 ut
1480 4256 1667 4335 proposita
1690 4258 1808 4316 custo·

475 4365 564 4438 dias,
589 4384 697 4445 quam
721 4368 760 4428 ut
782 4365 932 4427 honesta
955 4383 1148 4444 proponas.
1177 4363 1487 4426 Perseverandum
1511 4367 1574 4433 est,
1599 4366 1635 4424 et
1660 4361 1808 4423 assiduo
1862 4427 1868 4436 ,

475 4473 595 4536 studio
619 4474 730 4534 robur
749 4472 965 4546 addendum,
991 4473 1107 4535 donec
1129 4473 1226 4534 bona
1248 4490 1348 4533 mens
1372 4472 1428 4542 sit,
1452 4471 1552 4550 quod
1574 4471 1670 4532 bona
1686 4469 1810 4530 volun·

581 4827 614 4888 a)
637 4851 664 4860 -
686 4823 869 4877 litterarum.

581 5000 603 5069 ¹)
622 5003 733 5055 SENEC.
762 5003 861 5069 Epist.
880 5003 923 5054 nd
940 5001 1045 5055 Lucili,
1064 5001 1168 5054 XLIX.
1189 5003 1359 5055 «Veritatis
1375 5003 1504 5070 simplex
1523 5005 1621 5055 oratio
1639 5006 1719 5065 est»,
1737 5017 1809 5070 pro·

476 5093 574 5145 verbe
592 5092 755 5159 emprunte
773 5093 792 5144 a
808 5092 972 5160 Euripide:
989 5087 1098 5146 Ἀπλοῦς
1117 5088 1133 5139 ό
1149 5088 1237 5154 μῦθος
1256 5095 1301 5156 τῆς
1319 5088 1445 5157 ἀληθείας
1463 5090 1526 5157 ἔφη,
1544 5092 1622 5144 dans
1635 5093 1682 5145 les
1702 5089 1809 5145 Plie'ni·

476 5185 608 5236 ctennes.
