4300 6117
847 925 1035 980 IOHANNIS
1057 925 1239 980 DOMINICI
1647 912 1715 976 399

377 1153 502 1224 riores,
528 1155 563 1216 et
586 1153 634 1215 ab
672 1152 743 1214 illis
777 1151 889 1231 magis
921 1153 1080 1222 vexatas,
1114 1149 1297 1212 fideliores
1330 1165 1409 1211 esse
1441 1147 1518 1238 Deo
1549 1147 1714 1210 devocio·

377 1279 509 1340 resque
533 1277 642 1338 quam
664 1260 737 1322 sint
759 1259 993 1322 communiter
1014 1257 1093 1328 viri,
1119 1257 1188 1320 nisi
1222 1254 1320 1335 quod
1355 1256 1405 1318 eis
1439 1254 1716 1336 philosophandi

377 1363 451 1431 non
473 1367 582 1429 datur
604 1367 768 1436 facultas,
792 1382 909 1445 neque
941 1347 1207 1427 sermocinandi
1238 1365 1285 1426 de
1318 1381 1358 1426 re
1390 1363 1455 1425 tali
1488 1381 1569 1424 cum
1600 1361 1716 1423 viris?

379 1473 471 1536 Fere
493 1491 616 1536 omnes
639 1473 790 1535 masculi
812 1491 861 1544 se,
888 1472 933 1536 de
957 1471 1031 1534 suis
1055 1470 1282 1550 opinionibus
1306 1469 1429 1550 pravis
1457 1468 1592 1531 infide
1619 1468 1718 1547 loqui

379 1581 550 1653 volentes,
575 1580 781 1642 custodiunt
803 1598 826 1641 a
848 1577 990 1641 feminis
1013 1578 1230 1648 domesticis,
1255 1577 1332 1638 sive
1364 1576 1516 1656 quodvis
1547 1577 1718 1656 sanguine

381 1688 521 1759 iunctis,
535 1689 539 1694 “
553 1688 793 1767 operiuntque
826 1686 982 1749 libenter
1009 1686 1079 1748 sibi
1106 1685 1282 1748 similibus
1305 1701 1393 1746 sexu
1415 1671 1606 1763 nepharios
1635 1700 1718 1746 suos

381 1796 598 1875 conceptus;
624 1796 660 1856 et
682 1794 713 1883 si
737 1794 920 1873 contingat
941 1794 1007 1855 has
1031 1793 1197 1856 cenicare
1221 1810 1301 1854 cum
1323 1791 1404 1863 illis,
1430 1791 1592 1870 quamvis
1608 1791 1643 1852 in
1661 1808 1719 1852 ca·

380 1902 478 1964 lente
499 1919 599 1964 mero
623 1902 669 1964 de
692 1901 877 1963 amatoriis
900 1901 948 1962 sit
971 1918 1089 1962 sermo
1113 1899 1160 1960 ab
1183 1899 1264 1971 illis,
1289 1898 1351 1977 qui
1373 1899 1410 1959 in
1445 1916 1568 1959 earum
1591 1899 1719 1960 absen-

382 2009 448 2080 cia,
474 2009 588 2071 eciam
610 2009 806 2071 sobrietate
829 2009 980 2088 vigente,
1004 2001 1176 2069 festinant
1200 2007 1245 2068 de
1281 2005 1413 2068 talibus
1448 2005 1527 2066 lari.
1554 2035 1596 2046 -—
1612 2002 1684 2086 „eui
1702 1993 1715 2086 11

381 2116 489 2178 alteri
527 2115 715 2178 inherebat
762 2115 887 2185 radici,
936 2115 1034 2193 quod
1076 2113 1197 2193 pueri⁴
1226 2114 1381 2193 puberes
1431 2112 1718 2190 impubemque,

383 2223 572 2303 proniores
610 2223 693 2284 sunt
729 2222 777 2284 ad
812 2221 1020 2302 religionem
1057 2220 1273 2283 iuvenibus?
1306 2217 1411 2282 Unde
1445 2219 1622 2298 estquod
1645 2237 1721 2280 rus·

385 2331 448 2392 tici
481 2333 518 2392 et
539 2330 678 2392 rurales
702 2329 863 2393 illiterati
896 2329 1013 2390 minus
1038 2328 1135 2390 circa
1158 2325 1270 2388 fidem
1292 2346 1401 2406 quam
1434 2327 1529 2389 cives
1564 2326 1623 2387 vel
1650 2329 1723 2387 stu·

384 2437 479 2499 diosi
501 2436 749 2516 temptantur?
773 2468 816 2477 -
840 2434 960 2521 Quare
992 2453 1115 2496 omnes
1149 2433 1225 2496 fere
1258 2434 1461 2514 philosophi
1493 2433 1657 2495 moderni
1686 2433 1724 2495 in

386 2544 473 2606 iidei
496 2544 738 2606 fundamentis
771 2543 971 2605 vacillant?
1005 2539 1076 2602 Cur
1109 2542 1356 2622 religiosorum
1390 2541 1474 2603 olim
1506 2539 1724 2602 venerabilis

385 2651 462 2714 vita
485 2651 660 2713 recessit?
685 2683 724 2691 -
749 2649 804 2710 Ex
828 2668 899 2729 qno
934 2649 1158 2711 secularibus
1189 2649 1363 2711 doctrinis
1396 2666 1435 2709 se
1467 2646 1724 2711 tradiderunt?

387 2756 435 2820 Ut
459 2759 546 2837 quid
570 2777 613 2820 ex
639 2756 876 2836 frequentatis
908 2756 1222 2836 predicacionibus
1259 2755 1462 2827 innumeris,
1487 2754 1535 2817 ad
1572 2753 1725 2832 populos

387 2866 587 2937 universos,
616 2866 787 2945 precipue
819 2865 988 2934 urbanos,
1013 2864 1130 2926 nullus
1163 2863 1326 2942 sequitur
1349 2863 1550 2923 animarum
1576 2859 1725 2932 tructus,

389 2974 452 3052 qui
479 2973 516 3035 in
539 2974 771 3053 peccatorum
795 2972 1029 3034 conversione
1047 2969 1239 3036 consistit?

497 3087 634 3168 Opinor
666 3088 774 3168 plane
807 3087 1015 3167 reipublice,
1041 3090 1077 3148 et
1109 3085 1347 3167 singularibus
1380 3083 1592 3157 hominibus,
1617 3084 1727 3164 pluri·
1743 3087 1774 3150 3.

388 3214 528 3258 morum
560 3195 736 3257 malornm
767 3196 912 3257 evenire
944 3194 1108 3256 incursus
1142 3195 1291 3273 propter
1322 3191 1512 3252 veritatem
1547 3191 1729 3253 desertam

390 3303 559 3374 divinam,
584 3305 621 3364 et
653 3302 854 3364 celebratas
889 3300 1183 3380 philosophorum
1214 3310 1336 3379 nugas.
1382 3297 1473 3359 Nam
1506 3316 1587 3360 cnm
1616 3297 1729 3360 hostis

313 3479 319 3492 ⁸
392 3411 561 3489 antiquus
584 3428 651 3489 per
665 3410 844 3471 vanitates
861 3409 1003 3470 illorum
1019 3407 1254 3487 occupaverit
1269 3409 1406 3468 mentes
1421 3404 1606 3478 humanas,
1621 3406 1730 3467 velud

332 3517 338 3530 '
391 3535 582 3598 possessor
604 3518 640 3578 et
663 3514 767 3578 fortis
795 3518 965 3587 armatus,
990 3515 1028 3575 in
1050 3513 1144 3576 atrio
1177 3531 1241 3574 suo
1273 3515 1371 3574 tutus
1405 3513 1612 3584 consistens,
1638 3512 1730 3573 veri·

393 3625 479 3687 tatis
522 3623 669 3686 arbitris
702 3623 830 3702 procul
863 3622 956 3684 ludit
1000 3621 1212 3698 deluditque
1250 3619 1435 3699 propriam
1472 3622 1589 3681 artem
1627 3619 1731 3681 nimis

391 3731 545 3793 licenter
568 3748 747 3792 exercens.
773 3728 850 3793 Hec
874 3729 969 3790 enim
991 3729 1216 3790 miseriarum
1240 3731 1444 3788 nostrarum
1479 3727 1535 3788 est
1565 3744 1637 3787 una
1661 3744 1732 3786 non

392 3856 518 3921 parva,
543 3837 669 3916 utqui
703 3837 814 3899 semel
847 3839 975 3917 sponte
1007 3835 1152 3897 demoni
1184 3834 1309 3905 credit,
1344 3833 1494 3895 credere
1524 3834 1733 3912 frequenter

394 3964 461 4026 per
493 3945 729 4024 decepciones
758 3946 914 4024 cogatur.
941 3980 981 3988 --
1006 3941 1100 4005 Hinc
1124 3941 1329 4020 spirituales
1364 3940 1521 4019 superbi,
1545 3957 1636 4018 quos
1670 3939 1733 4000 ali·

394 4052 541 4132 quando
563 4053 680 4132 primo
705 4051 914 4130 temptando
937 4048 1100 4131 prelatus
1123 4048 1236 4110 hostis
1251 4048 1387 4128 ceperit
1402 4064 1469 4126 per
1493 4065 1668 4125 soporem,
1694 4065 1733 4108 se

395 4162 524 4240 putant
546 4159 741 4239 prophetas
772 4162 809 4220 et
842 4158 964 4237 sepius
1001 4156 1193 4237 predicunt
1226 4155 1381 4234 quedam
1413 4153 1533 4215 multis
1568 4155 1732 4225 obscura,

396 4271 458 4328 aut
482 4266 620 4328 cunctis
643 4264 774 4336 futura,
799 4265 860 4327 illo
884 4265 995 4326 flante
1020 4262 1205 4326 incredulo
1229 4262 1307 4323 sibi.
1333 4261 1419 4322 Ideo
1444 4263 1569 4322 sancta
1586 4278 1735 4321 romana

394 4373 580 4435 ordinavit
601 4371 775 4444 Ecclesia,
798 4375 839 4433 ut
862 4371 1023 4451 quisquis
1058 4388 1139 4432 cum
1171 4387 1215 4432 eo
1249 4369 1389 4431 locutus
1424 4366 1542 4438 fuerit,
1565 4367 1735 4429 hereticis

398 4481 530 4542 debitis
553 4481 655 4560 penis
679 4480 887 4550 mulceatur,
911 4477 1050 4539 Extra
1073 4478 1128 4539 de
1151 4475 1397 4548 Hereticis,
1423 4475 1580 4553 capitulo
1602 4473 1736 4535 Accu·

398 4591 541 4660 satus,
566 4605 647 4648 cum
670 4587 737 4667 glo.
763 4585 916 4647 Ioannis.
940 4622 980 4629 -
1002 4583 1071 4646 Hic
1095 4587 1225 4654 tamen,
1254 4581 1396 4643 homine
1419 4583 1548 4642 natura
1571 4580 1735 4653 nobilior,

398 4695 504 4774 plura
538 4711 625 4754 vera
657 4694 757 4755 novit
788 4709 1014 4772 quocumque
1046 4691 1202 4752 naturali
1234 4688 1457 4769 philosopho,
1483 4691 1518 4750 et
1546 4688 1737 4766 presertim

400 4801 447 4863 de
469 4802 537 4862 hiis
562 4820 631 4880 que
655 4801 703 4862 ad
726 4801 835 4861 aliam
858 4800 1040 4880 pertinent
1060 4799 1181 4868 vitam,
1207 4814 1316 4875 quam
1338 4796 1449 4856 variis
1477 4795 1545 4856 viis
1562 4795 1736 4874 cognovit.

399 4905 440 4968 Si
462 4908 570 4989 igitur
592 4927 663 4970 non
686 4910 742 4969 est
764 4906 984 4969 credendum
1016 4905 1161 4968 demoni
1196 4903 1332 4976 scienti,
1359 4904 1494 4981 quanto
1526 4902 1637 4982 magis
1672 4918 1738 4963 nec

400 5014 613 5095 philosopho
636 5015 825 5096 ignoranti,
851 5017 887 5075 et
910 5013 1135 5074 solummodo
1159 5011 1345 5090 opinanti!

511 5128 666 5210 Propter
688 5130 765 5200 hoc,
789 5129 839 5191 ad
854 5129 1010 5208 quedam
1026 5127 1168 5189 obiecta
1184 5125 1415 5206 respondens,
1434 5124 1514 5186 dico
1532 5143 1539 5186 :
1563 5122 1739 5203 Poesyam
1752 5121 1783 5183 4.
