4300 6117
447 855 491 919 98
952 867 1111 920 LUCULA
1133 865 1273 921 NOCTIS

443 1089 622 1160 Preterea,
659 1090 690 1151 si
720 1089 852 1169 duplex
886 1089 1003 1168 agitur
1032 1108 1099 1168 per
1124 1090 1264 1152 lumbos
1298 1090 1411 1169 spina.
1458 1088 1553 1152 Volo
1583 1090 1677 1152 enim
1706 1110 1778 1152 non

440 1197 548 1260 modo
571 1197 773 1275 perniciter,
809 1197 874 1258 sed
908 1196 1022 1259 eciam
1049 1197 1271 1276 permolliter
1301 1199 1460 1276 perveat.
1503 1194 1675 1260 Similiter
1715 1197 1777 1278 igi·

441 1305 500 1365 tur
535 1305 571 1365 in
605 1303 806 1365 bominibus
842 1303 1145 1382 contemplandis,
1192 1304 1264 1365 noli
1306 1304 1367 1364 illa
1409 1303 1527 1365 aliena
1562 1305 1776 1377 existimare,

163 1407 280 1471 [34νο
304 1408 333 1468 Β
350 1408 426 1470 2οἾ0
443 1411 508 1472 sed
532 1412 649 1489 ipsum
673 1411 850 1472 hominem
873 1410 1016 1490 penitus
1040 1400 1054 1492 ΙΙ
1081 1411 1288 1472 considera:
1324 1411 1441 1490 ipsum
1468 1414 1508 1473 ut
1532 1430 1650 1473 meum
1674 1402 1688 1494 Ι
1715 1409 1777 1473 So-

441 1519 577 1580 cratem
611 1535 806 1597 pauperem
845 1520 1004 1596 expecta.
1053 1515 1182 1579 Aliena
1216 1520 1337 1579 autem
1373 1536 1473 1590 voco,
1509 1536 1578 1596 que
1608 1521 1777 1598 parentes

440 1625 666 1704 pepererunt,
692 1627 727 1686 et
744 1643 815 1703 que
829 1622 973 1686 fortuna
987 1623 1120 1704 largita
1144 1627 1206 1695 est,
1232 1642 1384 1704 quorum
1406 1625 1514 1686 nichil
1530 1625 1697 1688 laudibus
1714 1623 1777 1687 So·

441 1731 549 1793 cratis
572 1731 642 1793 mei
675 1731 872 1792 admisceo:
910 1731 1044 1791 nullam
1078 1731 1363 1810 generositatem,
1393 1731 1527 1792 nullam
1560 1733 1776 1812 prosapiam,

440 1839 555 1900 nullos
578 1839 701 1918 longos
724 1839 872 1908 natales,
897 1839 1013 1900 nullas
1030 1838 1230 1899 invidiosas
1247 1838 1409 1899 divicias.
1434 1838 1511 1900 Hec
1527 1839 1622 1900 enim
1638 1843 1775 1911 cuncta,

440 1947 479 2006 ut
513 1945 604 2016 dico,
644 1945 763 2006 aliena
793 1948 883 2006 sunt.
933 1942 1020 2006 Sato
1056 1945 1095 2006 id
1122 1946 1186 2017 est,
1226 1946 1288 2006 aut
1311 1943 1425 2016 Plato,
1463 1949 1526 2007 aut
1560 1946 1652 2007 alter
1674 1945 1777 2008 Plato

439 2051 657 2113 Protbaonio
680 2052 792 2132 gloria
815 2054 870 2114 est
882 2049 901 2123 ¹,
940 2052 1001 2131 qui
1025 2052 1107 2113 talis
1130 2050 1207 2122 iuit,
1243 2054 1284 2113 ut
1322 2052 1397 2113 eius
1429 2054 1597 2130 nepotem
1619 2071 1691 2114 non
1712 2071 1777 2132 pn·

439 2159 551 2220 deret.
592 2158 703 2239 Igitur
726 2159 844 2220 omnia
869 2158 1032 2220 similiter
1066 2158 1186 2220 aliena
1210 2176 1376 2220 numeres
1399 2158 1532 2220 licebit.
1572 2157 1776 2221 Generosus

440 2265 518 2328 est?
542 2267 709 2345 parentes
732 2265 870 2327 laudas.
910 2264 1020 2326 Dives
1046 2265 1126 2326 esti
1150 2283 1220 2326 non
1244 2266 1352 2327 credo
1375 2263 1529 2328 lortrme.
1567 2264 1683 2346 Magis
1707 2267 1777 2328 ista

439 2373 635 2434 dinumero.
659 2371 812 2434 Validus
829 2371 907 2434 est?
931 2372 1132 2452 egritudine
1156 2370 1374 2452 fatigabitur.
1399 2371 1529 2433 Pernix
1545 2372 1623 2434 est?
1647 2373 1777 2434 abibit¹

438 2479 476 2540 in
499 2482 728 2541 senectutem.
752 2479 944 2540 Formosus
968 2479 1047 2540 esti
1072 2480 1223 2558 expecta
1248 2478 1442 2558 paulisper,
1468 2481 1504 2540 et
1525 2498 1597 2541 non
1619 2480 1698 2540 erit.
1726 2480 1777 2542 At

440 2587 494 2647 est
510 2586 613 2648 bonis
629 2586 767 2648 artibus
784 2586 921 2658 doctus,
947 2589 982 2647 et
1007 2586 1235 2665 adprimeveb
1249 2585 1423 2656 eruditus,
1453 2589 1488 2647 et
1505 2590 1677 2665 quantum
1693 2587 1777 2649 licet

440 2692 582 2766 bomini,
607 2693 749 2772 sapiens
766 2696 802 2755 et
816 2693 902 2754 boni
919 2693 1111 2755 consultus.
1136 2689 1300 2754 Tandem
1314 2693 1511 2771 aliquando
1527 2693 1645 2772 ipsum
1659 2695 1776 2755 virum

439 2800 576 2861 laudas.
617 2797 695 2861 Hoc
719 2801 813 2862 enim
836 2818 902 2861 nec
926 2819 948 2861 a
971 2803 1076 2879 patre
1100 2799 1357 2861 hereditarium
1382 2803 1445 2871 est,
1484 2819 1596 2861 neca
1624 2818 1777 2880 corpore

441 2908 625 2979 caducum,
651 2925 717 2969 nec
732 2907 778 2967 ab
793 2908 888 2969 etate
903 2906 1101 2967 mutabile»
1115 2906 1135 2966 ².
1154 2938 1194 2945 —
1208 2905 1327 2996 Igitur,
1353 2906 1383 2967 si
1400 2909 1546 2984 patrum
1563 2907 1695 2969 iudicio
1713 2926 1775 2986 pa·

440 3014 528 3076 rIter
563 3015 598 3076 et
622 3012 762 3086 ellectu,
799 3032 870 3075 non
893 3013 1007 3075 solum
1031 3013 1142 3074 armis
1165 3015 1331 3093 potentes
1359 3013 1476 3092 legum
1499 3014 1642 3087 latores,
1679 3032 1775 3075 ama·

440 3122 608 3200 toresque
623 3121 804 3194 virtutum,
829 3121 895 3182 sed
919 3121 1112 3182 cuiuslibet
1132 3121 1358 3181 instrumenti
1382 3120 1471 3182 artis
1495 3121 1701 3183 mechanIce
1724 3123 1774 3182 in·

439 3231 616 3300 ventores,
640 3231 846 3290 meruerunt
868 3231 930 3290 aut
954 3227 1084 3289 erectis
1108 3228 1236 3289 statuis
1260 3229 1473 3306 perpetuari
1494 3228 1676 3299 memoria,
1712 3230 1775 3290 aut

440 3335 660 3414 sapiencium
682 3335 811 3397 litteris
827 3335 1004 3407 honorari,
1030 3336 1093 3396 aut
1109 3335 1257 3396 sedibus
1274 3333 1432 3395 celorum
1448 3336 1598 3414 ascripti
1615 3335 1773 3397 celebres

440 3443 614 3513 venerari,
638 3443 678 3503 id
699 3443 813 3504 lacius
838 3440 1015 3504 referente
1037 3441 1237 3521 Augustino
1262 3441 1365 3502 libris
1389 3439 1454 3502 De
1477 3439 1540 3502 Ci.
1564 3441 1596 3502 D
1610 3442 1670 3513 ei,
1694 3460 1773 3521 pre·

441 3550 565 3611 sertim
588 3547 684 3609 ΙΙῙ03
718 3553 754 3612 et
785 3547 958 3621 xvn10⁴‚
984 3550 1119 3628 quanto
1143 3549 1254 3627 magis
1285 3548 1577 3627 philosophorum
1600 3547 1697 3611 lama
1720 3551 1773 3610 est

443 3657 537 3718 omni
561 3656 668 3718 laude
691 3657 902 3737 perpensius
926 3656 1144 3717 attollenda!

397 3771 427 3835 8,
548 3761 706 3826 Dicimus
727 3765 829 3835 enim,
854 3761 886 3823 V
902 3763 1069 3826 alerio
1094 3765 1130 3824 et
1153 3759 1294 3823 Solin
1307 3780 1328 3823 o
1351 3762 1568 3834 auctoribus,
1593 3764 1772 3842 sapientes

442 3871 596 3931 maxima
620 3889 707 3933 cura
731 3872 879 3932 deorum
904 3871 939 3932 et
962 3870 1165 3949 principum
1188 3872 1284 3930 terre
1308 3867 1501 3932 honoratos
1525 3868 1644 3932 luisse.
1683 3869 1772 3932 Nam

441 4137 653 4145 ———-——.

546 4418 580 4478 a)
598 4431 633 4461 =
652 4417 734 4468 abiit.
771 4416 802 4478 6)
822 4431 856 4461 :
875 4415 1065 4483 apprimeve.

548 4591 569 4659 ¹)
587 4594 682 4646 Notre
700 4593 816 4646 edition
834 4595 923 4661 porte
941 4593 960 4646 ὲ
979 4595 1028 4646 cet
1046 4592 1168 4646 endroit
1188 4613 1200 4637 ι
1211 4592 1268 4646 Sat
1285 4609 1301 4646 e
1319 4593 1464 4646 Prolomo
1473 4594 1574 4660 glorta
1586 4597 1634 4646 est
1645 4613 1668 4645 ».
1687 4594 1772 4646 Dans

440 4683 466 4736 J.
484 4683 524 4735 de
543 4683 713 4751 Salisbury,
732 4698 772 4735 on
791 4698 826 4735 a:
848 4682 952 4735 «Sata
971 4683 1161 4735 Prothwnto
1175 4682 1275 4750 glorta
1294 4685 1374 4734 est...
1390 4701 1412 4734 ».

548 4769 567 4838 ΤΙ
588 4771 632 4825 ef.
660 4773 766 4835 APUL,
784 4773 822 4825 de
840 4774 905 4825 Deo
925 4771 1070 4834 Socratis,
1088 4788 1117 4839 p.
1138 4771 1198 4824 173.
1234 4771 1282 4823 De
1300 4772 1504 4823 nombreuses
1522 4771 1689 4824 variantes.
1712 4773 1772 4824 Do·

439 4860 542 4914 mtnici
561 4877 579 4914 a
605 4862 767 4929 empruute
791 4877 827 4914 ce
851 4868 990 4928 passage,
1019 4876 1138 4914 comme
1166 4862 1233 4912 tant
1257 4859 1401 4924 d'autres,
1427 4875 1466 4912 au
1495 4861 1708 4925 Polycratteus
1733 4861 1773 4914 de

439 4951 517 5002 Jean
534 4951 575 5002 de
592 4950 764 5020 Salisbmy,
783 4951 835 5003 lib.
853 4951 902 5014 VI,
928 4964 992 5017 cap.
1012 4959 1100 5002 xxtx.

548 5037 567 5104 Ἰ
587 5039 616 5092 8.
635 5039 717 5092 Aue.
736 5041 782 5093 De
804 5040 887 5092 Ctvtl.
908 5041 974 5093 Del.
995 5039 1044 5104 IV,
1064 5039 1186 5091 snrtout
1205 5047 1281 5089 xxx·
1299 5038 1336 5089 In
1357 5037 1449 5105 Oper.
1464 5037 1528 5101 VII,
1549 5037 1611 5090 136.

545 5126 567 5193 ⁴)
585 5129 639 5192 In,
659 5130 731 5182 ibid.
751 5129 857 5193 XVIII,
874 5139 938 5180 vm.
956 5129 992 5181 In
1013 5127 1105 5195 Oper.
1123 5127 1187 5192 VII,
1206 5125 1334 5180 sos-566.
