4300 6117
242 2239 271 2304 L
287 2239 364 2302 51v⁰

410 2345 441 2412 3.

410 3361 443 3424 4.

453 821 520 886 168
958 832 1117 885 Lucum
1139 832 1282 886 ποετις

453 1059 514 1118 tur
536 1059 573 1116 et
595 1055 770 1135 predicat,
793 1055 902 1116 talem
925 1055 1048 1116 docuit
1066 1053 1218 1134 Xpistus
1239 1059 1277 1118 et
1299 1058 1471 1135 exemplis
1493 1059 1663 1119 ostendit.
1685 1055 1791 1120 Talis

455 1161 680 1241 philosophie
702 1162 899 1222 cultoribus
921 1161 1181 1240 rempublicam
1203 1169 1341 1224 rectam
1362 1164 1515 1224 dixerim
1537 1167 1616 1225 tore
1629 1167 1790 1226 beatam.

454 1267 528 1330 Sed
551 1269 724 1348 equivoce
745 1268 881 1346 decipit
904 1273 1160 1348 argumentum,
1194 1269 1295 1348 quod
1316 1288 1389 1330 non
1410 1272 1464 1331 sic
1494 1273 1593 1350 capit
1615 1275 1656 1333 nt
1678 1273 1791 1334 debet

453 1377 671 1438 subiectum:
694 1393 787 1442 nam,
811 1375 987 1436 neminem
1001 1375 1110 1436 video
1124 1378 1284 1436 evasisse
1298 1377 1549 1455 philosophum
1565 1380 1790 1457 temporibus

453 1483 586 1544 uostris
610 1501 653 1544 ex
676 1481 826 1560 eloquiis
850 1482 1017 1549 tullianis,
1043 1501 1088 1543 ex
1109 1483 1305 1562 virgilianis
1326 1481 1516 1562 figmentis,
1539 1503 1584 1544 ex
1606 1487 1791 1547 narracio-

454 1591 561 1652 nibus
582 1585 752 1658 Titulivii,
786 1607 830 1649 ex
851 1589 1082 1650 aristotelicis
1104 1589 1415 1661 altercacionibus,
1440 1609 1485 1651 ex
1506 1591 1790 1653 dimensionibus

453 1695 632 1758 Euclidis:
658 1696 722 1756 has
746 1699 782 1756 et
804 1695 937 1756 similes
960 1699 1058 1757 artes
1081 1699 1123 1757 ut
1143 1697 1400 1766 meretriculas,
1416 1716 1488 1758 non
1512 1711 1586 1778 ego,
1610 1699 1678 1760 sed
1701 1717 1790 1760 vera

455 1802 682 1883 philosophia
705 1803 853 1882 depellit
877 1803 976 1880 apud
989 1798 1235 1881 Torquatum¹
1259 1804 1307 1863 ab
1330 1805 1527 1883 egrotantis
1549 1805 1659 1865 animi
1684 1824 1788 1866 cura:

456 1911 543 1990 quia
566 1929 637 1971 non
659 1929 789 1972 sanare
812 1909 877 1970 sed
900 1910 1091 1971 sordidare
1112 1911 1225 1988 magis
1248 1910 1455 1971 ceduntur.
1490 1910 1596 1972 Hanc
1627 1914 1790 1973 meretri·

455 2017 571 2080 calem
595 2017 766 2078 iornicem
790 2017 879 2078 dicit
910 2017 1014 2078 divus
1044 2016 1323 2095 Augustinus
1352 2019 1465 2096 magis
1494 2019 1545 2078 ad
1574 2020 1791 2081 suavitatem

455 2125 657 2196 verborum,
689 2141 797 2202 quam
826 2123 875 2184 ad
902 2123 1146 2184 invencionem
1171 2123 1333 2184 veritatis
1355 2125 1552 2196 intendere,
1585 2124 1790 2187 lib.le

456 2229 518 2292 De
546 2225 827 2292 Trinitate².
851 2221 859 2312 Ι

563 2338 725 2400 Accessit
748 2338 796 2398 ad
819 2337 915 2398 idem
938 2353 1150 2416 responsum
1172 2336 1387 2414 delphicum,
1410 2356 1579 2416 promens
1603 2337 1792 2400 Socratem

456 2445 655 2524 sapientem
677 2462 744 2523 pre
766 2445 906 2514 ceteris,
931 2445 992 2522 qui
1009 2445 1122 2504 totam
1136 2443 1400 2522 philosophiam
1416 2445 1465 2504 ad
1479 2462 1597 2507 mores
1613 2446 1758 2506 reduxit
1768 2444 1791 2506 ³.

457 2549 560 2614 Unde
585 2549 811 2631 Sapienciam
838 2554 1029 2612 censerunt
1053 2554 1193 2611 veteres
1215 2552 1252 2611 in
1274 2546 1452 2614 trontibus
1474 2552 1690 2630 templorum
1712 2552 1793 2631 pin·

456 2660 618 2741 gendam,
643 2659 710 2720 hiis
732 2659 853 2719 verbis
877 2657 1049 2736 populum
1074 2657 1331 2736 alloquentem:

531 2815 634 2869 «Usus
653 2831 704 2868 me
722 2815 834 2883 genuit,
852 2817 953 2866 mater
970 2815 1095 2882 peperit
1112 2814 1277 2866 Memoria:

531 2905 700 2972 «Sophiam
718 2919 768 2956 me
786 2906 899 2956 vocant
918 2903 1001 2964 GraI,
1019 2918 1077 2956 vos
1097 2900 1317 2969 Sapienciam⁸.

530 3030 618 3098 «Ego
635 3030 686 3082 odi
704 3009 844 3082 homine's
864 3028 972 3080 stultos
992 3030 1023 3080 et
1041 3027 1152 3095 ignava
1170 3042 1266 3094 opera
1284 3030 1315 3080 et
1333 3027 1562 3094 philosophicas
1581 3029 1760 3082 sententias.

531 3119 729 3186 ‹Retorqueo
747 3117 955 3170 testimonium
974 3117 1095 3186 gentilis
1112 3116 1247 3168 numinis
1264 3117 1297 3168 in
1316 3117 1470 3184 gentilem,

531 3227 543 3250 ι
554 3208 602 3272 ut,
620 3209 747 3276 proprio
765 3208 841 3260 ictus
860 3221 1015 3268 mucrone,
1036 3205 1236 3272 accephalum
1252 3206 1353 3258 iaceat
1370 3221 1434 3258 non
1452 3206 1661 3259 relevandus»
1672 3204 1692 3257 ⁵.

564 3354 619 3416 Ex
641 3355 708 3416 hiis
731 3358 832 3433 patet
846 3354 919 3415 late
934 3354 1140 3425 secundum,
1156 3353 1341 3415 videlicet:
1365 3371 1438 3413 non
1453 3355 1548 3415 esse⁸
1560 3353 1792 3433 philosophos

459 3464 518 3525 vel
541 3463 731 3542 sapientes,
756 3462 818 3540 qui
841 3461 877 3522 in
900 3465 1109 3541 argumento
1131 3461 1390 3539 rempublicam
1404 3459 1559 3521 feliciter
1573 3461 1793 3540 gubernasse

461 3677 672 3687 ——-——

566 3864 599 3923 a)
619 3875 652 3905 Ξ
671 3858 775 3911 luisse.

569 4035 589 4102 ¹)
609 4037 706 4090 ΒοΕτ.
725 4038 772 4089 De
793 4035 910 4088 Consul.
929 4036 1105 4100 Philosoph.
1123 4034 1146 4096 Ι,
1160 4047 1258 4100 prosa
1272 4036 1384 4098 prima.
1401 4033 1629 4100 migne-mn,
1649 4033 1709 4086 590.

567 4125 588 4192 7)
608 4125 637 4179 S.
657 4126 736 4180 Aue.
758 4127 804 4178 De
827 4123 905 4184 Trln,
923 4123 1000 4187 x1v,
1018 4134 1037 4186 1,
1056 4124 1083 4185 2,
1101 4124 1127 4185 3,
1146 4125 1188 4175 ud
1204 4137 1285 4175 sens.
1304 4123 1339 4173 In
1360 4122 1450 4188 Oper,
1468 4122 1546 4186 VIII,
1565 4123 1644 4175 1037.

568 4213 588 4283 ²¹)
609 4216 671 4269 Cle,
689 4217 834 4269 Academ.
853 4215 875 4278 1,
893 4224 941 4276 1v;
959 4215 1006 4266 De
1024 4213 1146 4266 Amlclt.
1163 4226 1229 4278 cap.
1249 4211 1266 4262 2
1284 4214 1315 4264 et
1332 4213 1358 4275 4,
1378 4213 1426 4263 ud.
1445 4227 1525 4265 sena.

568 4303 588 4372 ⁴)
608 4305 666 4358 Ces
692 4307 773 4358 deux
798 4305 951 4372 premiers
969 4317 1042 4356 vers
1062 4303 1132 4364 sont
1150 4302 1192 4353 du
1210 4302 1302 4368 poete
1320 4301 1461 4367 comique
1484 4300 1629 4353 Afranius
1647 4300 1689 4363 L..
1707 4313 1792 4366 pres·

461 4410 522 4464 que
541 4395 773 4461 contemporain
791 4394 831 4446 de
849 4391 995 4445 Terence.
1032 4392 1056 4443 Il
1076 4393 1124 4444 est
1142 4391 1273 4444 l'autenr
1293 4390 1349 4443 des
1369 4409 1382 4433 ‹
1397 4389 1551 4458 Togatae»
1572 4391 1603 4442 et
1622 4389 1697 4442 c'est
1714 4389 1793 4442 dana

460 4485 543 4539 l'uue
567 4485 606 4536 de
632 4499 683 4538 ces
708 4484 812 4550 pieres
838 4481 994 4535 intitulees
1021 4479 1148 4534 «Sella»
1174 4494 1235 4546 que
1260 4493 1295 4530 se
1320 4480 1430 4532 trouve
1448 4480 1497 4531 cet
1519 4477 1687 4546 epigraphe
1705 4478 1745 4530 de
1761 4477 1794 4529 la

419 4647 424 4662 .
461 4573 666 4643 philosophie.
686 4569 817 4641 [Frugm.
839 4571 1033 4633 comicorum,
1052 4570 1084 4622 2⁸
1102 4570 1149 4622 e'd.
1167 4569 1315 4630 Ribbeck,
1335 4563 1423 4634 18731.

568 4661 589 4728 ⁶)
608 4664 652 4715 Le
677 4663 760 4716 reste
784 4664 824 4716 de
849 4649 1047 4729 l'epigraphe,¹
1071 4659 1196 4724 d'apres
1221 4657 1411 4718 Aula-Gelle,
1437 4657 1524 4708 Noct.
1544 4659 1626 4708 ultio.
1645 4655 1723 4718 xm,
1741 4664 1795 4719 vn,

462 4755 557 4808 serait
582 4755 621 4806 de
640 4752 801 4814 Pacuvius,
826 4750 918 4819 poete
941 4751 981 4802 de
1000 4748 1142 4812 Erindes,
1172 4748 1224 4814 qui
1243 4747 1363 4799 illustra
1386 4746 1416 4797 le
1433 4746 1557 4798 theatro
1573 4759 1646 4798 vers
1664 4745 1695 4796 le
1713 4759 1794 4797 com·

463 4844 658 4897 meucemeut
682 4842 726 4895 dn
742 4841 811 4893 vlle
830 4840 930 4892 siecle.
967 4839 1050 4892 Nous
1075 4852 1174 4890 avons
1198 4837 1254 4889 des
1279 4835 1447 4903 lragments
1465 4836 1506 4887 de
1524 4849 1576 4887 ses
1595 4849 1718 4888 oeuvres
1736 4847 1795 4900 par

463 4934 509 4988 les
528 4931 761 5002 grammairiens
781 4927 914 4998 [Tragici
931 4929 1025 4990 latini,
1044 4927 1091 4978 ed.
1110 4921 1457 4991 Ribbechl.-Dominici
1482 4924 1601 4977 semble
1625 4923 1714 4976 avoir
1732 4937 1795 4974 em-

462 5023 576 5092 prante
600 5037 640 5074 eu
664 5021 765 5088 partie
790 5033 842 5072 ces
867 5017 1011 5071 citatlons
1033 5017 1052 5068 a
1077 5017 1155 5069 Jean
1180 5015 1220 5068 de
1245 5013 1414 5082 Salisbury,
1439 5014 1657 5078 Polycratleus,
1689 5011 1738 5075 IV,
1767 5011 1795 5064 6.

463 5111 498 5165 Iu
520 5112 609 5178 Oper.
629 5109 690 5163 526.
