4300 6117
811 940 998 996 IOHANNIS
1020 941 1202 995 DOMINICI
1632 930 1673 994 61

455 1164 572 1227 Homo
594 1168 772 1245 preterea,
796 1184 819 1225 a
842 1164 928 1226 ieris
952 1164 1161 1226 distinctum
1196 1164 1328 1226 animal
1350 1164 1492 1236 sociale,
1523 1160 1744 1227 nocuo-11.

343 1292 428 1333 num
451 1272 606 1352 qualiter
627 1271 862 1351 preservabit,
887 1270 964 1343 nisi,
990 1272 1082 1333 duce
1105 1270 1350 1353 phylosophia,
1376 1289 1446 1351 que
1465 1271 1571 1333 docet
1590 1288 1676 1350 quo·
1717 1326 1723 1341 ,

343 1379 451 1441 modo
474 1379 521 1441 sit
543 1379 736 1440 vivendum
759 1377 893 1457 homini
916 1381 952 1440 et
983 1378 1140 1457 qualiter
1168 1378 1449 1440 convivendum?
1493 1374 1679 1457 Loquatur

343 1485 401 1548 hic
425 1484 572 1555 Seneca,
599 1485 784 1565 epistola
805 1483 988 1557 XXVIIII,
1013 1485 1152 1546 dicens:
1179 1483 1393 1564 «Nunquam
1414 1484 1511 1546 volui
1534 1485 1678 1564 placere

342 1593 490 1672 populo:
527 1612 619 1664 nam,
657 1610 727 1672 que
762 1603 827 1672 ego
864 1592 950 1663 scio,
986 1610 1058 1653 non
1093 1592 1225 1670 probat
1251 1592 1418 1671 populus:
1455 1609 1525 1671 que
1546 1594 1679 1671 probat

343 1699 507 1779 populus,
532 1711 597 1779 ego
620 1696 795 1761 nescio»¹.
812 1730 856 1740 —
870 1697 919 1759 Et
945 1701 1029 1777 post
1051 1716 1182 1778 pauca:
1211 1697 1322 1784 «Quis
1346 1699 1439 1759 enim
1454 1699 1587 1778 populo
1603 1699 1678 1779 pla·

344 1825 427 1868 cere
460 1809 589 1887 potest,
625 1806 681 1868 cui
716 1806 830 1867 virtus
864 1805 1009 1885 placet?
1059 1804 1166 1867 Malis
1198 1806 1336 1867 artibus
1368 1806 1552 1885 popularis
1575 1804 1680 1869 lavor

344 1914 520 1994 queritur:
550 1912 699 1974 similem
723 1915 759 1974 te
782 1912 852 1973 illis
874 1910 981 1973 latias
1007 1915 1167 1991 oportet:
1197 1931 1268 1974 non
1290 1913 1505 1991 probabunt,
1530 1914 1598 1974 nisi
1621 1926 1679 1994 ag·

345 2020 517 2082 noverint.
564 2017 680 2081 Multo
707 2022 829 2081 autem
856 2019 905 2080 ad
933 2038 1008 2080 rem
1037 2020 1148 2099 magis
1185 2020 1349 2099 pertinet,
1386 2020 1502 2099 quails
1536 2021 1601 2082 tibi
1629 2021 1679 2080 vi·

344 2127 474 2197 dearis,
500 2144 608 2206 quam
631 2126 749 2206 qualis
772 2126 861 2187 aliis.
910 2123 1102 2187 Conciliari
1126 2126 1194 2188 nisi
1218 2126 1315 2205 turpi
1330 2127 1474 2188 racione
1491 2144 1592 2188 amor
1608 2130 1679 2189 tur-

343 2234 442 2314 pium
476 2251 548 2293 non
575 2235 704 2313 potest.
752 2231 848 2318 Quid
877 2244 961 2312 ergo
990 2232 1054 2293 illa
1082 2232 1231 2294 laudata
1260 2236 1295 2294 et
1318 2233 1354 2293 in
1377 2233 1540 2294 omnibus
1563 2232 1679 2311 preie·

344 2339 458 2402 renda
482 2340 618 2402 artibus
643 2342 824 2419 rebusque
848 2338 1076 2418 philosophia
1100 2339 1297 2419 prestabit?
1336 2336 1489 2411 Scilicet,
1515 2342 1554 2401 ut
1576 2341 1678 2403 malis

342 2447 410 2510 tibi
432 2447 587 2527 placere,
612 2464 720 2526 quam
745 2445 895 2525 populo:
920 2448 960 2507 ut
982 2446 1162 2508 existimes
1186 2446 1327 2517 iudicia,
1353 2464 1423 2507 non
1439 2465 1618 2508 numeres:
1640 2451 1680 2510 ut

343 2556 421 2617 sine
444 2555 540 2614 metu
565 2553 713 2614 deorum
748 2552 1004 2632 hominumque
1027 2553 1143 2614 vivas:
1181 2556 1221 2614 ut
1248 2555 1310 2614 aut
1332 2554 1455 2615 vincas
1483 2553 1588 2625 mala,
1617 2557 1680 2635 aut

343 2661 461 2722 linias.
487 2658 662 2732 Ceterum,
687 2660 719 2721 si
742 2662 778 2721 te
801 2660 910 2721 video
934 2659 1113 2722 celebrem
1137 2660 1303 2722 secundis
1323 2661 1472 2721 vocibus
1497 2660 1613 2742 vulgi:
1638 2662 1678 2733 si,

343 2753 501 2830 intrante
526 2770 570 2838 te,
607 2767 743 2828 clamor
778 2769 815 2827 et
849 2766 1006 2845 plausus,
1033 2767 1288 2846 pantomimica
1311 2770 1518 2829 ornamenta
1543 2770 1679 2830 obstre-

344 2875 497 2956 puerint,
526 2875 556 2935 si
585 2875 661 2936 tota
697 2874 844 2936 civitate
879 2871 1011 2935 lemine
1041 2876 1078 2935 te
1110 2875 1285 2953 puerique
1313 2873 1554 2936 laudaverint:
1592 2876 1679 2954 quid

344 2983 381 3042 ni
404 2993 469 3062 ego
492 2982 544 3042 tui
567 2980 747 3053 miserear,
774 2999 855 3043 cum
879 2981 990 3043 sciam
1016 3000 1086 3060 que
1101 2981 1160 3041 via
1175 2981 1223 3042 ad
1239 2982 1345 3043 istum
1362 2982 1521 3043 lavorem
1537 2982 1675 3044 serati»

345 3088 422 3151 Hec
445 3088 534 3149 ille2'.

452 3194 500 3257 Ut
522 3198 642 3257 autem
668 3195 863 3274 aliquando
885 3193 951 3256 hec
986 3195 1083 3256 racio
1121 3194 1338 3265 terminetur,
1375 3195 1461 3274 quid
1484 3198 1604 3274 potest
1629 3196 1678 3257 ad
1693 3204 1747 3266 12,

345 3303 490 3364 humani
517 3303 656 3382 generis
684 3300 940 3381 perfectionem
970 3304 1144 3379 spectare,
1182 3319 1251 3380 que
1280 3320 1350 3363 non
1383 3302 1537 3364 doceant
1559 3302 1678 3364 littere

345 3409 536 3481 seculares,
572 3409 750 3470 hominem
780 3410 818 3470 in
854 3411 1006 3488 utroque
1037 3408 1292 3470 constituentes
1323 3407 1484 3470 felicem?
1529 3408 1578 3471 Ut
1611 3412 1678 3472 sub

345 3537 417 3580 uno
439 3516 613 3596 paralello
638 3515 770 3595 duplex
794 3517 893 3577 racio
919 3515 1257 3594 comprehendatur:
1282 3513 1414 3600 Quales
1429 3516 1590 3578 homines
1614 3535 1679 3579 suo

345 3625 439 3685 lacte
462 3622 687 3702 philosophia
711 3623 866 3695 nutrivit,
902 3624 1079 3684 concessit
1106 3623 1248 3693 mundo,
1282 3623 1404 3683 secula
1434 3622 1621 3686 decoravit
1643 3626 1680 3685 et

346 3732 469 3793 orbem
494 3733 670 3792 terrarum
698 3730 892 3791 illustravit
920 3730 1076 3808 ubique?
1122 3727 1226 3792 Libet
1261 3729 1502 3791 mendicatum
1532 3731 1578 3791 ab
1602 3728 1680 3791 Hu-

345 3849 449 3918 gone
476 3838 613 3917 pariter
649 3837 876 3898 mendicante
910 3838 1061 3898 verbum
1087 3836 1249 3909 recitare,
1280 3836 1435 3898 dicente:
1475 3836 1545 3897 «In
1569 3837 1680 3916 philo·

346 3944 467 4024 sophis
490 3941 558 4005 init
580 3943 792 4005 universalis
814 3954 941 4023 ymago
965 3934 1117 4015 virtutis,
1143 3962 1223 4005 cum
1246 3944 1324 4005 sine
1347 3943 1421 4005 lide
1438 3946 1474 4004 et
1490 3944 1681 4005 dilectione

347 4051 554 4113 substancia
591 4050 733 4112 virtutis
772 4068 852 4111 esse
890 4068 962 4111 non
993 4051 1116 4128 possit.
1163 4048 1307 4111 Utinam
1337 4051 1427 4111 tales
1454 4051 1682 4112 inveniantur

346 4158 382 4218 in
413 4158 526 4227 nobis,
562 4157 624 4236 qui
651 4157 823 4218 vtrtutnm
852 4157 1054 4237 ymaginem
1085 4158 1244 4218 teneant!
1291 4156 1378 4243 Quis
1412 4158 1505 4218 enim
1536 4158 1681 4218 umbras

346 4265 514 4326 virtutem
549 4264 675 4335 induit,
710 4264 839 4342 quibus
863 4263 1009 4325 videtur
1043 4264 1209 4325 floruisse
1244 4263 1414 4343 gentiles?
1460 4262 1549 4349 Quis
1588 4265 1681 4325 enim

347 4366 603 4432 Themestoclis
632 4370 866 4450 diligenciam,
904 4368 1097 4441 Frontonis
1125 4371 1345 4450 gravitatem,
1380 4369 1540 4432 Socratis
1571 4372 1681 4431 conti·

348 4479 519 4549 nenciam,
555 4477 711 4540 Fabricii
747 4478 867 4547 iidem,
903 4477 1122 4556 pudiciciam
1158 4475 1342 4557 Scipionis,
1376 4477 1682 4556 longanimitatem

349 4582 469 4656 Ulixis,
501 4582 645 4646 Catonis
674 4585 843 4663 pietatem
871 4585 1041 4655 imitatur,
1074 4584 1135 4663 qui
1164 4585 1266 4663 quasi
1298 4584 1453 4663 quedam
1481 4583 1682 4646 seculorum

350 4708 492 4752 suorum
515 4692 647 4772 sydera
670 4692 937 4770 splenduerunt,
963 4693 1127 4770 tempora
1150 4709 1216 4751 sua
1238 4688 1503 4752 illustrantesI³

456 4985 477 5054 ¹)
496 4988 616 5051 διίκεο,
639 4989 692 5042 Ad
708 4989 813 5040 Lucili.
833 4987 939 5051 XXIX,
960 4988 1003 5041 10.

458 5074 553 5141 ¹)1D,
571 5078 624 5131 Ad
640 5078 745 5130 Lucili.
764 5077 870 5141 XXIX,
889 5077 932 5139 10,
952 5077 994 5129 11.
1012 5076 1178 5130 variantes
1197 5076 1326 5144 legires.

455 5162 540 5232 'iet
558 5166 640 5220 HUG.
658 5182 677 5219 a
695 5165 726 5219 S.
746 5167 831 5219 V1c'r.
861 5164 984 5234 (ineest.
1013 5170 1044 5219 et
1068 5167 1246 5219 Dectsiones
1273 5168 1304 5217 tn
1330 5166 1429 5232 Epist.
1448 5166 1486 5217 D.
1514 5164 1610 5217 Pauli.
1646 5166 1683 5217 In

350 5256 447 5321 Epist.
466 5258 509 5308 ad
525 5256 614 5313 Rom.
646 5255 680 5330 Q.
698 5255 851 5308 XXXVIII
869 5257 901 5307 et
918 5254 1051 5308 XXXIX.
1083 5255 1118 5308 In
1139 5254 1230 5322 Oper.
1248 5254 1270 5318 1,
1287 5254 1348 5307 440.
