4300 6117
800 943 988 998 IOHANNIS
1009 942 1191 997 DOMINICI
1639 929 1680 993 57

350 1172 477 1233 datum
502 1173 556 1232 est
580 1170 753 1232 creaturis
776 1170 870 1231 notis
893 1168 1077 1247 imponere
1100 1185 1238 1238 nomeu,
1273 1184 1381 1246 quam
1408 1183 1474 1244 per
1498 1167 1682 1227 creaturas

350 1278 400 1340 ad
423 1276 631 1339 Creatorem
653 1276 804 1338 venisse.
851 1274 931 1338 Hoc
953 1276 1026 1336 tale
1050 1276 1148 1337 certe
1172 1292 1261 1353 opus
1285 1275 1340 1335 est
1363 1272 1477 1335 tocius
1509 1270 1682 1333 naturalis

350 1383 585 1465 philosophie,
621 1383 835 1445 exercitacio
870 1382 1043 1453 studiosa,
1079 1382 1217 1460 pariter
1245 1383 1281 1442 et
1303 1378 1470 1453 iocunda;
1506 1378 1598 1441 hanc
1622 1378 1683 1458 qui

349 1492 478 1553 nititur
506 1491 725 1570 impugnare,
760 1490 912 1551 hominis
935 1488 1116 1550 felicitatis
1139 1488 1293 1559 invidus,
1330 1505 1410 1548 cum
1433 1486 1563 1567 satagit
1592 1486 1683 1547 mira

349 1597 671 1660 transformacione
694 1597 730 1658 in
753 1596 932 1658 hominem
956 1598 1166 1657 convertere
1189 1594 1354 1665 belluam,
1380 1612 1423 1656 ac
1446 1593 1531 1655 dum
1559 1591 1683 1671 damp-

348 1708 413 1767 nat
447 1706 583 1784 poetas,
608 1703 769 1766 volentes
805 1703 966 1765 brutales
1000 1702 1161 1765 homines
1193 1702 1230 1763 in
1264 1700 1463 1763 racionales
1498 1703 1682 1762 creaturas

350 1813 534 1883 reducere,
574 1810 696 1891 inique
732 1811 851 1889 poesis
892 1812 948 1872 est
986 1810 1114 1872 doctor
1151 1809 1306 1870 insanus.
1353 1806 1490 1869 Videus
1528 1825 1684 1887 namque

349 1918 502 1982 Creator
524 1916 666 1980 divinus
689 1917 851 1979 homiues
876 1916 1067 1998 dyabolica
1089 1916 1324 1995 persuasione
1337 1917 1493 1977 mutatos
1516 1914 1553 1975 iu
1576 1916 1681 1987 feras,

349 2026 465 2089 solum
487 2029 555 2105 per‘
576 2043 679 2086 usum
700 2024 911 2097 intellectus,
935 2024 1151 2103 poeticando
1165 2026 1188 2096 ²,
1214 2022 1336 2084 docuit
1352 2040 1412 2083 eos
1427 2040 1534 2101 posse
1550 2022 1598 2084 ad
1611 2023 1683 2101 pri·

349 2134 482 2195 stinum
515 2134 648 2194 statum
684 2130 882 2204 reformari,
908 2130 1047 2192 dicens:
1087 2128 1235 2192 <Homo
1258 2148 1338 2190 cum
1361 2128 1554 2190 inhonore
1579 2132 1681 2201 esset,

349 2259 421 2302 non
449 2239 631 2311 intellexit,
668 2239 896 2316 comparatus
920 2240 976 2299 est
1002 2237 1167 2298 iumentis
1196 2235 1453 2315 insipientibus,
1490 2238 1526 2297 et
1559 2235 1683 2297 similis

348 2349 466 2409 iactus
504 2348 559 2407 est
588 2345 658 2407 illis
673 2367 688 2400 ι
706 2342 727 2406 ¹.
775 2343 890 2430 Quam
925 2346 1050 2423 aperte
1077 2344 1236 2423 loquitur
1259 2343 1326 2404 iste
1352 2340 1564 2422 Speculator
1587 2355 1683 2424 egre·

349 2454 435 2535 gius,
472 2452 570 2532 quod
605 2452 773 2531 antiquus
797 2469 954 2531 serpens,
989 2450 1141 2512 hominis
1165 2450 1286 2521 hostis,
1319 2449 1433 2511 solum
1464 2450 1685 2529 persuaserit

349 2580 421 2623 non
444 2559 670 2630 studendum,
702 2559 768 2621 sed
791 2559 981 2630 edendum,
1013 2561 1050 2620 et
1077 2558 1164 2637 quia
1186 2576 1258 2618 non
1281 2555 1462 2627 intellexit,
1487 2575 1558 2617 non
1586 2557 1683 2618 stud·

348 2668 402 2729 uit
431 2668 559 2728 nature
594 2683 713 2727 rerum
749 2664 978 2745 speculando,
1011 2684 1083 2727 non
1110 2664 1298 2735 laboravit,
1333 2661 1449 2725 factus
1474 2666 1529 2725 est
1550 2662 1683 2726 brutali

347 2774 530 2853 insipienti
564 2772 706 2834 similis!
755 2770 834 2835 Non
858 2772 947 2833 dicit
974 2771 1103 2833 simili
1134 2770 1308 2842 furioso,
1333 2769 1391 2831 vel
1414 2770 1537 2832 dedito
1560 2770 1683 2849 volup·

350 2882 415 2942 tati
439 2882 576 2951 nature,
607 2879 673 2941 sed
703 2879 937 2958 insipienti,
967 2881 1008 2940 ut
1037 2896 1160 2939 omnes
1185 2877 1390 2949 confundat,
1416 2877 1477 2957 qui
1500 2896 1683 2957 opponun-

348 2992 408 3050 tur
430 2988 540 3048 musis
563 2986 764 3047 litterarum
787 2986 948 3047 sacratis.

455 3092 531 3174 Ego
546 3110 633 3155 vero
650 3093 740 3166 dico,
766 3093 873 3172 quod,
900 3112 980 3153 cum
996 3092 1170 3153 naturalis
1186 3090 1410 3171 philosophia
1424 3090 1470 3152 sit
1485 3088 1683 3170 perfectiva
1697 3085 1727 3147 5.

349 3200 550 3262 intellectus
573 3199 728 3271 humani,
763 3199 861 3261 nullo
896 3199 1003 3260 modo
1039 3201 1095 3260 est
1122 3198 1371 3260 interdicenda
1392 3196 1581 3277 Xpistiauo
1610 3197 1681 3260 cui·

349 3325 467 3386 quam,
501 3325 608 3386 quem
640 3307 745 3368 decet
775 3309 875 3368 tanto
903 3306 1157 3385 perfectiorem
1180 3323 1259 3367 esse
1284 3304 1421 3377 ceteris,
1447 3306 1580 3384 quanto
1603 3302 1681 3366 Deo

349 3414 500 3476 vicinior
520 3414 740 3492 predicatur.

459 3519 576 3582 Radix
610 3520 714 3582 huius
745 3520 899 3582 racionis
929 3521 1040 3599 patet,
1071 3519 1156 3599 quia
1187 3519 1365 3581 obiectum
1387 3519 1606 3598 adequatum
1629 3518 1681 3579 iu·
1694 3510 1725 3573 6.

348 3628 512 3690 tellectus
537 3627 648 3690 creati
672 3630 727 3689 est
749 3627 893 3700 veritas,
930 3645 1002 3688 non
1027 3628 1147 3687 autem
1170 3625 1236 3687 hec
1259 3626 1402 3697 veritas,
1433 3626 1503 3697 illa,
1528 3624 1587 3686 vel
1608 3625 1679 3697 illa,

348 3734 414 3796 sed
441 3735 554 3796 omnIs
577 3734 711 3795 veritas
726 3733 746 3794 ².
794 3733 894 3795 Alias
929 3733 1208 3812 uniuscuiusque
1239 3733 1439 3794 intellectus
1473 3735 1568 3794 esset
1600 3750 1681 3811 per·

348 3839 472 3914 fectus,
497 3842 559 3921 qui
582 3844 719 3903 tantum
742 3841 852 3902 sciret
875 3840 1018 3902 unicam
1041 3840 1242 3912 veritatem,
1267 3841 1423 3920 utputa:
1449 3857 1553 3901 omne
1568 3841 1681 3900 totum
1742 3837 1749 3852 '

349 3951 404 4010 est
425 3949 539 4009 maius
563 3967 629 4010 sua
651 3950 765 4027 parte,
791 3965 860 4026 que
884 3949 939 4008 est
960 3965 1027 4026 per
1052 3964 1092 4007 se
1117 3950 1202 4008 nota
1226 3946 1372 4008 cuilibet
1399 3946 1568 4007 terminos
1602 3962 1682 4025 per·

349 4054 504 4134 cipienti,
534 4058 570 4117 et
598 4055 667 4117 hoc
690 4057 745 4116 est
772 4054 932 4115 fluidum.
979 4052 1209 4115 Manifestum
1234 4056 1289 4115 est
1312 4055 1430 4114 autem
1455 4053 1561 4132 quod,
1591 4052 1683 4114 sicut

453 4471 486 4532 u)
504 4484 539 4514 =
557 4468 752 4535 poetizando.

454 4608 475 4674 ¹)
494 4609 539 4663 cf.
558 4610 682 4673 Psalm,
699 4610 831 4674 XLVIII,
850 4609 892 4662 13.

455 4696 476 4764 Ἰ
501 4698 654 4753 Dominlci
681 4700 819 4766 repreud
836 4699 875 4751 ici
895 4699 1080 4766 l‘argument
1098 4698 1139 4750 de
1159 4697 1223 4750 Col.
1244 4696 1373 4749 Salutati
1399 4696 1477 4748 dans
1503 4710 1537 4747 sa
1555 4696 1683 4749 lettreh

347 4787 395 4842 fra
414 4788 504 4842 Giov.
524 4790 565 4841 da
583 4788 792 4842 Samminiato.
811 4787 855 4841 cf.
875 4788 1075 4853 Epistoiarfo,
1098 4786 1198 4839 1v-1P.
1217 4801 1247 4853 p.
1265 4786 1326 4839 200.
1351 4786 1395 4836 Le
1414 4784 1589 4837 chancelier
1607 4786 1683 4838 ecri-

347 4879 425 4931 vaii:
447 4878 579 4931 «Nonne
597 4892 707 4930 verum
725 4879 772 4930 est
790 4877 874 4944 quod
887 4893 905 4930 a
920 4875 987 4929 Deo
1006 4877 1047 4928 sit
1064 4876 1165 4929 omnis
1183 4874 1325 4929 veritas?
1344 4873 1376 4927 Si
1393 4874 1486 4926 michi
1498 4889 1561 4927 non
1573 4875 1683 4939 credis,

348 4967 465 5029 medas,
482 4966 603 5034 precor,
621 4966 756 5019 Aurelio.
782 4966 817 5019 In
841 4965 946 5019 fronte
971 4965 1096 5032 quidem
1121 4964 1260 5031 opusculi
1280 4964 1335 5026 sui,
1362 4962 1444 5030 quod
1469 4964 1516 5015 De
1534 4965 1684 5031 octogiuta

348 5057 446 5109 tribus
463 5056 673 5122 questionibus
692 5055 796 5120 edidit,
814 5056 873 5107 hoc
891 5056 1012 5122 probat,
1031 5054 1106 5106 dicit
1124 5054 1155 5105 et
1174 5054 1292 5106 tenet».
1319 5051 1376 5116 Cf..
1396 5066 1435 5104 en
1454 5050 1537 5115 effet,
1556 5051 1586 5104 S.
1602 5050 1683 5106 AUG.

347 5146 393 5198 De
411 5147 543 5198 diversis
560 5146 792 5211 quaestionibus
809 5144 976 5197 LXXXIII
994 5144 1044 5197 lib.
1065 5158 1152 5207 unus,
1177 5142 1243 5205 9.1,
1274 5143 1379 5195 Utrum
1404 5143 1506 5193 anime
1525 5156 1545 5193 a
1562 5156 1596 5193 se
1615 5144 1684 5208 ίρεα

347 5233 410 5286 stt?
439 5234 476 5286 In
498 5232 588 5300 Oper.
608 5233 657 5297 VI,
675 5243 706 5285 11.
1510 5240 1512 5245 ·
