4300 6117
835 1038 1023 1091 IOHANNIS
1045 1038 1229 1092 DOMINICI
1630 1028 1693 1090 211

354 1263 456 1323 circa
484 1262 582 1322 illam
617 1262 810 1340 sequelam,
835 1279 916 1323 mox
940 1262 1142 1323 subiunxit:
1185 1260 1407 1323 ‹Ambulate
1434 1261 1472 1322 in
1495 1261 1694 1332 dilectione,

355 1370 450 1430 sicut
466 1366 531 1430 lilii
548 1369 762 1441 carissimi»,
782 1400 821 1409 -
838 1369 912 1429 vel:
933 1367 1156 1430 ‹Ambulate
1171 1369 1208 1429 in
1223 1368 1424 1441 dilectione,
1440 1369 1532 1429 sicut
1547 1367 1695 1447 Xpistus

355 1476 482 1537 dilexit
498 1493 562 1537 nos
578 1473 624 1536 »¹.
643 1507 686 1517 —
702 1474 794 1537 Hinc
811 1478 866 1537 est
891 1476 989 1554 quod
1015 1476 1139 1537 volens
1156 1473 1387 1555 perfectionis
1403 1476 1584 1537 insinuare
1602 1493 1695 1536 sum·

274 1582 278 1585 ’
356 1601 463 1654 mam,
499 1584 627 1644 iterum
650 1583 812 1662 scripsit:
858 1580 1003 1661 «Super
1024 1582 1091 1644 hec
1124 1585 1245 1644 autem
1276 1583 1394 1644 omnia
1425 1584 1612 1644 caritatem
1635 1583 1696 1643 ha·

354 1690 450 1761 bete,
476 1690 573 1771 quod
589 1692 643 1750 est
654 1690 835 1751 vinculum
850 1690 1083 1769 perfectionis
1097 1710 1112 1743 r
1126 1688 1147 1762 ²,
1170 1708 1239 1768 que
1256 1691 1369 1752 verba
1385 1690 1514 1752 nobilis
1529 1689 1697 1752 Doctor

359 1799 546 1857 sanctus
570 1795 715 1858 Ordinis
739 1795 1021 1868 Predicatorum,
1050 1797 1156 1857 iubar
1179 1798 1367 1869 excelsum,
1391 1797 1428 1857 in
1452 1798 1634 1876 copiosum
1657 1796 1697 1857 li·

357 1903 492 1964 bellum
508 1904 676 1975 extendit,
700 1902 965 1993 ipsumqueDe
989 1902 1289 1965 Perfectione
1312 1904 1405 1965 vite
1428 1904 1696 1983 spiritualis

356 2010 498 2071 censuit
521 2009 800 2090 nuncupandum
810 2008 831 2070 ³.

470 2115 549 2177 Hac
589 2129 672 2197 ergo
710 2118 936 2178 conclusione
970 2120 1154 2196 tamquam
1192 2121 1277 2179 nota
1318 2118 1502 2197 premissa,
1536 2118 1699 2196 sequitur
1712 2116 1741 2177 2.

357 2222 546 2285 manifeste
562 2224 669 2303 quod,
683 2224 732 2285 ad
748 2224 815 2286 hoc
833 2228 872 2286 ut
889 2226 969 2304 quis
985 2224 1101 2286 Deum
1114 2225 1391 2304 omnipotentem
1409 2226 1541 2286 debeat
1554 2225 1696 2309 imitari.

359 2332 554 2409 requiritur
569 2332 726 2393 studium
745 2332 897 2393 sciencie
921 2332 1093 2404 caritatis,
1120 2332 1209 2411 ipso.
1223 2331 1373 2393 Domino
1390 2332 1463 2393 suis
1483 2332 1696 2410 sequacibus

358 2441 484 2517 aperte
508 2440 674 2500 dicente:
702 2439 773 2499 ‹In
794 2438 861 2501 hoc
887 2442 1100 2520 cognoscent
1124 2457 1245 2500 omnes
1268 2439 1367 2518 quod
1389 2439 1459 2500 mei
1482 2439 1567 2500 estis
1592 2439 1697 2500 disci·

357 2545 444 2624 puli,
469 2545 499 2607 si
535 2545 762 2608 dilectionem
797 2546 994 2608 habueritis
1018 2546 1067 2607 ad
1090 2547 1243 2608 invicem
1269 2544 1318 2607 »⁴.
1349 2544 1503 2625 Propter
1531 2546 1628 2624 quod
1644 2536 1657 2629 {l
1683 2550 1697 2581 ⁸
1778 2542 1896 2605 Β47ῐο

362 2653 524 2713 delinivit
539 2653 755 2714 venerabilis
771 2652 988 2733 Augustinus
1003 2654 1080 2715 sola
1097 2654 1250 2714 caritate
1267 2652 1435 2732 distingui
1451 2651 1545 2714 lilios
1562 2654 1661 2733 regni
1676 2672 1697 2714 a

359 2759 444 2820 filiis
467 2759 684 2839 perdicionis
709 2758 856 2822 eterne⁵.
880 2760 948 2822 Est
966 2761 1059 2821 enim
1071 2761 1136 2821 hec
1153 2760 1316 2840 precelsa
1332 2764 1455 2832 mater,
1473 2761 1624 2839 genitrix
1636 2780 1697 2821 nu·

358 2868 501 2945 trixque
513 2867 669 2928 filiorum
681 2866 756 2939 Dei,
774 2867 986 2946 simplicium
998 2866 1266 2946 Xpistianorum
1278 2868 1472 2946 gramatica
1485 2867 1649 2929 litteralis
1662 2871 1698 2929 et

361 2974 597 3035 scienciamm
612 2975 768 3035 omnium
784 2974 1086 3052 preciosissimum
1107 2974 1328 3044 elementum,
1342 2978 1524 3036 oratorum
1537 2993 1605 3035 vox
1618 2992 1697 3035 sua·

357 3082 414 3141 vis
427 3084 462 3142 et
475 3081 683 3159 eloquencia
693 3071 708 3163 ΙΙ
727 3098 834 3159 quam
847 3064 999 3142 decora!
1014 3079 1092 3143 Hec
1106 3084 1160 3142 est
1170 3099 1235 3160 pro
1248 3080 1366 3160 Xpisti
1378 3080 1452 3142 fide
1461 3082 1697 3161 pugnancium

358 3206 447 3248 vera
478 3188 687 3269 dyalectica,
712 3187 811 3249 miris
846 3191 1020 3249 coronata
1050 3187 1247 3266 triumphis,
1280 3191 1316 3249 et
1347 3189 1598 3250 confitencium
1621 3188 1696 3250 Deo

359 3295 585 3355 arismetrica
608 3295 865 3356 beneficiorum
882 3296 1133 3373 omnipotentis
1157 3294 1232 3364 Dei,
1250 3296 1549 3377 propriorumque
1564 3296 1697 3357 iacino·

359 3420 440 3462 rum
463 3401 697 3464 examinatrix
720 3402 918 3481 singularis.
943 3400 1084 3463 Caritas
1109 3404 1164 3463 est
1193 3420 1232 3464 se
1263 3403 1537 3464 reformancium
1560 3401 1608 3463 ad
1631 3402 1698 3464 Dei

361 3509 560 3589 ymaginem
588 3510 782 3588 geometria
814 3510 927 3570 solers
963 3512 999 3570 et
1033 3509 1211 3589 speciosa,
1246 3528 1384 3571 necnon
1418 3510 1629 3571 clericorum
1663 3513 1699 3571 et

362 3619 570 3677 cunctorum
594 3616 823 3676 laudancium
844 3615 960 3677 Deum
989 3617 1125 3677 musica
1157 3616 1362 3679 letabunda.
1393 3616 1467 3677 Ista
1502 3619 1557 3678 est
1586 3619 1699 3678 astro·

357 3722 453 3802 logia
478 3723 800 3802 contemplancium
824 3724 966 3784 centum
1000 3722 1113 3783 oculis
1145 3723 1287 3784 radiata
1317 3726 1426 3801 atque
1457 3725 1699 3785 confessorum

297 3848 301 3854 ·
358 3828 488 3900 ethica,
514 3830 685 3890 virtutum
709 3830 865 3891 omnium
888 3830 960 3891 late
984 3830 1145 3892 moribus
1170 3830 1351 3891 decorata.
1374 3828 1470 3892 Ecce
1493 3833 1699 3891 sanctarum

362 4025 577 4033 ——.-

468 4212 501 4271 a)
519 4224 554 4254 =
572 4222 672 4277 voyez
692 4208 843 4261 ci-dessns
861 4209 935 4260 note
953 4222 1006 4260 sur
1023 4208 1054 4259 la
1073 4208 1252 4277 pagination
1271 4208 1311 4261 de
1329 4208 1363 4259 B.

467 4400 488 4468 ¹)
508 4402 537 4456 8.
556 4404 664 4465 ΡΔυΙ..,
683 4404 726 4455 ad
743 4404 866 4469 Epiros,
887 4404 924 4467 V,
943 4404 969 4454 2.

469 4488 565 4555 ²)ID.,
584 4494 627 4544 ad
647 4491 770 4554 coloss,
787 4492 838 4554 111,
859 4493 902 4544 14.

471 4578 491 4645 ³)
511 4581 567 4634 Cet
592 4582 741 4650 opuscule
768 4596 803 4634 se
828 4584 939 4634 trouve
958 4582 1025 4635 etre
1049 4582 1080 4634 le
1101 4584 1172 4636 181110
1194 4582 1236 4635 dn
1257 4585 1277 4636 t.
1295 4584 1379 4636 XVII
1396 4584 1437 4638 de
1458 4584 1527 4637 l'ed.
1546 4586 1585 4639 de
1603 4586 1701 4639 Rome

358 4670 419 4723 des
438 4685 562 4724 oenvres
580 4671 621 4722 de
640 4670 669 4724 8.
688 4668 830 4723 lbomas.
849 4671 975 4738 Incipit:
998 4669 1146 4737 Quoniam
1164 4675 1289 4739 qnidam
1303 4671 1504 4739 perfectionis
1522 4677 1621 4742 ignari
1644 4677 1700 4729 etc·

362 4758 408 4813 ΕΙ.
426 4758 702 4833 Qum-Ecum,
722 4760 895 4826 Scriptores
917 4759 989 4813 Orci.
1008 4762 1130 4825 Praeti..
1150 4774 1171 4824 1,
1188 4762 1250 4815 335.

470 4847 492 4912 ⁴)
511 4848 541 4901 S.
562 4849 683 4912 Ionan,
701 4849 780 4912 xm,
799 4850 834 4902 3⁵

471 4934 491 5003 ⁵)
511 4936 540 4990 8.
559 4936 637 4991 AUR.
656 4939 739 4991 Auo.
759 4940 794 4989 In
813 4940 921 4991 Johan.
940 4939 966 4991 11
984 4954 1025 4990 ne
1043 4954 1123 4992 nous
1142 4954 1161 4991 a
1179 4954 1236 5007 pas
1256 4940 1305 4993 e'te
1323 4941 1459 5008 possible
1477 4942 1517 4994 de
1535 4942 1702 4996 decouvrir

361 5024 395 5077 le
420 5026 506 5078 texte
528 5027 572 5080 tel
590 5027 663 5093 qu'il
689 5028 736 5079 est
760 5028 830 5090 cite',
855 5027 873 5079 a
899 5028 1000 5080 moins
1025 5042 1087 5095 qne
1113 5028 1275 5093 Dominici,
1301 5030 1381 5083 ainsi
1408 5031 1480 5097 qn'il
1499 5046 1539 5084 en
1564 5033 1612 5085 est
1630 5046 1701 5085 con·

365 5115 486 5178 tnmter,
505 5129 545 5167 ne
564 5116 686 5168 re'sume
705 5116 784 5168 dans
803 5132 865 5170 une
884 5116 993 5184 parole
1012 5119 1079 5170 tout
1097 5133 1140 5170 un
1158 5126 1298 5187 passage.
1326 5120 1418 5172 Alors
1436 5120 1467 5173 le
1485 5129 1616 5189 passage
1634 5122 1702 5174 vise

359 5204 403 5256 de
427 5203 457 5255 8.
475 5204 624 5272 Angustin
650 5204 748 5259 serait
775 5207 998 5259 certainement
1024 5206 1054 5260 le
1080 5207 1205 5260 suivant
1236 5208 1282 5260 De
1311 5207 1504 5274 correptione
1529 5213 1559 5262 et
1585 5210 1702 5274 Gratia,

359 5307 429 5360 cap.
448 5292 465 5345 8
484 5295 516 5345 et
532 5294 559 5347 9.
579 5295 615 5346 In
637 5293 727 5360 Oper.
746 5297 767 5347 t.
785 5295 821 5359 X,
844 5295 901 5348 col.
919 5295 981 5359 92⁶,
1001 5310 1047 5362 sq.
