4300 6117
486 945 553 1007 286
998 955 1156 1009 LUCULA
1178 954 1318 1008 NOCTIS

485 1178 627 1239 iusticia
652 1178 830 1239 calliditas
865 1180 990 1258 pocius
1015 1196 1123 1257 quam
1146 1180 1328 1258 sapiencia
1360 1181 1415 1240 est
1447 1178 1665 1259 appellanda
1685 1176 1737 1239 ›¹.
1783 1178 1824 1238 ln

484 1283 554 1345 illis
577 1287 697 1346 autem
720 1284 893 1347 doctrinis
917 1286 1059 1348 iusticia
1082 1305 1154 1348 non
1177 1287 1339 1358 habetur,
1379 1287 1417 1347 in
1440 1287 1569 1365 quibus
1605 1305 1677 1347 non
1707 1286 1822 1347 solum

486 1410 557 1453 non
581 1392 710 1453 colitur
731 1391 838 1464 Deus,
864 1392 929 1454 sed
952 1393 1074 1454 divina
1107 1394 1352 1472 multipliciter
1385 1393 1523 1455 directe
1555 1394 1614 1455 vel
1648 1393 1823 1455 indirecte

485 1500 719 1578 pertinaciter
741 1501 1002 1580 impugnantur.
1028 1499 1106 1584 Que
1128 1502 1355 1580 impugnacio
1391 1502 1505 1562 eciam
1535 1502 1657 1579 aliqua
1689 1500 1823 1579 specie·

486 1612 589 1687 tenus
623 1607 719 1668 bona
754 1608 929 1685 pacientis
968 1607 1146 1678 admittat,
1187 1609 1348 1670 bonitate
1382 1626 1467 1669 vere
1505 1609 1602 1670 bona
1635 1626 1715 1669 esse
1753 1625 1824 1667 non

487 1715 569 1776 sinit
608 1733 673 1775 sua
707 1714 875 1776 mixtione
912 1716 1064 1775 mortali.
1103 1747 1142 1756 —-
1183 1713 1338 1798 Quidam
1367 1714 1600 1794 philosophus
1638 1713 1753 1784 divus,
1787 1716 1824 1773 in

486 1820 615 1883 Vitis
639 1819 851 1891 Patrum,
876 1822 1059 1893 Arsenius,
1080 1822 1172 1883 vidit
1189 1821 1368 1883 hominem
1392 1825 1547 1883 stantem
1570 1822 1822 1900 superiacum,

486 1948 551 1990 vas
575 1948 618 1989 ex
641 1947 735 2007 aqua
758 1928 956 2007 replentem
981 1932 1017 1990 et
1042 1927 1287 1990 effundentem
1309 1930 1346 1990 in
1368 1930 1560 1990 cisternam
1576 1931 1770 2007 pertusam,
1787 1932 1824 1989 et

487 2037 622 2097 dictum
645 2039 700 2097 est
723 2036 790 2097 illi:
818 2031 951 2097 «Tales
976 2038 1067 2107 sunt,
1093 2036 1154 2114 qui
1178 2035 1312 2097 habent
1337 2038 1433 2097 bona
1457 2035 1559 2097 malis
1584 2036 1760 2115 permixta
1781 2034 1822 2096 »ἦ

418 2140 470 2201 11.
593 2142 757 2204 Sciencia
780 2145 908 2214 autem,
933 2160 1041 2221 quam
1065 2162 1136 2204 non
1160 2141 1318 2204 excludit
1341 2143 1471 2221 gracia,
1497 2145 1553 2204 est
1575 2144 1735 2221 quelibet
1763 2160 1823 2203 na·

486 2250 621 2312 turalis.
668 2248 747 2311 Non
771 2250 865 2311 enim
889 2249 985 2310 addo
1012 2270 1026 2303 v
1046 2268 1153 2311 vera
1173 2272 1200 2320 s,
1227 2269 1307 2311 cum
1329 2250 1476 2328 proprie
1503 2250 1684 2328 loquendo
1709 2250 1823 2311 omnis

485 2358 641 2419 sciencia
666 2358 713 2418 sit
735 2376 832 2418 vera.
857 2355 960 2417 Unde
984 2375 1055 2417 non
1079 2357 1273 2435 incongrue
1296 2360 1416 2435 potest
1438 2357 1510 2418 dici
1543 2356 1677 2418 nullam
1711 2358 1823 2418 scien-

487 2466 578 2526 ciam
601 2465 830 2525 interdictam
846 2482 925 2525 esse
940 2462 1158 2541 xpisticolis,
1183 2464 1213 2524 si
1232 2468 1329 2525 recte
1353 2466 1531 2525 fateamur
1552 2482 1692 2525 omnem
1713 2466 1824 2525 scien·

486 2572 578 2633 ciam
601 2570 679 2634 fore
702 2590 835 2642 veram,
861 2573 896 2632 et
920 2570 1053 2631 nullam
1076 2589 1202 2631 veram
1226 2571 1284 2631 cui
1314 2570 1453 2649 aliquid
1484 2570 1651 2632 falsitatis
1686 2575 1824 2632 asserte

484 2679 593 2740 fuerit
617 2679 810 2758 alligatum.
837 2676 912 2739 Sed
936 2680 1029 2756 quia,
1054 2679 1189 2739 usitato
1214 2677 1321 2740 modo
1344 2678 1525 2756 loquendi,
1550 2677 1717 2740 doctrina
1741 2696 1824 2757 que·

483 2786 571 2847 libet
595 2788 660 2847 sub
678 2786 819 2846 nomine
835 2785 1005 2864 specifico
1024 2786 1239 2846 «sciencie»
1258 2786 1469 2855 continetur,
1495 2804 1565 2847 non
1581 2786 1657 2847 sine
1674 2785 1819 2846 distinc-

484 2894 586 2955 cione
612 2894 738 2954 saltem
762 2894 967 2972 vulgaribus
992 2896 1046 2953 est
1071 2891 1301 2970 loquendum.
1332 2891 1462 2980 Procul
1485 2892 1605 2963 dubio,
1630 2893 1761 2972 gracia,
1785 2894 1825 2952 ut

484 3002 545 3069 sic,
571 2999 705 3060 nullam
728 3000 916 3060 veritatem
940 2999 1081 3060 refellit.
1124 2998 1259 3060 Errare
1276 3002 1396 3060 autem
1412 3000 1488 3060 sive
1504 3000 1645 3061 mentiri
1661 2999 1824 3061 naturale

484 3126 555 3169 non
589 3124 689 3177 voco,
725 3105 790 3167 sed
824 3106 869 3167 de
905 3106 1012 3184 culpa
1051 3108 1231 3168 communi
1266 3106 1323 3167 vel
1359 3107 1569 3185 particulari
1605 3125 1822 3185 processum.

483 3213 612 3275 Dicere
636 3215 771 3293 quippe
795 3214 1011 3293 triangulum
1034 3213 1278 3292 equilaterum
1302 3213 1448 3291 equales
1472 3214 1619 3294 angulos
1654 3234 1726 3274 non
1764 3213 1823 3274 ha·

484 3324 571 3383 bere
594 3323 657 3382 aut
680 3320 821 3382 duobus
845 3322 952 3382 rectis
986 3340 1057 3382 non
1092 3321 1323 3399 equipollere,
1348 3322 1509 3382 terminis
1545 3321 1746 3393 intellectis,
1772 3322 1824 3382 est

485 3429 667 3490 maliciose
697 3427 892 3489 defendere
922 3428 1133 3502 falsitatem3
1176 3428 1246 3489 illis
1282 3431 1402 3489 autem
1435 3429 1615 3508 ignoratis,
1640 3447 1823 3508 presump-

485 3539 587 3597 tuose
601 3534 740 3596 falsitas
754 3535 990 3615 impugnatur,
1017 3553 1170 3613 quorum
1194 3539 1359 3596 neutrum
1374 3536 1495 3614 gracia
1511 3554 1582 3597 non
1597 3536 1765 3597 admittit.
1782 3567 1823 3575 -

485 3643 667 3728 Quantum
691 3642 801 3721 magis
825 3641 871 3703 de
894 3645 1033 3722 gratum
1075 3643 1229 3705 iaciente
1271 3644 1457 3713 tractatur,
1483 3642 1677 3704 defendere
1712 3643 1824 3704 nescit

484 3749 656 3811 mundum
690 3768 761 3809 non
795 3749 905 3810 fuisse
940 3754 1101 3811 creatum
1130 3753 1193 3811 aut
1228 3750 1435 3810 eternaliter
1470 3751 1686 3829 generatum,
1722 3750 1823 3829 virgi·

485 3877 566 3918 nem
590 3875 661 3918 non
686 3873 792 3934 posse
815 3874 954 3934 parere,
980 3874 1001 3916 a
1025 3858 1235 3936 privacione
1258 3856 1307 3917 ad
1330 3855 1492 3917 habitum
1508 3875 1578 3918 non
1595 3854 1672 3917 fore
1690 3868 1822 3936 regres-

486 3982 573 4036 sum,
599 3964 870 4043 generacionem
894 3967 929 4024 et
943 3964 1216 4041 corrupcionem
1233 3964 1436 4025 mortalium
1452 3964 1489 4023 in
1505 3966 1665 4025 eternum
1681 3962 1822 4034 durare,

488 4091 567 4133 cum
591 4072 686 4131 mille
709 4070 846 4132 milium
869 4072 1001 4131 talibus
1038 4069 1155 4143 dictis,
1191 4088 1261 4148 que
1294 4069 1403 4131 velud
1435 4088 1523 4131 vera
1555 4073 1591 4131 et
1622 4070 1824 4149 aliqualiter

487 4179 733 4240 demonstrata
755 4196 965 4239 asseverare
988 4178 1158 4239 mortales
1183 4177 1330 4255 quidam
1355 4196 1426 4238 non
1450 4180 1601 4239 cessant.
1677 4246 1681 4254 ‚

599 4337 688 4399 Duo
705 4339 830 4400 video
846 4356 971 4417 posse
985 4337 1065 4398 hiis
1083 4337 1218 4398 obici3
1234 4337 1374 4399 dictis.
1392 4336 1558 4407 Primum,
1571 4336 1822 4416 quodquidam

488 4447 613 4517 sancti,
638 4446 759 4526 gracia
784 4448 978 4515 constante,
1004 4464 1075 4506 non
1099 4444 1214 4506 solum
1238 4446 1335 4506 circa
1365 4447 1560 4516 creaturas,
1585 4463 1709 4505 verum
1743 4456 1823 4524 erga

492 4669 705 4678 ..ψ-

598 4865 618 4931 ι)
636 4868 676 4920 M.
696 4865 729 4919 Τ.
750 4868 812 4920 CIC.
840 4870 887 4920 De
908 4866 1041 4932 Osslciis.
1060 4869 1082 4931 Ι,
1109 4865 1209 4935 §xm
1246 4870 1290 4921 Le
1315 4875 1447 4935 passage
1475 4870 1523 4920 est
1550 4883 1612 4920 une
1634 4869 1762 4922 citation
1783 4867 1822 4919 de

488 4958 608 5010 Platon.

598 5044 618 5111 ἓ)
638 5047 682 5101 Cf.
708 5050 755 5099 De
779 5050 853 5100 Vitis
877 5050 1005 5100 Petrum
1030 5049 1083 5099 lib.
1102 5048 1152 5101 lll.
1178 5049 1274 5101 Verba
1292 5052 1455 5101 seniorum.
1485 5049 1596 5116 Migne,
1614 5048 1746 5112 LXXIII,
1764 5046 1820 5100 7⁶3.

490 5137 534 5188 La
552 5138 653 5190 mtme
671 5138 772 5189 vision
792 5152 825 5189 se
844 5139 955 5190 trouve
974 5138 1148 5205 &galement
1168 5139 1343 5204 rapportee,
1362 5139 1433 5190 ibid.
1452 5138 1507 5191 978
1526 5139 1557 5191 et
1576 5139 1653 5191 1054.

599 5222 619 5289 ²¹)
638 5228 719 5278 Pour
739 5228 835 5291 objici.
