4300 6117
867 873 982 928 CX
2096 876 2345 929 INDEX

1090 1191 1168 1248 ut
1215 1187 1566 1250 abscondi
1614 1206 1756 1248 non
1790 1188 2049 1267 ⁵possit
2118 1186 2454 1250 falsitatis
2518 1189 2892 1268 pernicie&
2943 1208 3103 1251 cum
3335 1098 3548 1149 PAGES

1089 1294 1300 1356 aliter
1373 1294 1467 1355 de
1533 1293 1687 1356 Deo
1755 1295 2013 1375 plebei.
2090 1295 2304 1357 aliter
2371 1294 2774 1375 philosophi
2837 1297 3104 1357 sentire

1093 1402 1405 1463 debeant
1422 1446 2642 1465 ............................
2676 1453 2681 1457 .
2719 1446 2910 1462 .....
2942 1449 2953 1460 .
2985 1449 2999 1462 .
3029 1448 3043 1461 .
3073 1449 3087 1463 .
3192 1402 3324 1465 356
3336 1402 3545 1465 -362

878 1566 1188 1631 CAPUT
1233 1568 1412 1631 XLI.
1476 1603 1538 1611 -
1598 1568 1849 1632 Brevis
1899 1572 2011 1632 est
2055 1589 2290 1633 sermo
2340 1571 2430 1631 de
2477 1571 2925 1651 philosophia
2957 1590 3101 1632 mo-

1091 1678 1245 1749 rali,
1296 1680 1375 1739 ut
1434 1678 1703 1739 sciatur
1770 1678 1968 1756 quod
2035 1677 2170 1739 hec
2239 1697 2383 1740 non
2448 1679 2921 1759 impugnatur,
2969 1679 3102 1741 sed
3236 1730 3243 1737 .

1090 1784 1428 1846 laudatur
1474 1787 1955 1864 precaturque
2002 1775 2296 1847 cunctos
2343 1786 2648 1847 lectores
2682 1791 2761 1846 ut
2792 1786 2886 1847 ab
2914 1786 3103 1846 illius

1090 1892 1302 1953 scolis
1352 1910 1718 1971 nunquam
1765 1891 2111 1953 secedant
2137 1936 3086 1955 ......................
3190 1888 3545 1953 363-372

866 2055 1187 2121 CAPUT
1229 2058 1445 2121 XLII.
1500 2091 1577 2099 —
1629 2059 1743 2120 An
1777 2060 1901 2121 illa
1933 2061 2224 2122 moralis
2255 2060 2708 2141 philosophia
2739 2061 3102 2141 gentilium

1093 2168 1185 2229 sit
1269 2185 1444 2228 vera
1527 2166 1979 2247 philosophia
2062 2168 2433 2248 ipsiusque
2518 2172 2849 2229 auctores
2931 2186 3100 2229 vere
3215 2235 3220 2239 ,

1090 2274 1518 2355 phylosophi
1565 2275 1707 2336 sint
1751 2274 2268 2354 nuncupandi?
2320 2310 2398 2320 —-
2471 2274 2670 2336 Idem
2717 2276 3100 2337 ventiletur

1089 2382 1182 2442 de
1228 2382 1491 2443 nostris
1509 2426 3083 2443 ....................................
3189 2379 3541 2443 373-382

875 2545 1186 2610 CAPUT
1229 2548 1477 2611 XLIII.
1525 2581 1622 2591 —
1670 2544 1896 2639 [Idem
1943 2553 2434 2629 argumentum
2482 2543 2967 2633 prosequitur]
3028 2597 3085 2611 ..
3189 2549 3543 2613 383—396

867 2715 1185 2781 CAPUT
1228 2717 1479 2779 XLIV.
1532 2750 1612 2760 —
1659 2718 2164 2800 Respondetur
2209 2722 2306 2782 ad
2372 2722 2909 2799 opposicionem
2976 2740 3098 2781 un-

1090 2827 1443 2888 decimam
1518 2829 1587 2888 et
1657 2828 1888 2906 primo
1960 2827 2225 2889 dicitur
2292 2827 2679 2888 humanum
2745 2841 2963 2906 genus
3024 2828 3099 2889 in

1088 2934 1354 2994 malum
1388 2952 1546 2995 esse
1578 2934 2006 3013 proclivum;
2045 2967 2124 2973 —
2161 2935 2496 3006 secundo,
2530 2935 2894 3015 gentilium
2925 2934 3097 3016 phy-

1087 3039 1489 3119 losophiam
1535 3042 1859 3120 previam
1904 3039 2059 3103 fore
2106 3043 2204 3103 ad
2251 3060 2529 3103 omnem
2581 3059 2898 3103 errorem
2937 3086 2950 3100 .
2979 3086 2994 3102 .
3026 3087 3038 3100 .
3069 3087 3082 3102 .
3188 3039 3540 3104 397—-406

865 3206 1185 3270 CAPUT
1231 3207 1444 3270 XLV.
1497 3242 1575 3249 -—
1627 3207 1874 3272 Verba
1921 3209 2503 3289 philosophorum
2535 3211 2847 3272 tenebris
2880 3210 3094 3290 plena

1088 3335 1229 3377 non
1277 3316 1505 3376 solum
1552 3316 1920 3396 superflua
1968 3320 2130 3379 sunt
2175 3336 2307 3396 pro
2355 3317 2779 3378 veritatibus
2821 3318 3096 3378 virtuti·

1086 3424 1365 3502 busque
1414 3425 1900 3502 assequendis,
1952 3425 2084 3485 sed
2131 3423 2471 3485 mortales
2536 3424 2938 3503 periculosa
3009 3425 3105 3486 ad

1096 3548 1377 3591 omnem
1433 3549 1752 3593 errorem
1818 3536 2039 3611 atque
2105 3530 2478 3610 quodlibet
2543 3532 2793 3591 vitium
2863 3532 3097 3611 aperit

1086 3636 1515 3715 multiplices
1563 3638 1781 3699 calles
1818 3682 3080 3701 .............................
3185 3635 3533 3698 407—421

866 3801 1184 3866 CAPUT
1227 3793 1475 3867 XLVI.
1546 3839 1594 3846 --
1660 3805 1919 3878 Primo,
1968 3807 2204 3887 agitur
2251 3806 2342 3867 de
2374 3804 2822 3868 fallaciarum
2856 3825 3092 3880 causa,

1088 3913 1362 3991 pariter
1408 3915 1481 3974 et
1528 3916 1863 3986 auctore;
1918 3948 1968 3954 --
2019 3914 2357 3985 secundo,
2394 3913 2486 3975 de
2528 3914 2703 3992 ipsis
2749 3915 3095 3975 versuciis

1088 4020 1238 4081 eius
1287 4064 3080 4083 ........................................
3185 4017 3535 4081 422-435

864 4185 1182 4250 CAPUT
1257 4186 1539 4249 XLVII.
1655 4222 1668 4226 -
1781 4184 2200 4250 Tenendum
2277 4192 2386 4249 est
2456 4190 2650 4267 quod
2721 4194 2916 4251 recte
2981 4189 3141 4274 vel,

1084 4296 1374 4375 oblique
1444 4296 1758 4355 omnium
1802 4296 2219 4366 falsitatum,
2271 4295 2694 4364 illusionum,
2751 4313 3091 4368 errorum,

1095 4403 1444 4471 heresum,
1480 4403 1894 4463 scismatum
1941 4405 2011 4463 et
2061 4402 2366 4463 aliorum
2421 4402 2769 4463 malorum
2837 4404 3090 4465 saltem

1090 4509 1657 4580 enunciabilium,
1706 4510 1803 4570 ad
1850 4509 2360 4571 intellectivam
2420 4510 2833 4588 porcionem
2879 4510 3092 4588 perti-

1102 4618 1439 4686 nencium,
1490 4616 1936 4677 machinator
1984 4618 2092 4678 est
2141 4616 2278 4687 ille,
2331 4617 2452 4695 qui
2499 4620 2611 4677 est
2657 4617 2960 4678 mendax
3019 4619 3093 4678 et

1090 4726 1292 4801 pater
1339 4723 1509 4807 eiua
1561 4725 1744 4784 sicut
1794 4724 2245 4802 omnipotens
2293 4721 2486 4784 Deus
2535 4724 2867 4785 universe
2911 4724 3092 4785 veri-

1090 4831 1253 4891 tatis
1303 4834 1411 4890 est
1458 4830 1881 4909 spiracionis
1929 4830 2126 4910 origo
2175 4875 3078 4893 ....................
3183 4828 3534 4892 436-445
