4300 6117
847 968 1034 1021 1ouuuu1s
1057 966 1238 1047 nonnum
1476 1015 1479 1022 ,
1643 952 1709 1015 359
1745 1020 1748 1024 ,

481 1192 720 1254 obmittamus
752 1210 832 1252 cum
864 1192 937 1252 suis
970 1188 1189 1252 falsitatibus
1222 1190 1325 1260 istos,
1362 1190 1399 1250 et
1432 1206 1627 1268 parumper
1660 1189 1709 1249 ad
1723 1185 1754 1247 4.

375 1301 580 1362 eorumdem
611 1300 793 1380 gentilium
822 1300 998 1360 urbanam
1032 1300 1108 1359 sive
1144 1299 1284 1359 civilem
1317 1300 1549 1366 transeamus,
1579 1296 1709 1356 armati

374 1411 494 1469 tamen
517 1407 652 1486 optima
680 1406 763 1467 fide.
796 1405 1013 1486 Phylosophi
1046 1404 1191 1485 quidem
1216 1424 1296 1466 cum
1326 1406 1404 1483 ipso
1439 1402 1598 1472 Platone,
1624 1420 1708 1481 quo·

375 1534 452 1575 rum
477 1514 593 1575 extitit
616 1513 795 1593 theologia
817 1512 986 1584 secunda,
1010 1513 1175 1592 pluribus
1199 1512 1268 1573 diis
1299 1509 1578 1573 sacrificandum
1613 1509 1708 1571 dixe·

374 1624 467 1693 runt,
492 1622 633 1701 ipsique
656 1620 847 1681 demonum
871 1620 1014 1681 turbam
1046 1619 1244 1692 sacrificiis,
1269 1618 1389 1679 dicam
1424 1637 1470 1679 an
1502 1617 1707 1696 sacrilegiis,

374 1728 604 1789 honorarunt.
647 1726 707 1787 Hii
730 1727 851 1806 turpia
875 1729 910 1788 et
933 1728 1090 1788 obscena
1124 1726 1172 1787 ad
1197 1726 1373 1803 quosdam
1396 1726 1555 1787 misticus
1583 1742 1709 1785 sensus

375 1838 519 1896 actuum
555 1838 681 1895 nature
722 1833 920 1906 recludunt,
961 1851 1031 1912 quo
1068 1834 1247 1911 simplices
1285 1835 1326 1894 ut
1360 1831 1519 1893 archana
1550 1831 1708 1892 divinum

374 1942 570 2003 devocione
594 1941 721 2001 maiori
744 1941 909 2001 venerari
926 1958 969 2002 ea
985 1926 1181 2011 studer'ent,
1206 1941 1307 2001 testis
1324 1942 1378 2001 est
1395 1937 1514 2000 Varro
1529 1937 1549 1999 ¹.
1564 1972 1605 1979 -
1616 1937 1709 1998 Hinc

374 2051 427 2110 est
452 2048 550 2127 quod
574 2049 720 2109 tandem
743 2048 924 2127 sapientes
947 2049 1086 2107 romani
1109 2048 1181 2107 iam
1203 2046 1321 2125 Xpisti
1345 2047 1434 2108 lucis
1457 2046 1562 2108 radio
1590 2045 1709 2105 invisi-

373 2156 495 2216 biliter
517 2155 723 2217 medullitus
746 2155 921 2233 inspirati,
954 2153 1090 2215 Nume
1114 2154 1280 2233 Popilii
1314 2154 1434 2225 libros,
1459 2153 1554 2232 leges
1589 2171 1709 2213 sacro·

375 2281 454 2323 rum
477 2262 674 2333 tradentes,
697 2262 877 2323 iusserunt
901 2261 1087 2333 cremarii',
1113 2280 1203 2340 quos
1227 2272 1291 2340 ego
1315 2262 1508 2322 dissuadeo
1524 2261 1602 2340 legi.
1621 2258 1710 2321 Sunt

374 2370 467 2429 enim
490 2370 573 2430 libri
596 2368 798 2430 historiales
822 2368 1004 2448 gentilium
1020 2372 1129 2446 atque
1144 2368 1276 2447 poetici
1298 2368 1365 2429 hiis
1390 2368 1709 2446 supersticionibus

372 2476 480 2554 pleni.
506 2474 544 2536 Si
569 2477 648 2555 quis
672 2495 743 2538 non
765 2476 842 2537 vult
865 2477 902 2536 in
925 2476 993 2537 hoc
1016 2476 1143 2537 audire
1166 2475 1403 2554 Xpistiauum,
1440 2476 1566 2536 audiat
1599 2475 1708 2535 ethni·

373 2601 452 2644 cum
492 2581 716 2655 Senecam,
752 2584 798 2644 de
836 2583 903 2643 hac
942 2582 1119 2644 theatrica
1156 2582 1332 2662 theologia
1372 2584 1575 2644 dicentem:
1605 2582 1707 2645 «Ine.

372 2690 495 2767 inquit,
521 2690 641 2752 viriles
665 2692 789 2769 partes
811 2692 983 2768 amputat,
1008 2690 1069 2751 ille
1092 2691 1247 2752 lacertos
1272 2694 1381 2752 secat.
1406 2688 1476 2750 Ubi
1492 2690 1604 2751 iratos
1621 2690 1709 2751 deos

372 2798 506 2868 timent,
532 2798 593 2875 qui
616 2798 666 2859 sic
690 2798 871 2876 propicios
896 2798 1104 2859 merentur?
1121 2820 1136 2852 r
1153 2796 1174 2857 ³.
1201 2834 1241 2839 —
1268 2796 1397 2859 Subdit
1421 2798 1533 2859 multa
1556 2798 1592 2858 in
1616 2797 1709 2857 deri·

372 2904 507 2965 sionem
530 2924 662 2976 eorum,
687 2922 756 2983 que
781 2923 837 2965 me
861 2906 961 2965 tedet
984 2923 1142 2966 narrare.
1191 2903 1285 2966 Satis
1320 2909 1374 2966 est
1405 2905 1539 2966 vidisse
1562 2905 1596 2965 in
1633 2906 1710 2965 tota

371 3009 439 3072 hac
462 3010 639 3089 theologia
662 3030 732 3071 non
756 3011 879 3079 Deum,
905 3030 975 3072 non
999 3011 1267 3084 beatitudinem,
1292 3031 1364 3073 non
1388 3013 1544 3090 denique
1577 3012 1707 3072 verita·

372 3120 444 3179 tem
466 3120 643 3179 sinceram
667 3120 824 3197 aliquam
863 3119 1023 3180 inveniri.
1059 3117 1148 3180 Cum
1182 3137 1269 3180 vera
1304 3119 1482 3199 theologia
1520 3122 1556 3180 et
1593 3136 1710 3181 sermo

372 3207 523 3297 divinus,
548 3226 600 3287 sic
632 3227 726 3286 enim
749 3226 963 3306 theologiam
997 3226 1287 3305 interpretamur,
1325 3228 1376 3289 sic
1407 3228 1560 3307 copiose,
1585 3226 1707 3287 nitido

371 3334 456 3403 tute,
492 3332 660 3405 veridice,
694 3333 958 3411 salubriterque
993 3352 1016 3393 a
1050 3333 1137 3405 Deo,
1176 3334 1237 3412 qui
1267 3335 1365 3395 solus
1390 3335 1465 3395 eius
1492 3336 1709 3413 potensest,

370 3439 569 3519 benigniter
592 3440 753 3501 revelata
776 3444 812 3501 et
835 3459 858 3500 a
881 3440 1065 3501 catholicis
1084 3441 1293 3502 doctoribus
1313 3442 1509 3511 declarata,
1537 3444 1710 3520 quantum

371 3545 426 3607 ias
472 3550 535 3618 est,
580 3566 693 3626 quare
732 3548 941 3608 conceditur
982 3547 1182 3627 Xpistianis
1213 3549 1404 3609 obmittere
1435 3549 1640 3627 preciosum
1675 3550 1711 3608 et

371 3652 656 3734 inrecuperabile
678 3657 818 3733 tempus
843 3656 957 3715 eciam
992 3673 1073 3716 cum
1109 3656 1248 3716 iactura
1283 3658 1406 3734 optate
1431 3656 1534 3734 stipis
1559 3654 1709 3716 eterne?

371 3758 447 3821 Hec
472 3764 526 3823 est
549 3762 611 3821 illa
635 3762 714 3823 sola
736 3762 964 3841 philosophia
987 3762 1154 3823 laudibus
1182 3762 1332 3833 excelsa,
1348 3780 1418 3840 que
1442 3761 1490 3823 ad
1506 3765 1709 3841 presentem

371 3868 585 3945 particulam
608 3872 758 3948 spectat,
784 3887 855 3947 qua
884 3869 1062 3949 preconiis
1098 3870 1312 3931 attolluntur
1347 3870 1422 3930 eius
1453 3870 1622 3948 alumpni,
1662 3868 1708 3929 ab

369 3973 510 4054 hiisque
536 3976 785 4037 commendata
809 3967 823 4058 ΙΙ
850 3976 1011 4054 refulget.
1788 3978 1817 4038 L
1832 3978 1925 4039 105ΓΟ

471 4080 564 4143 Hinc
586 4084 694 4163 igitur
705 4094 852 4162 magnus
865 4082 1098 4163 philosophus
1120 4080 1366 4162 Gregorius
1390 4084 1705 4152 nazianzenus,
1723 4086 1753 4146 5.

370 4188 430 4249 De
460 4188 567 4251 Vita
601 4191 972 4270 contemplativa,
1005 4193 1156 4269 propter
1190 4208 1297 4268 quam
1332 4191 1614 4268 asssequendam
1646 4191 1709 4250 aut

372 4298 649 4358 continuandam
681 4297 921 4377 patriarchari
959 4297 1118 4366 timebat,
1159 4297 1274 4376 primo
1310 4296 1709 4377 Apologeticorum

370 4402 490 4465 libro
505 4405 641 4476 scribit,
660 4405 804 4465 dicens:
826 4402 1077 4487 «Quibusdam
1094 4404 1226 4465 invidie
1242 4404 1367 4483 langor
1382 4406 1480 4465 recte
1496 4394 1510 4486 ΙΙ
1525 4403 1708 4464 iudicandi
1800 4410 1829 4469 Β
1845 4407 1918 4471 891⁰

371 4643 582 4651 ———-—-

478 4866 496 4933 ¹)
515 4867 544 4919 S.
564 4868 643 4934 Auo,
661 4868 707 4919 De
729 4867 812 4919 Civit.
831 4868 896 4929 Dei,
915 4866 978 4926 VII,
999 4876 1107 4925 xxxin,
1127 4868 1170 4917 ad
1188 4882 1268 4918 sens.
1289 4866 1326 4918 In
1349 4865 1439 4931 oper.
1458 4866 1522 4928 VII,
1540 4866 1602 4917 221.

475 4955 495 5021 ’Ἰ
514 4958 543 5009 S.
563 4958 640 5009 Aua.
661 4956 740 5009 Auo.
756 4958 802 5008 Da
817 4956 878 5008 civ.
895 4957 960 5017 Dei,
974 4955 1038 5017 vn,
1053 4965 1162 5007 xxxiv.
1177 4982 1210 4989 -
1224 4955 1268 5007 cf.
1281 4952 1344 5006 Tir.
1360 4956 1425 5008 Lrv.
1439 4957 1518 5007 Hist.
1532 4956 1592 5018 XL,
1611 4966 1704 5017 xxm

367 5046 628 5107 Vau.Mnx.1,1.

476 5134 498 5201 ³)
520 5136 631 5188 SENEc.
656 5136 849 5203 Fragmenta.
875 5134 938 5197 XII,
964 5134 1007 5186 34.
1036 5134 1114 5186 Voir
1140 5135 1170 5185 le
1195 5143 1328 5202 passage
1357 5135 1424 5186 tout
1450 5134 1550 5186 entier
1575 5134 1653 5186 dans
1678 5135 1709 5186 la

369 5223 431 5279 cue'
450 5228 487 5278 de
506 5228 584 5278 Dieu
603 5226 639 5285 V,
661 5236 690 5277 x.
