4300 6117
851 895 1037 950 IOHANNIS
1060 894 1242 949 DOMINICI
1646 883 1708 946 151

482 1120 562 1182 Non
585 1120 730 1200 expedit
751 1120 839 1199 quid
853 1120 900 1182 sit
924 1118 1168 1200 prohibicio
1191 1118 1388 1189 declarare,
1406 1136 1486 1180 cum
1501 1120 1710 1197 preceptum
1724 1115 1755 1177 6.

373 1229 414 1290 et
450 1226 650 1307 prohibicio
672 1226 730 1289 hic
760 1245 831 1288 non
862 1227 1132 1307 distinguantur,
1167 1226 1235 1288 nisi
1265 1243 1332 1305 per
1365 1223 1647 1287 affirmacionem
1675 1226 1712 1286 et

376 1335 615 1414 negacionem.
661 1330 761 1395 Tunc
801 1334 996 1396 creduntur
1033 1353 1056 1395 a
1093 1333 1227 1396 sanctis
1270 1333 1443 1395 lectiones
1490 1331 1711 1394 ethnicorum

372 1441 541 1504 codicum
562 1441 741 1521 prohibite
765 1441 883 1503 multis
908 1441 955 1502 de
978 1441 1106 1510 causis,
1131 1441 1181 1501 ita
1204 1442 1244 1502 ut
1267 1439 1381 1503 omnis
1405 1437 1604 1519 prohibicio
1628 1457 1710 1500 con·

376 1548 563 1610 dicionalis
602 1548 821 1628 intelligatur
861 1550 897 1610 et
939 1566 1010 1609 non
1052 1547 1227 1609 absoluta.
1286 1545 1401 1609 Cause
1443 1548 1526 1609 sunt
1571 1547 1639 1608 iste
1675 1548 1712 1609 et

373 1654 508 1717 similes
541 1673 548 1716 :
582 1655 612 1716 si
651 1655 731 1735 quis
769 1657 862 1717 toret
900 1655 1107 1717 melioribus
1146 1655 1332 1734 obligatus,
1372 1653 1464 1716 sicut
1492 1653 1709 1725 sacerdotes,

377 1761 523 1841 quando
547 1761 682 1824 debent
705 1761 800 1824 curis
823 1763 1022 1824 animarum
1039 1769 1194 1836 'vacare3
1217 1762 1312 1833 item,
1344 1761 1407 1823 ubi
1429 1761 1475 1823 de
1499 1761 1710 1840 sumptibus,

377 1868 507 1948 quibus
531 1887 709 1949 pauperes
733 1869 867 1931 debent
889 1868 1119 1941 substentari,
1143 1868 1234 1930 tales
1257 1868 1377 1930 littere
1405 1869 1618 1939 emerentur,
1642 1867 1712 1928 sol·

376 1975 493 2037 vendo
506 1975 714 2038 doctoribus
730 1977 788 2038 vel
803 1976 915 2038 libros
933 1975 1165 2055 acquirendo;
1180 1979 1194 2009 ⁸
1220 1976 1358 2047 iterum,
1375 1976 1406 2036 si
1421 1977 1571 2055 propter
1586 1975 1711 2036 talium

372 2081 578 2144 litterarum
600 2101 759 2144 amorem
775 2084 870 2146 sacri
885 2081 985 2144 Libri
1001 2085 1340 2162 contempnerentur
1354 2084 1418 2144 aut
1431 2081 1710 2162 negligerentur;

376 2189 503 2262 adhuc,
528 2191 559 2250 si
584 2208 693 2253 causa
716 2191 885 2252 vanitatis
906 2191 1126 2270 contingeret
1149 2187 1370 2269 frequentari
1386 2188 1579 2269 predictas,
1597 2189 1711 2251 eciam

373 2295 408 2356 si
428 2296 477 2358 ad
499 2297 641 2359 inanem
665 2297 814 2377 gloriam
837 2298 894 2360 vel
910 2297 1063 2376 quodvis
1087 2296 1187 2358 aliud
1208 2296 1339 2358 vicium
1359 2296 1573 2358 inclinarent
1594 2296 1710 2375 legen·

377 2404 473 2476 tem;
512 2403 608 2465 idem
632 2406 667 2466 et
688 2401 821 2465 lorcius
847 2403 938 2476 dico,
963 2403 995 2465 si
1018 2403 1240 2465 deducerent
1261 2402 1310 2465 ad
1333 2421 1501 2464 errorem.
1534 2400 1612 2464 Hec
1636 2403 1711 2465 iere

374 2528 499 2572 omnes
514 2528 622 2572 cause
639 2512 831 2590 tanguntur
846 2529 912 2591 per
928 2509 1146 2572 Gracianum
1160 2509 1198 2570 in
1221 2508 1402 2581 Canone,
1426 2509 1711 2572 Distinctione

373 2614 566 2678 XXXVII
585 2614 606 2678 1.

479 2722 616 2785 Verum
647 2725 741 2803 quia,
773 2726 813 2786 ut
842 2724 1041 2804 plurimum,
1071 2723 1138 2785 hec
1172 2724 1266 2784 mala
1297 2741 1341 2786 ex
1377 2723 1527 2804 prelatis
1565 2723 1711 2785 lecturis
1727 2714 1757 2778 7·

379 2831 600 2911 proveniunt,
641 2833 677 2893 et
712 2831 902 2911 presertim
940 2831 1055 2892 minus
1094 2820 1291 2913 tundatosll
1317 2831 1355 2891 in
1386 2830 1461 2892 tide
1492 2830 1541 2892 ad
1572 2830 1712 2910 lapsum
1797 2819 1914 2884 B33¹⁰

371 2938 556 3024 inclinant,
580 2956 743 3000 errorum
766 2938 858 3000 sicut
882 2939 1045 3017 exempla
1066 2937 1236 3016 patencia
1261 2939 1298 2999 et
1320 2937 1543 2999 consciencie
1565 2937 1712 3017 proprie

375 3045 539 3116 clamant,
564 3043 744 3124 prohibite
767 3046 1020 3124 presumuntur
1043 3045 1080 3105 in
1102 3044 1278 3124 pluribus.
1302 3043 1461 3123 Ideoque
1491 3043 1624 3106 debent
1651 3044 1711 3105 de·

372 3153 498 3213 testari
532 3153 756 3214 sermonibus
779 3151 960 3231 vilipendi,
985 3168 1181 3230 earumque
1204 3153 1401 3213 sectatores
1430 3150 1619 3230 increpari,
1640 3170 1712 3213 non

371 3259 457 3338 quia
477 3258 515 3320 in
538 3277 577 3320 se
600 3259 685 3319 mali
708 3259 788 3331 sint,
814 3259 879 3321 sed
903 3259 988 3338 quia
1010 3258 1130 3320 medIa
1145 3260 1228 3320 sunt
1241 3260 1280 3320 ut
1295 3258 1486 3338 plurimum
1502 3257 1552 3319 ad
1567 3257 1712 3320 devian-

375 3365 458 3426 dum
505 3368 541 3428 et
586 3366 884 3446 dampnacionem
922 3368 1103 3428 eternam.
1142 3363 1361 3447 Syrenarum
1395 3368 1521 3427 cantus
1563 3365 1594 3425 si
1632 3365 1712 3443 quis

372 3475 492 3552 potest
516 3489 595 3535 cum
618 3471 720 3534 Ulixe
742 3473 932 3534 immobilis
954 3464 1196 3544 abscultare,¹‘
1220 3474 1283 3534 aut
1307 3491 1387 3534 cum
1414 3471 1550 3551 Pegaso
1583 3472 1713 3533 taciem

374 3579 503 3641 intueri
512 3578 673 3652 Meduse,
687 3582 785 3642 tutus
795 3580 986 3642 intertales
998 3578 1120 3641 hostes
1130 3579 1307 3651 transibit,
1321 3579 1387 3640 sed
1399 3579 1484 3658 quia
1505 3577 1712 3659 paucissimi

371 3703 529 3756 numero,
555 3688 594 3748 ut
610 3705 733 3748 omnes
750 3688 859 3748 testes
876 3704 1007 3758 sumus,
1025 3685 1151 3748 talium
1165 3684 1522 3748 transformacionem
1544 3685 1711 3752 evadunt.

371 3793 468 3854 etin
491 3793 610 3855 dubiis
634 3794 751 3855 tucior
779 3794 838 3855 via
871 3797 925 3856 est
959 3794 1124 3865 tenenda,
1150 3811 1289 3855 necnon
1322 3811 1431 3873 quum
1465 3792 1570 3872 longe
1598 3793 1714 3853 malor

373 3900 550 3978 pernicies
589 3901 789 3963 animarum
826 3901 941 3962 oritur
973 3919 1081 3980 quam
1115 3918 1239 3962 earum
1273 3901 1370 3962 salus
1408 3918 1451 3961 ex
1485 3896 1713 3978 frequentata

373 4007 594 4070 ethnicorum
616 4008 765 4080 lectura,
789 4011 972 4087 tamquam
992 4008 1175 4087 prohibita
1197 4007 1325 4070 merito
1350 4009 1516 4069 censetur
1530 4006 1709 4068 haberi.—

371 4111 466 4176 Hinc
490 4113 730 4194 Gregorius,
755 4114 842 4176 fidei
865 4115 1002 4176 zelator
1024 4115 1186 4186 devotus,
1211 4114 1272 4194 qui
1286 4109 1456 4186 Titulivii,
1473 4113 1542 4174 viri
1557 4113 1710 4175 maxime

374 4221 582 4301 eloquentis,
599 4223 776 4301 quotquot
790 4222 907 4301 potuit
922 4222 1083 4301 reperire
1098 4221 1209 4282 libros
1228 4221 1410 4283 combuxit
1419 4219 1440 4292 ²,
1465 4220 1512 4281 de
1527 4219 1711 4299 sapiencia

373 4328 496 4390 mundi
519 4329 571 4390 sic
602 4328 640 4389 iu
672 4327 909 4390 Moralibus
943 4328 1054 4390 dicit:
1091 4326 1239 4390 «Huius
1275 4327 1399 4389 mundi
1429 4327 1612 4407 sapiencia
1634 4328 1708 4388 est:

372 4453 437 4497 cor
458 4435 781 4498 machinationibus
805 4438 934 4515 tegere,
959 4453 1103 4497 sensum
1126 4436 1248 4498 verbis
1271 4436 1402 4507 velare,
1428 4452 1498 4514 que
1521 4431 1613 4495 falsa
1629 4437 1711 4496 sunt

374 4631 585 4642 ————-

477 4763 509 4824 a)
532 4784 571 4808 =
590 4760 729 4814 emendo.
767 4760 799 4823 b)
819 4775 853 4806 =
872 4760 1055 4814 auscultare.

479 4901 501 4968 ¹)
520 4903 570 4956 En
587 4901 663 4956 eilet
681 4903 712 4954 la
729 4902 855 4970 plupart
873 4903 929 4954 des
955 4902 1106 4955 autoritts
1131 4901 1302 4968 invoquees
1327 4914 1385 4968 par
1402 4898 1554 4953 Dominici
1571 4897 1711 4951 l’tiaient

372 4992 445 5060 deta
463 5008 521 5061 par
541 4992 677 5054 Gratten,
696 4992 816 5044 surtout
834 4991 913 5044 dans
932 4993 1013 5045 cette
1030 4991 1112 5043 Dist.
1132 4989 1280 5042 XXXVII.

478 5078 564 5146 ²)Ct.
583 5080 614 5134 S.
637 5080 778 5149 Gregorii
800 5082 909 5149 Magni
932 5083 1003 5145 vitu,
1029 5081 1108 5132 auct.
1135 5079 1253 5133 Ioanne
1276 5080 1422 5142 Diacono,
1446 5078 1500 5131 lib.
1522 5077 1573 5142 IV,
1598 5075 1642 5130 ⁶9.
1674 5076 1711 5129 In

376 5170 467 5240 Oper.
487 5170 518 5224 S.
540 5170 628 5239 Greg.
648 5170 671 5232 I,
689 5169 750 5222 222.
