4300 6117
463 935 531 998 334
581 952 585 959 ’
975 946 1134 999 LUCULA
1157 944 1296 999 NOCTIS

462 1170 606 1232 detecta
641 1170 799 1249 caligine,
835 1170 887 1231 sic
922 1170 959 1230 in
993 1169 1069 1230 eius
1104 1169 1327 1249 amplexibus
1361 1171 1553 1231 tenebatur
1586 1171 1734 1240 artatus,
1759 1171 1799 1231 ut

462 1278 519 1338 ad
553 1276 865 1339 Volusianum
898 1277 1037 1338 diceret
1073 1276 1111 1337 in
1145 1276 1307 1356 epistola,
1344 1277 1526 1338 scribens:
1563 1272 1717 1337 «Tanta
1744 1278 1798 1338 est

460 1382 730 1464 Xpistianorum
753 1382 979 1463 profunditas
1003 1381 1230 1455 Litterarum,
1243 1386 1282 1444 ut
1306 1383 1343 1444 in
1359 1384 1410 1444 eis
1426 1383 1558 1445 cotidie
1574 1384 1796 1463 proficerem,

460 1490 491 1552 si
515 1509 576 1552 eas
600 1491 695 1553 solas
718 1491 765 1551 ab
788 1491 932 1552 ineunte
955 1490 1117 1569 puericia
1140 1509 1253 1569 usque
1276 1491 1325 1551 ad
1342 1491 1564 1570 decrepitam
1578 1492 1798 1552 senectutem

461 1598 615 1659 maximo
638 1598 726 1669 ocio,
751 1616 889 1659 summo
918 1597 1047 1670 studio,
1072 1598 1211 1659 meliori
1241 1598 1380 1677 ingenio
1405 1615 1557 1659 conarer
1582 1597 1795 1659 addiscere:

461 1705 650 1785 inquibus
686 1706 776 1766 latet
805 1705 958 1766 altitudo
994 1705 1184 1784 sapiencie,
1219 1707 1260 1767 ut
1283 1705 1535 1777 annosissimis,
1571 1704 1795 1775 acutissimis,

461 1809 752 1892 fragrantissimis
791 1812 988 1891 cupiditate
1023 1812 1185 1873 discendi
1220 1810 1288 1873 hoc
1322 1812 1512 1891 contingat,
1537 1812 1635 1890 quod
1670 1810 1798 1872 eadem

462 1918 650 2001 Scriptura
672 1920 829 1998 quodam
851 1920 931 1980 loco
954 1917 1091 1981 habet:
1118 1936 1132 1968 <
1154 1916 1242 1979 Cum
1266 1920 1566 1980 consummaverit
1580 1918 1695 1990 homo,
1713 1920 1796 1979 tunc

461 2027 608 2106 incipiet
626 2024 668 2087 »¹.
694 2060 735 2071 -
760 2025 892 2087 Iterum
916 2026 952 2085 in
980 2025 1073 2087 libro
1096 2024 1155 2086 De
1178 2023 1386 2087 Doctrina
1408 2024 1642 2105 Xpistiana,
1668 2026 1796 2086 iterum

461 2134 604 2195 subdit:
649 2131 871 2217 «Quidquid
905 2132 1011 2193 homo
1044 2134 1147 2193 extra
1181 2132 1359 2204 didicerit,
1395 2133 1426 2193 si
1462 2132 1605 2194 noxium
1639 2135 1704 2203 est,
1739 2132 1795 2192 hic

461 2241 699 2320 dampnatur:
735 2241 765 2300 si
789 2240 875 2301 utile
900 2242 963 2309 est,
988 2239 1045 2300 hic
1069 2240 1257 2301 invenitur.
1293 2237 1341 2301 Et
1367 2258 1447 2301 cum
1473 2239 1525 2300 ibi
1559 2238 1722 2318 qmiquis
1745 2240 1795 2299 in·

461 2349 599 2409 venerit
622 2348 750 2419 omnia,
774 2366 843 2425 que
866 2347 1002 2408 utiliter
1029 2347 1117 2408 alibi
1148 2347 1284 2418 didicit,
1315 2346 1427 2408 multo
1450 2346 1723 2407 habundancius
1746 2346 1794 2408 ibi

461 2454 619 2516 inveniet
633 2446 647 2537 Η
686 2474 738 2526 ea,
764 2460 834 2533 que
858 2457 1063 2532 nusquam²
1087 2454 1175 2515 alibi
1196 2455 1357 2516 invenire
1380 2456 1497 2534 potuit
1515 2453 1564 2516 5².
1599 2486 1642 2495 —
1675 2453 1793 2539 Quare

461 2581 531 2624 non
562 2565 643 2623 utar
666 2552 681 2643 Η
706 2562 826 2623 verbis
850 2560 1088 2633 leronimi,
1125 2562 1181 2622 cui
1215 2562 1409 2640 aliquando
1431 2565 1514 2641 post
1536 2561 1676 2623 litteras
1697 2560 1792 2622 Cice·

460 2670 558 2731 ronis
593 2669 696 2730 huius
719 2686 837 2729 sermo
867 2668 1038 2730 horrebat
1061 2668 1219 2730 incultus
1234 2666 1269 2729 ³?
1316 2668 1411 2730 Dicit
1434 2669 1558 2748 utique
1580 2670 1617 2729 in
1639 2666 1792 2749 Ysaye

461 2779 741 2848 commento,
778 2776 875 2837 iuxta
899 2793 1054 2853 namque
1077 2775 1290 2853 Apostolum
1313 2775 1481 2838 Paulum:
1522 2775 1704 2855 ‹Xpistus
1726 2774 1794 2836 Dei

459 2886 582 2955 virtus,
613 2886 649 2944 et
672 2882 737 2944 Dei
762 2883 953 2962 sapiencia,
979 2882 1100 2961 etqui
1125 2883 1239 2944 nescit
1262 2881 1477 2964 Scripturas,
1501 2884 1617 2945 nescit
1637 2881 1704 2943 Dei
1724 2883 1795 2943 vir·

461 2994 572 3053 tutem
603 2991 750 3068 eiusque
779 2989 1007 3069 sapienciam,
1043 2989 1250 3069 ignorancia
1282 2988 1558 3070 scripturarum,
1589 2990 1794 3070 ignorancia

458 3097 578 3177 Xpisti
601 3100 657 3159 est
675 3119 690 3151 »
710 3095 731 3157 ⁴¹.
756 3128 799 3137 -
817 3094 864 3157 Et
887 3096 1031 3157 iterum:
1059 3095 1205 3158 «Nescit
1229 3097 1379 3169 litteras,
1404 3098 1466 3176 qui
1481 3115 1604 3158 sacras
1616 3097 1792 3176 ignorat».

407 3202 442 3265 7.
563 3202 685 3265 Ruunt
708 3204 918 3265 catervatim
942 3205 1119 3273 doctores,
1147 3207 1184 3265 et
1207 3222 1277 3265 non
1309 3222 1432 3265 omnes
1462 3205 1606 3283 abigere
1637 3222 1792 3283 possum,

458 3312 551 3373 ultro
575 3329 614 3372 se
638 3312 837 3391 ingerentes
851 3328 908 3371 me
927 3312 1104 3390 premunt,
1128 3308 1293 3372 fortassis
1309 3312 1554 3390 opprimerent
1570 3312 1791 3390 renitentem.

454 3418 575 3480 Audio
624 3420 660 3479 in
709 3417 977 3479 Moralibus
1029 3415 1316 3497 Gregorium
1369 3418 1579 3480 dicentem:
1634 3436 1649 3469 ‹
1680 3416 1792 3479 Sacra

456 3525 645 3605 ¹Scriptura
669 3544 790 3586 omnes
814 3524 988 3586 sciencias
1011 3524 1206 3586 locucionis
1236 3543 1301 3586 sue
1323 3543 1424 3586 more
1454 3526 1685 3598 transcendit,
1708 3526 1793 3604 quia

454 3634 494 3693 in
517 3652 588 3695 uno
612 3633 810 3711 eodemque
832 3650 1006 3702 sermone,
1043 3633 1129 3693 dum
1152 3635 1276 3693 narrat
1298 3631 1505 3713 hystoriam,
1529 3633 1652 3712 prodit
1673 3634 1792 3694 miste·

456 3874 668 3885 ——n-——fl

562 4057 595 4119 a)
615 4073 649 4102 ·-:
668 4070 832 4123 nusquam.

564 4232 585 4299 ²)
605 4232 648 4286 Cf.
668 4234 761 4286 Ecolf.
780 4233 886 4296 XVIII,
907 4234 932 4287 6.

564 4320 584 4387 ²)
610 4323 638 4377 S.
658 4325 736 4376 ΑΗΚ.
755 4324 835 4377 AUG.
863 4324 915 4376 Ad
944 4325 1043 4377 Votus.
1073 4321 1135 4392 53.
1161 4324 1213 4377 Aa
1237 4325 1300 4387 tiu,
1323 4326 1400 4376 mais
1426 4324 1601 4390 incomplet.
1637 4325 1681 4377 Le
1706 4324 1790 4377 texte

452 4414 559 4466 exact:
579 4450 605 4465 ..
622 4451 628 4465 .
646 4428 795 4465 ‚conarer
813 4413 991 4466 addiscere:
1019 4409 1181 4483 nonffuod
1198 4416 1240 4466 ad
1257 4430 1293 4467 ea
1311 4428 1391 4480 quae
1409 4417 1583 4466 necessaria
1600 4417 1673 4466 sunt
1688 4415 1789 4476 saluti,

454 4506 541 4555 fania
560 4506 590 4555 in
610 4506 654 4555 eis
670 4506 870 4569 perveniatur
885 4501 1089 4568 difficultate:
1104 4505 1161 4555 sed
1178 4519 1245 4555 cum
1256 4506 1385 4570 quisque
1397 4505 1440 4555 ibi
1452 4501 1560 4567 sidens
1577 4506 1789 4563 renuentum

455 4608 517 4658 qua
532 4596 584 4658 pie
603 4595 742 4658 recteque
761 4608 820 4644 non
840 4595 966 4655 vivitur:
989 4596 1051 4644 tam
1077 4593 1180 4655 multa,
1206 4596 1328 4659 tamque
1347 4593 1561 4660 multiplicibus
1578 4595 1788 4657 mysteriorum

455 4682 640 4734 umbraculis
666 4685 797 4748 opacata
823 4682 1011 4750 intelligenda
1033 4679 1269 4748 proficientibus
1294 4685 1419 4743 restani,
1445 4685 1589 4748 tantaque
1614 4697 1674 4733 non
1692 4682 1790 4735 solum

456 4774 485 4822 in
505 4771 612 4833 verbis,
638 4771 750 4836 quibus
775 4774 836 4822 ista
863 4773 944 4822 dicta
970 4775 1048 4833 sunt,
1075 4786 1180 4823 verum
1206 4774 1296 4824 eiiam
1322 4774 1354 4823 in
1373 4771 1465 4823 rebus
1484 4786 1563 4838 quae
1581 4772 1788 4839 intelligendae

454 4863 534 4924 sunt,
553 4861 627 4912 latet
644 4861 786 4913 altitudo.
886 4860 921 4911 In
943 4860 1033 4927 Oper.
1059 4860 1095 4923 II,
1122 4860 1182 4913 516.
1203 4888 1235 4895 —
1261 4860 1305 4913 Cf.
1332 4862 1378 4912 De
1404 4862 1509 4913 Doctr.
1530 4860 1787 4922 obrist.,11,xl.n.

455 4948 611 5022 Quelques
631 4950 788 5002 variantes
807 4952 889 5001 circa
902 4947 962 5013 sin.
981 4950 1016 5002 In
1038 4948 1129 5015 Oper.
1150 4949 1200 5012 III,
1218 4949 1262 5013 65,
1280 4950 1324 5002 66.

563 5037 583 5102 ὅ)
602 5038 631 5091 8.
651 5038 764 5091 EUSEB.
784 5038 916 5091 HIERON.
944 5039 1084 5105 Epistola
1109 5039 1208 5100 XXII,
1234 5040 1276 5090 ad
1301 5039 1508 5102 Eustochium,
1535 5040 1651 5091 Paulae
1676 5035 1787 5102 sitiam,

450 5130 492 5181 de
510 5130 647 5181 custodia
666 5130 855 5195 virginitatis.
872 5128 908 5179 In
930 5127 1019 5195 Oper.
1039 5130 1059 5180 t.
1080 5129 1101 5190 I,
1120 5129 1176 5181 col.
1195 5127 1256 5188 416,
1276 5125 1294 5194 5
1313 5128 1356 5181 30.

561 5216 583 5283 ⁴)
603 5218 655 5280 ID,
675 5218 710 5269 ln
727 5218 799 5269 lsai.
818 5218 939 5284 Prolog.
958 5218 993 5270 In
1014 5213 1105 5284 Oper.
1125 5217 1175 5279 IV,
1196 5218 1236 5269 17.
