4300 6117
504 918 569 981 308
1007 928 1165 983 LUCULA
1187 928 1328 982 NOCTIS

437 1147 489 1212 16.
611 1149 756 1213 illorum
779 1151 905 1224 taccio,
940 1155 979 1213 ut
1002 1152 1034 1215 si
1056 1153 1195 1231 loquar,
1220 1154 1293 1215 ruit
1313 1156 1353 1215 ut
1375 1154 1568 1232 superflua,
1589 1151 1677 1215 ficta
1697 1153 1840 1233 pariter

504 1260 658 1329 etvana,
681 1261 830 1321 auctore
857 1258 1158 1339 Augustino,
1181 1268 1263 1320 xlv
1286 1260 1341 1322 de
1364 1256 1646 1332 Trinitate,
1678 1260 1838 1339 capitnlo

501 1363 617 1442 primo
626 1361 646 1425 ¹.
683 1363 760 1427 Hec
785 1369 840 1428 est
862 1366 1001 1428 stabilis
1025 1366 1236 1429 inconcusse
1260 1367 1421 1445 quolibet
1443 1368 1571 1429 merito
1595 1386 1676 1429 cum
1700 1366 1836 1448 Cyce·

500 1489 616 1533 rone
644 1471 691 1533 in
722 1471 1042 1535 Cathelinam
1065 1474 1308 1535 exclamante:
1346 1472 1406 1535 «0
1430 1486 1559 1555 magna
1581 1475 1635 1537 vis
1659 1474 1836 1543 veritatis,

499 1594 569 1655 que
593 1582 719 1641 contra
740 1580 923 1641 hominum
944 1580 1097 1660 ingenia,
1137 1580 1380 1651 calliditatem,
1405 1581 1603 1654 solerciam,
1634 1584 1836 1659 contraque

495 1681 603 1747 ¹fictas
626 1686 782 1748 omnium
797 1686 956 1758 insidias,
984 1684 1093 1748 facile
1109 1706 1175 1767 per
1198 1688 1354 1766 seipsam
1371 1706 1410 1750 se
1433 1685 1673 1749 detendit!›‘·'.
1700 1723 1743 1731 —
1769 1686 1835 1746 ‹In

498 1793 659 1853 eternum
683 1794 800 1873 igitur,
824 1794 923 1856 dicat
938 1792 1141 1863 Psalmista,
1165 1797 1352 1873 permanet
1366 1795 1516 1857 verbum
1538 1798 1648 1865 tuum,
1673 1794 1711 1854 in
1730 1805 1833 1874 gene·

498 1899 679 1960 racionem
703 1903 738 1962 et
760 1900 1030 1981 generacionem
1055 1903 1190 1963 verItas
1215 1904 1277 1963 tua
1291 1900 1334 1963 ›³.
1361 1936 1400 1943 -
1434 1900 1629 1981 Hucusque
1652 1902 1776 1962 nescio
1799 1900 1828 1961 si

499 2009 759 2087 transgressum
774 2008 931 2086 quedam
947 2007 1144 2069 similitudo
1157 2005 1170 2044 ⁴
1192 2009 1371 2070 mundane
1387 2008 1435 2069 ad
1450 2011 1613 2070 sanctam
1627 2008 1833 2076 scienciam,

501 2131 570 2192 que
585 2114 778 2176 videbatur
801 2115 943 2195 opponi,
961 2118 975 2149 ²
998 2117 1228 2193 protraxeret
1247 2116 1478 2194 traheretque
1500 2116 1648 2195 lonqus,
1673 2116 1710 2175 ni
1727 2115 1835 2175 timor

500 2220 702 2300 prolixioris
727 2221 901 2283 sermonis
925 2225 1074 2295 arceret,
1102 2240 1183 2284 cum
1207 2240 1277 2301 que
1300 2223 1349 2283 ad
1370 2222 1568 2301 quamlibet
1591 2240 1739 2284 causam
1760 2224 1835 2282 tam

501 2327 760 2390 accidentalem
783 2346 891 2407 quam
915 2329 1148 2391 essencialem
1172 2330 1287 2409 possit
1310 2330 1468 2391 varietas
1492 2330 1647 2391 maxima
1670 2328 1836 2390 demons-

502 2436 600 2496 trari.
618 2472 659 2481 -
676 2433 768 2521 Quia
791 2436 899 2514 igitur
912 2436 961 2497 ad
978 2436 1269 2515 consequendam
1285 2437 1437 2498 salntem
1451 2436 1633 2497 humilitas
1648 2438 1704 2497 est
1727 2454 1833 2515 opor·

501 2546 598 2614 tuna,
622 2542 789 2622 illiusque
812 2542 984 2604 secularis
1008 2543 1172 2604 doctrine
1197 2545 1363 2605 auctores
1388 2545 1531 2605 luerunt
1553 2544 1711 2622 superbi,
1743 2544 1835 2604 sicut

501 2648 659 2711 ostendit
681 2650 860 2711 veridicus
883 2649 1179 2729 Augustinus,
1216 2649 1267 2710 IV
1298 2649 1361 2711 De
1384 2647 1648 2723 Trinitate,
1674 2650 1835 2729 capitulo

501 2754 614 2829 xlm⁵,
654 2756 852 2819 curiositati
881 2758 993 2837 magis
1030 2775 1137 2836 quam
1160 2758 1307 2819 utilitati
1331 2761 1510 2829 vacantes,
1547 2758 1674 2819 eodem
1697 2760 1836 2836 protes·

503 2866 602 2925 tante
623 2864 660 2925 in
682 2862 823 2943 pretato
845 2865 1033 2936 volumine,
1060 2865 1217 2944 capitulo
1241 2866 1366 2944 primo,
1398 2867 1511 2926 restat
1544 2866 1727 2925 ostensum
1758 2882 1838 2925 eam

502 2990 574 3033 non
596 2968 775 3050 proficere
798 2972 847 3033 ad
868 2972 960 3033 bene
976 2972 1179 3040 vivendum,
1206 2972 1271 3033 sed
1294 2972 1405 3052 magis
1429 2972 1567 3033 obesse.
1590 2970 1638 3031 Et
1661 2971 1834 3049 quemad·

502 3078 648 3139 modum
672 3078 836 3157 spirltum
859 3079 1012 3157 primum
1034 3080 1242 3158 superbum,
1277 3079 1373 3140 unde
1397 3079 1492 3158 cepit
1522 3078 1691 3157 superbie
1715 3081 1835 3156 caput,

503 3184 681 3247 virulenta
704 3184 847 3264 eloquia
871 3185 907 3245 in
929 3184 1102 3264 paradiso
1126 3188 1280 3264 utroque
1314 3186 1491 3247 seminare
1515 3203 1595 3247 cum
1631 3182 1765 3247 ettectu
1788 3185 1835 3246 ad

503 3294 669 3355 mortem:
694 3292 747 3354 sic
770 3292 927 3355 nondum
951 3292 1031 3354 silet
1054 3292 1091 3352 in
1114 3293 1286 3354 membris
1310 3293 1542 3371 sequentibus
1567 3311 1658 3354 eum.
1689 3324 1734 3333 -
1768 3290 1837 3353 Hic

502 3398 755 3462 Ysidorus
786 3400 823 3461 iu
845 3397 908 3460 De
937 3397 1130 3461 Summo
1153 3398 1281 3461 Bono
1304 3400 1355 3461 sic
1378 3400 1518 3461 dicens:
1562 3398 1731 3484 «Quanto
1755 3401 1836 3461 snnt

503 3507 640 3568 maiora
662 3507 863 3569 litterature
887 3506 1017 3579 studia,
1053 3508 1156 3568 tanto
1180 3507 1318 3568 animus
1342 3507 1546 3587 arrogantie
1578 3508 1698 3568 taustu
1724 3510 1761 3568 et
1784 3508 1834 3567 in·

503 3614 593 3675 flatu
627 3614 762 3677 maiore
795 3613 1000 3675 intumescit
1031 3612 1274 3675 iactancie›⁶.
1316 3646 1355 3655 —-
1393 3612 1441 3675 Et
1475 3614 1604 3675 iterum
1627 3614 1665 3675 in
1688 3614 1835 3676 eodem:

505 3720 573 3781 «In
597 3722 759 3793 lectione,
784 3739 855 3783 non
870 3722 992 3794 verba,
1017 3721 1084 3782 sed
1100 3721 1234 3782 veritas
1259 3724 1315 3785 est
1337 3721 1502 3782 amanda.
1528 3719 1621 3800 Sepe
1642 3724 1764 3783 autem
1784 3740 1836 3782 re-

610 4050 643 4110 α)
662 4062 696 4093 =
719 4047 844 4113 apponi.

612 4196 632 4263 ¹)
651 4197 681 4250 S.
700 4199 780 4252 Auo.
806 4201 853 4252 De
877 4198 978 4252 Trtntt.
998 4200 1052 4252 loc.
1072 4201 1120 4251 ctt.
1145 4197 1207 4265 §3.
1233 4199 1268 4250 In
1289 4198 1380 4264 Oper.
1399 4197 1477 4259 VIII,
1496 4196 1575 4249 1⁰37.
1613 4197 1705 4250 «Non
1728 4198 1835 4265 utique

503 4288 654 4357 quidquid
679 4288 751 4340 sciri
775 4289 815 4341 ab
840 4289 965 4342 homine
989 4290 1091 4355 potest
1116 4288 1149 4341 ln
1174 4290 1268 4340 rebus
1293 4287 1444 4350 humanis,
1463 4286 1517 4339 ubi
1544 4286 1712 4353 plurimum
1730 4302 1836 4354 super·

503 4393 660 4431 vacaneae
685 4378 829 4430 vanitatis
855 4380 886 4431 et
910 4378 1022 4430 noxiae
1043 4377 1232 4430 curiositatis
1257 4378 1314 4440 est,
1339 4376 1410 4429 huic
1438 4376 1587 4428 scientiae
1604 4376 1755 4438 tribuens,
1780 4376 1835 4428 sed

504 4468 581 4521 illud
598 4463 810 4521 tantummodo
828 4482 891 4534 qno
908 4466 989 4519 tides
1008 4467 1220 4530 saluberrIma,
1238 4480 1319 4532 quae
1333 4465 1373 4517 ad
1388 4478 1497 4518 veram
1509 4465 1731 4518 beatitudinem
1744 4465 1836 4529 ducit,

504 4558 643 4627 gignitur,
661 4556 804 4619 nutrItur,
822 4555 1008 4620 detenditur,
1028 4558 1228 4609 roboratur..
1244 4593 1250 4607 .
1265 4575 1288 4607 2.

612 4644 633 4712 ²)
651 4646 691 4699 M.
710 4644 743 4699 T.
763 4646 826 4699 Cle.
851 4646 895 4699 Le
919 4654 1050 4714 passage
1075 4645 1135 4698 cite
1159 4644 1367 4711 n'appartient
1391 4659 1448 4711 pas
1467 4657 1529 4696 aux
1548 4637 1742 4697 Catilinaires
1760 4644 1836 4696 mais

504 4737 578 4790 bien
603 4752 642 4789 au
667 4738 730 4789 Pru
756 4738 800 4788 M.
821 4736 929 4788 Caelio.
949 4731 967 4802 ᾖ
985 4735 1092 4787 XXVI.
1129 4734 1172 4787 Ce
1202 4741 1334 4802 passage
1358 4748 1377 4786 a
1401 4734 1452 4786 ete
1476 4734 1547 4801 ddja
1572 4734 1633 4787 cite
1657 4735 1729 4801 plus
1753 4735 1835 4787 haut

506 4827 550 4880 Ct.
572 4841 602 4893 p.
621 4825 682 4879 131.

613 4912 633 4980 ³)
653 4914 697 4968 Ct.
717 4916 840 4977 Psalm,
860 4914 989 4976 CXVIII,
1011 4914 1055 4967 90.

612 5003 634 5071 ⁴)
653 5005 682 5058 S.
702 5005 780 5059 Auo.
799 5006 846 5057 De
869 5003 970 5057 Trintt.
991 5004 1041 5067 IV,
1059 5013 1104 5055 xv
1122 5000 1197 5071 [non
1214 4999 1289 5069 ΧΝ].
1327 5003 1458 5069 Superbi
1479 5005 1627 5068 putantes
1651 5018 1685 5055 se
1706 5004 1835 5069 propriu

505 5098 615 5148 virtute
629 5110 725 5161 posse
739 5098 870 5163 purgari
886 5096 928 5146 ad
945 5094 1106 5163 vtdendum
1123 5095 1229 5145 Deum.
1248 5092 1302 5144 Ad
1317 5108 1397 5145 sens.
1416 5092 1452 5145 In
1472 5092 1583 5159 Opera.
1602 5092 1681 5157 VIII,
1698 5092 1761 5146 901.

613 5180 634 5248 ⁵)
653 5183 683 5235 S.
701 5184 782 5237 AUG.
800 5185 847 5235 De
870 5182 970 5235 Trinit.
989 5182 1067 5245 XIV,
1085 5192 1104 5234 1.
1125 5183 1161 5234 In
1182 5181 1272 5247 Oper.
1291 5182 1368 5245 VIII,
1388 5181 1468 5235 10³7.

614 5272 635 5338 ⁸)
654 5272 769 5325 IsmOR.
789 5271 919 5325 Sentent.
938 5272 989 5335 ΙΙΙ,
1008 5281 1072 5334 xm,
1090 5271 1116 5324 9.
1135 5272 1171 5323 In
1185 5270 1277 5337 oper.
1295 5273 1316 5324 t
1339 5271 1385 5334 VI,
1404 5272 1461 5323 col.
1479 5270 1540 5324 688.
