4300 6117
866 905 1053 960 IOHANNIS
1073 905 1255 960 DOMINICI

882 1652 1086 1760 [CAPUT
1116 1652 1240 1759 XII]

502 1989 607 2079 [S]ub
630 1997 699 2060 isto
723 1998 935 2061 duodecimo
952 1998 1160 2078 argumento
1183 1999 1297 2059 totam
1317 1996 1572 2059 affirmativam
1588 1997 1728 2076 partem

394 2105 592 2184 questionis
615 2105 791 2184 presentis
816 2105 985 2185 expedire
1005 2122 1178 2184 propono,
1203 2106 1239 2166 et
1262 2114 1372 2184 arguo
1395 2103 1464 2166 sic:

500 2261 775 2344 Xpistianos
810 2265 951 2327 decet
986 2265 1092 2326 illis
1126 2264 1387 2326 beneficiis
1424 2263 1509 2334 uti,
1549 2281 1634 2342 que
1671 2262 1728 2324 ad

391 2370 637 2432 humanam
671 2372 876 2434 salutem
899 2370 1023 2433 Deus
1058 2371 1304 2452 gloriosus
1335 2370 1591 2433 concessit.
1637 2367 1728 2432 Sed

392 2478 542 2539 multa
576 2480 622 2540 et
654 2478 802 2540 multa
841 2477 1053 2539 remedia
1089 2477 1334 2539 salutaria
1367 2477 1635 2539 traduntur
1669 2476 1728 2538 ad

395 2584 591 2663 plenum
617 2585 663 2646 in
685 2583 876 2646 litteris
900 2584 1108 2664 gencium,
1138 2601 1226 2663 que
1248 2601 1340 2646 non
1362 2583 1531 2646 habent
1552 2581 1728 2645 Littere

392 2708 536 2774 sacre.
595 2689 740 2771 Igitur
771 2690 885 2753 licet
918 2708 1019 2764 eos,
1054 2708 1200 2772 ymmo
1234 2691 1478 2762 convenit,
1515 2690 1728 2752 litteras

395 2797 766 2860 talesstudere.

499 2955 566 3019 Est
587 2975 654 3037 pro
678 2960 782 3037 parte
805 2958 922 3038 prima
944 2958 991 3021 de
1014 2976 1053 3021 se
1078 2959 1215 3020 clarum
1246 2959 1477 3038 assumptum.
1517 2955 1729 3043 Quinymmo
1744 2959 1774 3022 1.

394 3082 478 3126 reus
501 3064 764 3144 ingratitudinis
803 3067 840 3127 et
872 3083 987 3145 prava
1019 3065 1236 3127 obmissione
1268 3065 1456 3145 culpabilis
1487 3065 1542 3126 est
1566 3064 1727 3144 quisquis

390 3173 520 3250 potens
544 3171 674 3233 divinis
695 3172 890 3244 beneficiis,
913 3173 982 3234 sibi
1004 3172 1053 3234 ad
1075 3173 1228 3235 salutem
1244 3172 1433 3245 concessis,
1457 3189 1528 3233 non
1544 3172 1657 3233 utitur
1670 3170 1728 3233 vel

395 3277 566 3350 abutitur,
591 3296 714 3340 eorum
738 3279 982 3358 oportunitate
1002 3279 1141 3359 parata.

500 3383 597 3446 Deus
622 3385 715 3447 enirn
738 3385 847 3447 nichil
869 3386 1004 3448 frustra
1026 3385 1203 3465 producit,
1242 3403 1358 3465 neque
1382 3402 1425 3447 ea
1460 3403 1530 3464 que
1559 3384 1727 3464 producit
1740 3385 1771 3448 2.

394 3509 475 3553 esse
489 3492 626 3571 patitur
641 3492 772 3564 ociosa,
797 3492 893 3554 unde
915 3493 951 3554 et
974 3492 1127 3555 ficulnee
1149 3492 1342 3564 maledixit,
1368 3509 1437 3572 que
1453 3493 1608 3554 fructum
1623 3509 1726 3552 sunm

391 3616 464 3660 non
479 3598 714 3678 producebat,
738 3600 862 3662 volens
878 3600 959 3679 igne
975 3599 1137 3661 comburi
1159 3617 1179 3661 e
1195 3601 1294 3661 terra
1308 3599 1501 3660 succisam:
1529 3618 1544 3652 ‹
1557 3596 1606 3659 Ut
1627 3597 1725 3676 quid,

393 3705 517 3784 inquit,
541 3708 676 3768 terram
699 3706 880 3786 occupat»
895 3703 935 3766 tl
966 3703 1116 3768 Constat
1139 3707 1268 3778 autem,
1294 3708 1330 3767 et
1352 3705 1511 3785 cogimur
1536 3705 1610 3767 fide
1634 3705 1727 3766 salu·

391 3812 549 3874 berrima
573 3812 722 3875 credere
756 3813 933 3893 quidquid
968 3815 1022 3876 est
1052 3831 1075 3874 a
1101 3811 1179 3875 Deo
1203 3814 1281 3875 fore
1305 3814 1475 3884 creatum,
1509 3830 1590 3874 cnm
1613 3812 1727 3874 eciam

376 3919 582 3981 terminum
606 3922 750 3981 actuum
773 3923 977 3982 nostrorum
1000 3920 1079 4000 ipse
1101 3919 1292 4000 producat,
1331 3919 1407 3982 sola
1437 3919 1666 3981 deformitate
1687 3918 1727 3979 il·

391 4025 518 4097 lorum,
556 4044 628 4105 que
650 4027 797 4089 realiter
819 4026 929 4089 nichil
952 4029 1007 4089 est
1030 4027 1100 4088 nisi
1124 4044 1215 4107 pura
1238 4027 1399 4113 priyacio
1420 4026 1516 4096 boni,
1558 4043 1601 4088 ex
1623 4025 1727 4087 nobis

391 4133 516 4212 utique
539 4133 775 4213 dependente.
814 4131 919 4195 Hanc
943 4133 1083 4195 cencies
1107 4134 1241 4213 probat
1275 4132 1455 4195 subtiliter
1483 4131 1727 4212 theologorum

390 4241 506 4318 pater,
529 4239 673 4302 inclitus
696 4238 1008 4320 Augustinus²,
1045 4241 1145 4302 cuius
1169 4239 1328 4302 imitator
1350 4235 1566 4311 Thomas,
1590 4237 1727 4300 Doctor

391 4348 548 4418 sanctus,
572 4346 721 4408 deducit
741 4346 790 4408 ad
804 4346 958 4409 heresim
974 4347 1178 4426 oppositum
1194 4345 1427 4426 pertinaciter
1442 4343 1694 4408 defendentem
1704 4342 1725 4406 ³.

391 4449 504 4514 Nemo
527 4453 761 4515 racionalium
796 4454 850 4515 est
886 4453 1049 4516 dicturus
1081 4453 1221 4515 litteras
1246 4452 1427 4515 seculares
1450 4451 1559 4514 nichil
1582 4452 1728 4514 realiter

393 4576 482 4632 esse,
517 4561 607 4622 etsi
630 4578 753 4622 earum
776 4579 870 4633 usus,
896 4560 1129 4622 abutencium
1152 4560 1305 4632 defectu,
1329 4559 1509 4622 interdum
1532 4559 1578 4621 sit
1601 4558 1726 4621 malus.

499 4897 509 4927 1

500 4899 521 5056 ’ζ
539 4900 864 5044 ἓ.ἓῗ1ἓ.κ1ξῗ’ΐ7νΙηΙί.
884 4990 935 5056 ΙΙΙ,
953 4999 1017 5044 vm.
1035 4990 1071 5044 In
1092 4989 1183 5058 Oper.
1197 4990 1275 5054 VIII,
1293 4989 1361 5055 876;
1382 4989 1495 5044 Contra
1511 4989 1622 5043 Julian.
1640 4987 1727 5052 l,1x;

392 5077 458 5130 Lib.
477 5079 643 5132 LXXXIII
661 5075 783 5148 Quaest.
801 5078 835 5152 Q.
853 5079 931 5132 XXI

500 5163 522 5234 ³)
540 5167 570 5221 S.
588 5165 702 5233 Tuom,
721 5167 804 5223 Sum.
829 5166 928 5222 lbeol.
948 5168 977 5220 1·
997 5167 1032 5241 Q.
1054 5167 1142 5234 XLV,
1161 5169 1193 5233 53
1213 5167 1315 5234 XLIX,
1334 5169 1359 5222 2.
