<?xml version="1.0" encoding="UTF-8"?>
<!DOCTYPE html PUBLIC "-//W3C//DTD XHTML 1.0 Transitional//EN"
    "http://www.w3.org/TR/xhtml1/DTD/xhtml1-transitional.dtd">
<html xmlns="http://www.w3.org/1999/xhtml" xml:lang="en" lang="en">
 <head>
  <title>
</title>
<meta http-equiv="Content-Type" content="text/html;charset=utf-8" />
  <meta name='ocr-system' content='tesseract 3.04.00' />
  <meta name='ocr-capabilities' content='ocr_page ocr_carea ocr_par ocr_line ocrx_word'/>
</head>
<body>
  <div class='ocr_page' id='page_1' title='image "./luculanoctis00domigoog_0547.png"; bbox 0 0 4300 6117; ppageno 0'>
   <div class='ocr_carea' id='block_1_1' title="bbox 753 843 1678 923">
    <p class='ocr_par' dir='ltr' id='par_1_1' title="bbox 753 843 1678 923">
     <span class='ocr_line' id='line_1_1' title="bbox 753 843 1678 923; baseline -0.001 -14"><span class='ocrx_word' id='word_1_1' title='bbox 753 916 756 923; x_wconf 49' lang='grc'>,</span> <span class='ocrx_word' id='word_1_2' title='bbox 819 856 1006 910; x_wconf 81' lang='lat' dir='ltr'>IOHANNIS</span> <span class='ocrx_word' id='word_1_3' title='bbox 1027 855 1209 910; x_wconf 77' lang='lat' dir='ltr'>DOMINICI</span> <span class='ocrx_word' id='word_1_4' title='bbox 1611 843 1678 908; x_wconf 74' lang='lat'><strong>423</strong></span> 
     </span>
    </p>
   </div>
   <div class='ocr_carea' id='block_1_2' title="bbox 290 1076 1749 4374">
    <p class='ocr_par' dir='ltr' id='par_1_2' title="bbox 290 1076 1749 4374">
     <span class='ocr_line' id='line_1_2' title="bbox 340 1076 1679 1159; baseline 0 -20"><span class='ocrx_word' id='word_1_5' title='bbox 340 1079 468 1140; x_wconf 83' lang='lat' dir='ltr'><strong>tamen</strong></span> <span class='ocrx_word' id='word_1_6' title='bbox 493 1079 702 1159; x_wconf 86' lang='lat' dir='ltr'><strong>simpliciter</strong></span> <span class='ocrx_word' id='word_1_7' title='bbox 725 1079 895 1158; x_wconf 90' lang='lat' dir='ltr'><strong>simplicis</strong></span> <span class='ocrx_word' id='word_1_8' title='bbox 911 1083 934 1150; x_wconf 80' lang='lat'><strong>¹,</strong></span> <span class='ocrx_word' id='word_1_9' title='bbox 970 1080 1068 1158; x_wconf 91' lang='lat' dir='ltr'><strong>quod</strong></span> <span class='ocrx_word' id='word_1_10' title='bbox 1091 1077 1158 1141; x_wconf 93' lang='lat' dir='ltr'><strong>soli</strong></span> <span class='ocrx_word' id='word_1_11' title='bbox 1180 1076 1257 1141; x_wconf 89' lang='lat' dir='ltr'><strong>Deo</strong></span> <span class='ocrx_word' id='word_1_12' title='bbox 1288 1079 1463 1152; x_wconf 86' lang='lat' dir='ltr'><strong>convenit,</strong></span> <span class='ocrx_word' id='word_1_13' title='bbox 1488 1080 1550 1158; x_wconf 94' lang='lat' dir='ltr'><strong>qui</strong></span> <span class='ocrx_word' id='word_1_14' title='bbox 1583 1079 1679 1141; x_wconf 90' lang='lat' dir='ltr'><strong>solus</strong></span> 
     </span>
     <span class='ocr_line' id='line_1_3' title="bbox 340 1184 1678 1267; baseline 0.001 -21"><span class='ocrx_word' id='word_1_15' title='bbox 340 1204 428 1246; x_wconf 87' lang='lat' dir='ltr'><strong>cum</strong></span> <span class='ocrx_word' id='word_1_16' title='bbox 463 1187 580 1247; x_wconf 88' lang='lat' dir='ltr'><strong>altera</strong></span> <span class='ocrx_word' id='word_1_17' title='bbox 603 1189 733 1248; x_wconf 88' lang='lat' dir='ltr'><strong>natura</strong></span> <span class='ocrx_word' id='word_1_18' title='bbox 758 1187 922 1266; x_wconf 92' lang='lat' dir='ltr'><strong>componi</strong></span> <span class='ocrx_word' id='word_1_19' title='bbox 945 1205 1016 1248; x_wconf 92' lang='lat' dir='ltr'><strong>non</strong></span> <span class='ocrx_word' id='word_1_20' title='bbox 1038 1188 1168 1267; x_wconf 87' lang='lat' dir='ltr'><strong>potest,</strong></span> <span class='ocrx_word' id='word_1_21' title='bbox 1203 1204 1269 1248; x_wconf 87' lang='lat' dir='ltr'><strong>nec</strong></span> <span class='ocrx_word' id='word_1_22' title='bbox 1291 1186 1454 1248; x_wconf 84' lang='lat' dir='ltr'><strong>variatur</strong></span> <span class='ocrx_word' id='word_1_23' title='bbox 1476 1184 1678 1258; x_wconf 80' lang='lat' dir='ltr'><strong>allectione,</strong></span> 
     </span>
     <span class='ocr_line' id='line_1_4' title="bbox 340 1293 1681 1374; baseline 0 -20"><span class='ocrx_word' id='word_1_24' title='bbox 340 1293 574 1372; x_wconf 87' lang='lat' dir='ltr'><strong>operacione,</strong></span> <span class='ocrx_word' id='word_1_25' title='bbox 598 1294 656 1355; x_wconf 84' lang='lat' dir='ltr'><strong>vel</strong></span> <span class='ocrx_word' id='word_1_26' title='bbox 680 1295 851 1373; x_wconf 90' lang='lat' dir='ltr'><strong>tempore,</strong></span> <span class='ocrx_word' id='word_1_27' title='bbox 877 1311 947 1372; x_wconf 86' lang='lat' dir='ltr'><strong>que</strong></span> <span class='ocrx_word' id='word_1_28' title='bbox 964 1293 1009 1356; x_wconf 91' lang='lat' dir='ltr'><strong>de</strong></span> <span class='ocrx_word' id='word_1_29' title='bbox 1031 1294 1158 1374; x_wconf 90' lang='lat' dir='ltr'><strong>angelo</strong></span> <span class='ocrx_word' id='word_1_30' title='bbox 1182 1293 1324 1354; x_wconf 90' lang='lat' dir='ltr'><strong>minime</strong></span> <span class='ocrx_word' id='word_1_31' title='bbox 1347 1293 1589 1373; x_wconf 81' lang='lat' dir='ltr'><strong>predicantur,</strong></span> <span class='ocrx_word' id='word_1_32' title='bbox 1615 1293 1681 1354; x_wconf 90' lang='lat' dir='ltr'><strong>sed</strong></span> 
     </span>
     <span class='ocr_line' id='line_1_5' title="bbox 340 1398 1681 1479; baseline 0.001 -19"><span class='ocrx_word' id='word_1_33' title='bbox 340 1399 441 1460; x_wconf 90' lang='lat' dir='ltr'><strong>sicut</strong></span> <span class='ocrx_word' id='word_1_34' title='bbox 465 1400 645 1479; x_wconf 81' lang='lat' dir='ltr'><strong>simplices</strong></span> <span class='ocrx_word' id='word_1_35' title='bbox 669 1401 706 1460; x_wconf 91' lang='lat' dir='ltr'><strong>in</strong></span> <span class='ocrx_word' id='word_1_36' title='bbox 729 1403 874 1472; x_wconf 83' lang='lat' dir='ltr'><strong>natura,</strong></span> <span class='ocrx_word' id='word_1_37' title='bbox 888 1418 959 1462; x_wconf 92' lang='lat' dir='ltr'><strong>non</strong></span> <span class='ocrx_word' id='word_1_38' title='bbox 982 1400 1155 1463; x_wconf 77' lang='lat' dir='ltr'><strong>habentes</strong></span> <span class='ocrx_word' id='word_1_39' title='bbox 1173 1403 1212 1462; x_wconf 90' lang='lat' dir='ltr'><strong>ut</strong></span> <span class='ocrx_word' id='word_1_40' title='bbox 1234 1398 1340 1463; x_wconf 93' lang='lat' dir='ltr'><strong>homo</strong></span> <span class='ocrx_word' id='word_1_41' title='bbox 1357 1399 1509 1462; x_wconf 82' lang='lat' dir='ltr'><strong>formam</strong></span> <span class='ocrx_word' id='word_1_42' title='bbox 1525 1417 1592 1462; x_wconf 91' lang='lat' dir='ltr'><strong>nec</strong></span> <span class='ocrx_word' id='word_1_43' title='bbox 1608 1419 1681 1462; x_wconf 90' lang='lat' dir='ltr'><strong>ma·</strong></span> 
     </span>
     <span class='ocr_line' id='line_1_6' title="bbox 340 1507 1680 1586; baseline 0.001 -19"><span class='ocrx_word' id='word_1_44' title='bbox 340 1507 488 1578; x_wconf 90' lang='lat' dir='ltr'><strong>teriam,</strong></span> <span class='ocrx_word' id='word_1_45' title='bbox 528 1508 565 1567; x_wconf 92' lang='lat' dir='ltr'><strong>in</strong></span> <span class='ocrx_word' id='word_1_46' title='bbox 602 1508 733 1586; x_wconf 91' lang='lat' dir='ltr'><strong>quibus</strong></span> <span class='ocrx_word' id='word_1_47' title='bbox 765 1526 836 1569; x_wconf 92' lang='lat' dir='ltr'><strong>non</strong></span> <span class='ocrx_word' id='word_1_48' title='bbox 868 1508 1023 1580; x_wconf 82' lang='lat' dir='ltr'><strong>realiter,</strong></span> <span class='ocrx_word' id='word_1_49' title='bbox 1062 1508 1128 1569; x_wconf 89' lang='lat' dir='ltr'><strong>sed</strong></span> <span class='ocrx_word' id='word_1_50' title='bbox 1150 1510 1290 1569; x_wconf 87' lang='lat' dir='ltr'><strong>tantum</strong></span> <span class='ocrx_word' id='word_1_51' title='bbox 1321 1507 1526 1569; x_wconf 89' lang='lat' dir='ltr'><strong>racionibus</strong></span> <span class='ocrx_word' id='word_1_52' title='bbox 1549 1508 1680 1569; x_wconf 91' lang='lat' dir='ltr'><strong>nostris</strong></span> 
     </span>
     <span class='ocr_line' id='line_1_7' title="bbox 341 1605 1682 1697; baseline 0.002 -24"><span class='ocrx_word' id='word_1_53' title='bbox 341 1613 579 1694; x_wconf 77' lang='lat' dir='ltr'><strong>distinguitur</strong></span> <span class='ocrx_word' id='word_1_54' title='bbox 613 1633 694 1677; x_wconf 90' lang='lat' dir='ltr'><strong>esse</strong></span> <span class='ocrx_word' id='word_1_55' title='bbox 727 1616 774 1676; x_wconf 97' lang='lat' dir='ltr'><strong>ab</strong></span> <span class='ocrx_word' id='word_1_56' title='bbox 806 1614 977 1687; x_wconf 88' lang='lat' dir='ltr'><strong>essencia,</strong></span> <span class='ocrx_word' id='word_1_57' title='bbox 1012 1615 1176 1694; x_wconf 91' lang='lat' dir='ltr'><strong>sequitur</strong></span> <span class='ocrx_word' id='word_1_58' title='bbox 1205 1615 1302 1693; x_wconf 92' lang='lat' dir='ltr'><strong>quod</strong></span> <span class='ocrx_word' id='word_1_59' title='bbox 1324 1615 1363 1676; x_wconf 90' lang='lat' dir='ltr'><strong>id</strong></span> <span class='ocrx_word' id='word_1_60' title='bbox 1385 1605 1415 1697; x_wconf 70' lang='lat' dir='ltr'><strong>ll,</strong></span> <span class='ocrx_word' id='word_1_61' title='bbox 1450 1615 1548 1694; x_wconf 92' lang='lat' dir='ltr'><strong>quod</strong></span> <span class='ocrx_word' id='word_1_62' title='bbox 1571 1615 1682 1676; x_wconf 90' lang='lat' dir='ltr'><strong>semel</strong></span> 
     </span>
     <span class='ocr_line' id='line_1_8' title="bbox 342 1715 1681 1802; baseline 0.001 -20"><span class='ocrx_word' id='word_1_63' title='bbox 342 1739 413 1801; x_wconf 88' lang='lat' dir='ltr'><strong>per</strong></span> <span class='ocrx_word' id='word_1_64' title='bbox 437 1715 668 1783; x_wconf 80' lang='lat' dir='ltr'><strong>addicionem</strong></span> <span class='ocrx_word' id='word_1_65' title='bbox 690 1723 737 1784; x_wconf 90' lang='lat' dir='ltr'><strong>sit</strong></span> <span class='ocrx_word' id='word_1_66' title='bbox 760 1723 912 1801; x_wconf 91' lang='lat' dir='ltr'><strong>quisque</strong></span> <span class='ocrx_word' id='word_1_67' title='bbox 935 1740 1068 1795; x_wconf 89' lang='lat' dir='ltr'><strong>eorum,</strong></span> <span class='ocrx_word' id='word_1_68' title='bbox 1093 1722 1132 1783; x_wconf 90' lang='lat' dir='ltr'><strong>id</strong></span> <span class='ocrx_word' id='word_1_69' title='bbox 1154 1739 1296 1802; x_wconf 88' lang='lat' dir='ltr'><strong>semper</strong></span> <span class='ocrx_word' id='word_1_70' title='bbox 1319 1740 1398 1784; x_wconf 92' lang='lat' dir='ltr'><strong>esse</strong></span> <span class='ocrx_word' id='word_1_71' title='bbox 1422 1724 1596 1801; x_wconf 82' lang='lat' dir='ltr'><strong>oporteat,</strong></span> <span class='ocrx_word' id='word_1_72' title='bbox 1622 1740 1681 1783; x_wconf 93' lang='lat' dir='ltr'><strong>ne·</strong></span> 
     </span>
     <span class='ocr_line' id='line_1_9' title="bbox 342 1828 1681 1909; baseline 0.001 -20"><span class='ocrx_word' id='word_1_73' title='bbox 342 1844 417 1905; x_wconf 91' lang='lat' dir='ltr'><strong>que</strong></span> <span class='ocrx_word' id='word_1_74' title='bbox 442 1846 510 1889; x_wconf 90' lang='lat' dir='ltr'><strong>sua</strong></span> <span class='ocrx_word' id='word_1_75' title='bbox 532 1830 700 1909; x_wconf 87' lang='lat' dir='ltr'><strong>potencia</strong></span> <span class='ocrx_word' id='word_1_76' title='bbox 723 1830 843 1890; x_wconf 85' lang='lat' dir='ltr'><strong>valeat</strong></span> <span class='ocrx_word' id='word_1_77' title='bbox 866 1830 903 1890; x_wconf 91' lang='lat' dir='ltr'><strong>in</strong></span> <span class='ocrx_word' id='word_1_78' title='bbox 926 1830 1128 1909; x_wconf 90' lang='lat' dir='ltr'><strong>oppositum</strong></span> <span class='ocrx_word' id='word_1_79' title='bbox 1152 1829 1361 1909; x_wconf 88' lang='lat' dir='ltr'><strong>permutari.</strong></span> <span class='ocrx_word' id='word_1_80' title='bbox 1403 1828 1503 1902; x_wconf 85' lang='lat' dir='ltr'><strong>Nam,</strong></span> <span class='ocrx_word' id='word_1_81' title='bbox 1537 1831 1577 1891; x_wconf 92' lang='lat' dir='ltr'><strong>ut</strong></span> <span class='ocrx_word' id='word_1_82' title='bbox 1602 1847 1681 1908; x_wconf 95' lang='lat' dir='ltr'><strong>pre·</strong></span> 
     </span>
     <span class='ocr_line' id='line_1_10' title="bbox 343 1932 1681 2017; baseline 0.001 -22"><span class='ocrx_word' id='word_1_83' title='bbox 343 1932 474 2005; x_wconf 78' lang='lat' dir='ltr'><strong>fertur,</strong></span> <span class='ocrx_word' id='word_1_84' title='bbox 496 1938 592 1997; x_wconf 90' lang='lat' dir='ltr'><strong>totus</strong></span> <span class='ocrx_word' id='word_1_85' title='bbox 609 1937 758 2017; x_wconf 89' lang='lat' dir='ltr'><strong>rapitur,</strong></span> <span class='ocrx_word' id='word_1_86' title='bbox 784 1937 846 1998; x_wconf 90' lang='lat' dir='ltr'><strong>aut</strong></span> <span class='ocrx_word' id='word_1_87' title='bbox 862 1937 1076 2015; x_wconf 86' lang='lat' dir='ltr'><strong>relinquitur</strong></span> <span class='ocrx_word' id='word_1_88' title='bbox 1092 1939 1198 1998; x_wconf 88' lang='lat' dir='ltr'><strong>totus.</strong></span> <span class='ocrx_word' id='word_1_89' title='bbox 1223 1934 1262 1997; x_wconf 91' lang='lat' dir='ltr'><strong>Si</strong></span> <span class='ocrx_word' id='word_1_90' title='bbox 1277 1937 1371 1998; x_wconf 92' lang='lat' dir='ltr'><strong>enim</strong></span> <span class='ocrx_word' id='word_1_91' title='bbox 1387 1936 1535 2015; x_wconf 89' lang='lat' dir='ltr'><strong>aliquod</strong></span> <span class='ocrx_word' id='word_1_92' title='bbox 1551 1953 1681 2016; x_wconf 89' lang='lat' dir='ltr'><strong>corpus</strong></span> 
     </span>
     <span class='ocr_line' id='line_1_11' title="bbox 290 2041 1684 2123; baseline 0.002 -21"><span class='ocrx_word' id='word_1_93' title='bbox 290 2063 294 2070; x_wconf 89' lang='lat'>·</span> <span class='ocrx_word' id='word_1_94' title='bbox 342 2044 465 2103; x_wconf 88' lang='lat' dir='ltr'><strong>totum</strong></span> <span class='ocrx_word' id='word_1_95' title='bbox 479 2041 588 2104; x_wconf 86' lang='lat' dir='ltr'><strong>luerit</strong></span> <span class='ocrx_word' id='word_1_96' title='bbox 603 2042 784 2113; x_wconf 87' lang='lat' dir='ltr'><strong>iniectum,</strong></span> <span class='ocrx_word' id='word_1_97' title='bbox 809 2043 906 2104; x_wconf 89' lang='lat' dir='ltr'><strong>nulla</strong></span> <span class='ocrx_word' id='word_1_98' title='bbox 923 2045 1028 2123; x_wconf 87' lang='lat' dir='ltr'><strong>parte</strong></span> <span class='ocrx_word' id='word_1_99' title='bbox 1043 2044 1208 2105; x_wconf 89' lang='lat' dir='ltr'><strong>sanitatis</strong></span> <span class='ocrx_word' id='word_1_100' title='bbox 1225 2047 1378 2117; x_wconf 87' lang='lat' dir='ltr'><strong>servata,</strong></span> <span class='ocrx_word' id='word_1_101' title='bbox 1403 2044 1548 2105; x_wconf 91' lang='lat' dir='ltr'><strong>minime</strong></span> <span class='ocrx_word' id='word_1_102' title='bbox 1563 2046 1684 2123; x_wconf 90' lang='lat' dir='ltr'><strong>potest</strong></span> 
     </span>
     <span class='ocr_line' id='line_1_12' title="bbox 342 2149 1683 2230; baseline 0.001 -20"><span class='ocrx_word' id='word_1_103' title='bbox 342 2167 414 2226; x_wconf 91' lang='lat' dir='ltr'><strong>per</strong></span> <span class='ocrx_word' id='word_1_104' title='bbox 436 2151 568 2211; x_wconf 89' lang='lat' dir='ltr'><strong>nature</strong></span> <span class='ocrx_word' id='word_1_105' title='bbox 590 2149 763 2230; x_wconf 74' lang='lat' dir='ltr'><strong>suffragia</strong></span> <span class='ocrx_word' id='word_1_106' title='bbox 785 2150 834 2211; x_wconf 89' lang='lat' dir='ltr'><strong>ad</strong></span> <span class='ocrx_word' id='word_1_107' title='bbox 856 2151 1048 2212; x_wconf 89' lang='lat' dir='ltr'><strong>sanitatem</strong></span> <span class='ocrx_word' id='word_1_108' title='bbox 1072 2150 1214 2224; x_wconf 89' lang='lat' dir='ltr'><strong>reduci;</strong></span> <span class='ocrx_word' id='word_1_109' title='bbox 1250 2151 1315 2212; x_wconf 90' lang='lat' dir='ltr'><strong>sed</strong></span> <span class='ocrx_word' id='word_1_110' title='bbox 1349 2150 1510 2230; x_wconf 88' lang='lat' dir='ltr'><strong>qualibet</strong></span> <span class='ocrx_word' id='word_1_111' title='bbox 1541 2151 1683 2212; x_wconf 91' lang='lat' dir='ltr'><strong>modica</strong></span> 
     </span>
     <span class='ocr_line' id='line_1_13' title="bbox 343 2251 1684 2338; baseline 0.001 -21"><span class='ocrx_word' id='word_1_112' title='bbox 343 2256 604 2319; x_wconf 86' lang='lat' dir='ltr'><strong>incolumitatis</strong></span> <span class='ocrx_word' id='word_1_113' title='bbox 627 2257 797 2337; x_wconf 86' lang='lat' dir='ltr'><strong>porcione</strong></span> <span class='ocrx_word' id='word_1_114' title='bbox 820 2258 955 2330; x_wconf 89' lang='lat' dir='ltr'><strong>relicta,</strong></span> <span class='ocrx_word' id='word_1_115' title='bbox 981 2259 1074 2320; x_wconf 91' lang='lat' dir='ltr'><strong>sicut</strong></span> <span class='ocrx_word' id='word_1_116' title='bbox 1097 2258 1144 2319; x_wconf 87' lang='lat' dir='ltr'><strong>de</strong></span> <span class='ocrx_word' id='word_1_117' title='bbox 1167 2261 1272 2337; x_wconf 86' lang='lat' dir='ltr'><strong>epate</strong></span> <span class='ocrx_word' id='word_1_118' title='bbox 1295 2251 1454 2338; x_wconf 65' lang='lat' dir='ltr'><strong>phisicib</strong></span> <span class='ocrx_word' id='word_1_119' title='bbox 1477 2257 1611 2330; x_wconf 87' lang='lat' dir='ltr'><strong>volunt,</strong></span> <span class='ocrx_word' id='word_1_120' title='bbox 1635 2257 1684 2319; x_wconf 90' lang='lat' dir='ltr'><strong>ad</strong></span> 
     </span>
     <span class='ocr_line' id='line_1_14' title="bbox 343 2363 1683 2445; baseline 0.001 -22"><span class='ocrx_word' id='word_1_121' title='bbox 343 2363 437 2424; x_wconf 90' lang='lat' dir='ltr'><strong>illud</strong></span> <span class='ocrx_word' id='word_1_122' title='bbox 462 2382 591 2442; x_wconf 90' lang='lat' dir='ltr'><strong>parum</strong></span> <span class='ocrx_word' id='word_1_123' title='bbox 614 2367 734 2444; x_wconf 88' lang='lat' dir='ltr'><strong>potest</strong></span> <span class='ocrx_word' id='word_1_124' title='bbox 757 2363 955 2437; x_wconf 83' lang='lat' dir='ltr'><strong>reformari,</strong></span> <span class='ocrx_word' id='word_1_125' title='bbox 993 2365 1171 2445; x_wconf 91' lang='lat' dir='ltr'><strong>quidquid</strong></span> <span class='ocrx_word' id='word_1_126' title='bbox 1195 2366 1401 2427; x_wconf 90' lang='lat' dir='ltr'><strong>continuum</strong></span> <span class='ocrx_word' id='word_1_127' title='bbox 1425 2367 1480 2427; x_wconf 92' lang='lat' dir='ltr'><strong>est</strong></span> <span class='ocrx_word' id='word_1_128' title='bbox 1503 2365 1683 2427; x_wconf 81' lang='lat' dir='ltr'><strong>iniectum.</strong></span> 
     </span>
     <span class='ocr_line' id='line_1_15' title="bbox 345 2467 1683 2551; baseline 0.003 -21"><span class='ocrx_word' id='word_1_129' title='bbox 345 2467 406 2531; x_wconf 86' lang='lat' dir='ltr'><strong>Sic</strong></span> <span class='ocrx_word' id='word_1_130' title='bbox 421 2470 532 2550; x_wconf 87' lang='lat' dir='ltr'><strong>igitur</strong></span> <span class='ocrx_word' id='word_1_131' title='bbox 547 2471 584 2531; x_wconf 91' lang='lat' dir='ltr'><strong>in</strong></span> <span class='ocrx_word' id='word_1_132' title='bbox 598 2471 743 2551; x_wconf 81' lang='lat' dir='ltr'><strong>angelis,</strong></span> <span class='ocrx_word' id='word_1_133' title='bbox 769 2472 1069 2537; x_wconf 89' lang='lat' dir='ltr'><strong>considerandum</strong></span> <span class='ocrx_word' id='word_1_134' title='bbox 1094 2471 1250 2534; x_wconf 86' lang='lat' dir='ltr'><strong>occurrit</strong></span> <span class='ocrx_word' id='word_1_135' title='bbox 1266 2472 1478 2550; x_wconf 88' lang='lat' dir='ltr'><strong>quiditatem</strong></span> <span class='ocrx_word' id='word_1_136' title='bbox 1503 2489 1576 2551; x_wconf 89' lang='lat' dir='ltr'><strong>qua</strong></span> <span class='ocrx_word' id='word_1_137' title='bbox 1592 2475 1683 2544; x_wconf 88' lang='lat' dir='ltr'><strong>sunt,</strong></span> 
     </span>
     <span class='ocr_line' id='line_1_16' title="bbox 345 2577 1683 2659; baseline 0.001 -22"><span class='ocrx_word' id='word_1_138' title='bbox 345 2595 470 2638; x_wconf 87' lang='lat' dir='ltr'><strong>rerum</strong></span> <span class='ocrx_word' id='word_1_139' title='bbox 506 2579 662 2639; x_wconf 90' lang='lat' dir='ltr'><strong>omnium</strong></span> <span class='ocrx_word' id='word_1_140' title='bbox 696 2577 867 2641; x_wconf 78' lang='lat' dir='ltr'><strong>effectore</strong></span> <span class='ocrx_word' id='word_1_141' title='bbox 903 2583 1058 2652; x_wconf 82' lang='lat' dir='ltr'><strong>creante,</strong></span> <span class='ocrx_word' id='word_1_142' title='bbox 1099 2582 1135 2641; x_wconf 94' lang='lat' dir='ltr'><strong>et</strong></span> <span class='ocrx_word' id='word_1_143' title='bbox 1168 2579 1326 2659; x_wconf 80' lang='lat' dir='ltr'><strong>graciam</strong></span> <span class='ocrx_word' id='word_1_144' title='bbox 1349 2580 1408 2641; x_wconf 85' lang='lat' dir='ltr'><strong>vel</strong></span> <span class='ocrx_word' id='word_1_145' title='bbox 1442 2578 1585 2657; x_wconf 90' lang='lat' dir='ltr'><strong>culpam</strong></span> <span class='ocrx_word' id='word_1_146' title='bbox 1612 2596 1683 2657; x_wconf 92' lang='lat' dir='ltr'><strong>qua</strong></span> 
     </span>
     <span class='ocr_line' id='line_1_17' title="bbox 345 2684 1683 2767; baseline 0.001 -23"><span class='ocrx_word' id='word_1_147' title='bbox 345 2684 464 2745; x_wconf 81' lang='lat' dir='ltr'><strong>talesc</strong></span> <span class='ocrx_word' id='word_1_148' title='bbox 491 2689 574 2746; x_wconf 90' lang='lat' dir='ltr'><strong>suut</strong></span> <span class='ocrx_word' id='word_1_149' title='bbox 607 2688 643 2747; x_wconf 90' lang='lat' dir='ltr'><strong>et</strong></span> <span class='ocrx_word' id='word_1_150' title='bbox 665 2687 849 2748; x_wconf 86' lang='lat' dir='ltr'><strong>intellectu</strong></span> <span class='ocrx_word' id='word_1_151' title='bbox 870 2686 1174 2767; x_wconf 87' lang='lat' dir='ltr'><strong>perspicaciores;</strong></span> <span class='ocrx_word' id='word_1_152' title='bbox 1200 2686 1250 2747; x_wconf 86' lang='lat' dir='ltr'><strong>ita</strong></span> <span class='ocrx_word' id='word_1_153' title='bbox 1273 2689 1322 2758; x_wconf 86' lang='lat' dir='ltr'><strong>ut,</strong></span> <span class='ocrx_word' id='word_1_154' title='bbox 1348 2687 1379 2747; x_wconf 92' lang='lat' dir='ltr'><strong>si</strong></span> <span class='ocrx_word' id='word_1_155' title='bbox 1402 2686 1567 2748; x_wconf 90' lang='lat' dir='ltr'><strong>omnibus</strong></span> <span class='ocrx_word' id='word_1_156' title='bbox 1591 2686 1683 2747; x_wconf 88' lang='lat' dir='ltr'><strong>acci·</strong></span> 
     </span>
     <span class='ocr_line' id='line_1_18' title="bbox 345 2791 1684 2873; baseline 0.002 -22"><span class='ocrx_word' id='word_1_157' title='bbox 345 2791 519 2853; x_wconf 88' lang='lat' dir='ltr'><strong>dentibus</strong></span> <span class='ocrx_word' id='word_1_158' title='bbox 543 2792 708 2873; x_wconf 90' lang='lat' dir='ltr'><strong>demptis,</strong></span> <span class='ocrx_word' id='word_1_159' title='bbox 743 2794 899 2873; x_wconf 90' lang='lat' dir='ltr'><strong>propriis</strong></span> <span class='ocrx_word' id='word_1_160' title='bbox 935 2794 1159 2855; x_wconf 88' lang='lat' dir='ltr'><strong>naturalibus</strong></span> <span class='ocrx_word' id='word_1_161' title='bbox 1194 2796 1314 2855; x_wconf 89' lang='lat' dir='ltr'><strong>essent</strong></span> <span class='ocrx_word' id='word_1_162' title='bbox 1336 2793 1389 2854; x_wconf 91' lang='lat' dir='ltr'><strong>illi</strong></span> <span class='ocrx_word' id='word_1_163' title='bbox 1417 2796 1453 2855; x_wconf 91' lang='lat' dir='ltr'><strong>et</strong></span> <span class='ocrx_word' id='word_1_164' title='bbox 1476 2793 1544 2873; x_wconf 90' lang='lat' dir='ltr'><strong>ipsi</strong></span> <span class='ocrx_word' id='word_1_165' title='bbox 1568 2793 1684 2855; x_wconf 90' lang='lat' dir='ltr'><strong>relicti</strong></span> 
     </span>
     <span class='ocr_line' id='line_1_19' title="bbox 346 2896 1686 2980; baseline 0.002 -22"><span class='ocrx_word' id='word_1_166' title='bbox 346 2896 382 2959; x_wconf 92' lang='lat' dir='ltr'><strong>in</strong></span> <span class='ocrx_word' id='word_1_167' title='bbox 405 2897 592 2961; x_wconf 90' lang='lat' dir='ltr'><strong>habitibus</strong></span> <span class='ocrx_word' id='word_1_168' title='bbox 616 2900 845 2979; x_wconf 90' lang='lat' dir='ltr'><strong>acquirendis</strong></span> <span class='ocrx_word' id='word_1_169' title='bbox 862 2919 905 2962; x_wconf 87' lang='lat' dir='ltr'><strong>ex</strong></span> <span class='ocrx_word' id='word_1_170' title='bbox 926 2900 1216 2980; x_wconf 88' lang='lat' dir='ltr'><strong>speculacionum</strong></span> <span class='ocrx_word' id='word_1_171' title='bbox 1233 2900 1373 2962; x_wconf 90' lang='lat' dir='ltr'><strong>actibus</strong></span> <span class='ocrx_word' id='word_1_172' title='bbox 1388 2901 1553 2980; x_wconf 78' lang='lat' dir='ltr'><strong>apciores</strong></span> <span class='ocrx_word' id='word_1_173' title='bbox 1568 2902 1686 2962; x_wconf 73' lang='lat' dir='ltr'><strong>forent</strong></span> 
     </span>
     <span class='ocr_line' id='line_1_20' title="bbox 346 3006 1685 3086; baseline 0.001 -20"><span class='ocrx_word' id='word_1_174' title='bbox 346 3006 501 3083; x_wconf 88' lang='lat' dir='ltr'><strong>quidam</strong></span> <span class='ocrx_word' id='word_1_175' title='bbox 522 3006 722 3078; x_wconf 90' lang='lat' dir='ltr'><strong>demonum,</strong></span> <span class='ocrx_word' id='word_1_176' title='bbox 747 3008 839 3069; x_wconf 89' lang='lat' dir='ltr'><strong>sicut</strong></span> <span class='ocrx_word' id='word_1_177' title='bbox 862 3010 991 3069; x_wconf 88' lang='lat' dir='ltr'><strong>natura</strong></span> <span class='ocrx_word' id='word_1_178' title='bbox 1025 3007 1196 3086; x_wconf 82' lang='lat' dir='ltr'><strong>specifica</strong></span> <span class='ocrx_word' id='word_1_179' title='bbox 1220 3010 1302 3069; x_wconf 92' lang='lat' dir='ltr'><strong>sunt</strong></span> <span class='ocrx_word' id='word_1_180' title='bbox 1325 3007 1477 3069; x_wconf 90' lang='lat' dir='ltr'><strong>alciores</strong></span> <span class='ocrx_word' id='word_1_181' title='bbox 1506 3007 1685 3068; x_wconf 88' lang='lat' dir='ltr'><strong>nonnullis</strong></span> 
     </span>
     <span class='ocr_line' id='line_1_21' title="bbox 346 3113 1684 3195; baseline 0.001 -21"><span class='ocrx_word' id='word_1_182' title='bbox 346 3130 484 3179; x_wconf 88' lang='lat' dir='ltr'><strong>eorum,</strong></span> <span class='ocrx_word' id='word_1_183' title='bbox 510 3113 572 3191; x_wconf 90' lang='lat' dir='ltr'><strong>qui</strong></span> <span class='ocrx_word' id='word_1_184' title='bbox 595 3132 688 3175; x_wconf 91' lang='lat' dir='ltr'><strong>nunc</strong></span> <span class='ocrx_word' id='word_1_185' title='bbox 711 3117 795 3176; x_wconf 91' lang='lat' dir='ltr'><strong>sunt</strong></span> <span class='ocrx_word' id='word_1_186' title='bbox 817 3114 932 3195; x_wconf 90' lang='lat' dir='ltr'><strong>angeli</strong></span> <span class='ocrx_word' id='word_1_187' title='bbox 956 3115 1081 3176; x_wconf 90' lang='lat' dir='ltr'><strong>sancti.</strong></span> <span class='ocrx_word' id='word_1_188' title='bbox 1121 3113 1283 3176; x_wconf 92' lang='lat' dir='ltr'><strong>Nobilior</strong></span> <span class='ocrx_word' id='word_1_189' title='bbox 1306 3115 1439 3194; x_wconf 89' lang='lat' dir='ltr'><strong>quippe</strong></span> <span class='ocrx_word' id='word_1_190' title='bbox 1463 3132 1534 3193; x_wconf 92' lang='lat' dir='ltr'><strong>quo</strong></span> <span class='ocrx_word' id='word_1_191' title='bbox 1559 3115 1607 3175; x_wconf 89' lang='lat' dir='ltr'><strong>ad</strong></span> <span class='ocrx_word' id='word_1_192' title='bbox 1631 3133 1684 3176; x_wconf 93' lang='lat' dir='ltr'><strong>es·</strong></span> 
     </span>
     <span class='ocr_line' id='line_1_22' title="bbox 346 3220 1684 3301; baseline 0.001 -20"><span class='ocrx_word' id='word_1_193' title='bbox 346 3221 509 3281; x_wconf 89' lang='lat' dir='ltr'><strong>senciam</strong></span> <span class='ocrx_word' id='word_1_194' title='bbox 532 3221 732 3282; x_wconf 90' lang='lat' dir='ltr'><strong>naturalem</strong></span> <span class='ocrx_word' id='word_1_195' title='bbox 756 3223 811 3283; x_wconf 89' lang='lat' dir='ltr'><strong>est</strong></span> <span class='ocrx_word' id='word_1_196' title='bbox 834 3222 983 3301; x_wconf 92' lang='lat' dir='ltr'><strong>quilibet</strong></span> <span class='ocrx_word' id='word_1_197' title='bbox 1006 3222 1122 3292; x_wconf 89' lang='lat' dir='ltr'><strong>homo,</strong></span> <span class='ocrx_word' id='word_1_198' title='bbox 1158 3222 1442 3300; x_wconf 90' lang='lat' dir='ltr'><strong>quibuscumque</strong></span> <span class='ocrx_word' id='word_1_199' title='bbox 1469 3220 1684 3284; x_wconf 83' lang='lat' dir='ltr'><strong>infelicitati·</strong></span> 
     </span>
     <span class='ocr_line' id='line_1_23' title="bbox 345 3327 1749 3409; baseline 0.001 -21"><span class='ocrx_word' id='word_1_200' title='bbox 345 3327 414 3389; x_wconf 92' lang='lat' dir='ltr'><strong>bus</strong></span> <span class='ocrx_word' id='word_1_201' title='bbox 441 3345 598 3407; x_wconf 86' lang='lat' dir='ltr'><strong>pressus,</strong></span> <span class='ocrx_word' id='word_1_202' title='bbox 624 3329 718 3389; x_wconf 91' lang='lat' dir='ltr'><strong>omni</strong></span> <span class='ocrx_word' id='word_1_203' title='bbox 733 3330 846 3401; x_wconf 91' lang='lat' dir='ltr'><strong>leone,</strong></span> <span class='ocrx_word' id='word_1_204' title='bbox 872 3328 1071 3409; x_wconf 90' lang='lat' dir='ltr'><strong>elephante,</strong></span> <span class='ocrx_word' id='word_1_205' title='bbox 1096 3329 1154 3391; x_wconf 85' lang='lat' dir='ltr'><strong>vel</strong></span> <span class='ocrx_word' id='word_1_206' title='bbox 1174 3347 1277 3408; x_wconf 87' lang='lat' dir='ltr'><strong>equo,</strong></span> <span class='ocrx_word' id='word_1_207' title='bbox 1301 3329 1425 3409; x_wconf 88' lang='lat' dir='ltr'><strong>preda,</strong></span> <span class='ocrx_word' id='word_1_208' title='bbox 1449 3329 1596 3401; x_wconf 83' lang='lat' dir='ltr'><strong>viribus,</strong></span> <span class='ocrx_word' id='word_1_209' title='bbox 1621 3331 1684 3390; x_wconf 92' lang='lat' dir='ltr'><strong>aut</strong></span> <span class='ocrx_word' id='word_1_210' title='bbox 1744 3344 1749 3354; x_wconf 90' lang='lat'><strong>·</strong></span> 
     </span>
     <span class='ocr_line' id='line_1_24' title="bbox 347 3434 1684 3515; baseline 0.001 -20"><span class='ocrx_word' id='word_1_211' title='bbox 347 3434 572 3512; x_wconf 89' lang='lat' dir='ltr'><strong>quibuslibet</strong></span> <span class='ocrx_word' id='word_1_212' title='bbox 596 3436 814 3498; x_wconf 89' lang='lat' dir='ltr'><strong>ornamentis</strong></span> <span class='ocrx_word' id='word_1_213' title='bbox 838 3434 990 3497; x_wconf 83' lang='lat' dir='ltr'><strong>refertis.</strong></span> <span class='ocrx_word' id='word_1_214' title='bbox 1031 3434 1104 3497; x_wconf 90' lang='lat' dir='ltr'><strong>Sed</strong></span> <span class='ocrx_word' id='word_1_215' title='bbox 1127 3438 1300 3515; x_wconf 89' lang='lat' dir='ltr'><strong>quantum</strong></span> <span class='ocrx_word' id='word_1_216' title='bbox 1322 3438 1463 3515; x_wconf 89' lang='lat' dir='ltr'><strong>spectat</strong></span> <span class='ocrx_word' id='word_1_217' title='bbox 1486 3436 1535 3497; x_wconf 92' lang='lat' dir='ltr'><strong>ad</strong></span> <span class='ocrx_word' id='word_1_218' title='bbox 1558 3453 1684 3497; x_wconf 90' lang='lat' dir='ltr'><strong>secun·</strong></span> 
     </span>
     <span class='ocr_line' id='line_1_25' title="bbox 346 3540 1683 3624; baseline 0.001 -22"><span class='ocrx_word' id='word_1_219' title='bbox 346 3540 445 3612; x_wconf 90' lang='lat' dir='ltr'><strong>dum,</strong></span> <span class='ocrx_word' id='word_1_220' title='bbox 484 3541 648 3604; x_wconf 91' lang='lat' dir='ltr'><strong>minimus</strong></span> <span class='ocrx_word' id='word_1_221' title='bbox 683 3543 889 3624; x_wconf 88' lang='lat' dir='ltr'><strong>angelorum</strong></span> <span class='ocrx_word' id='word_1_222' title='bbox 923 3543 1114 3605; x_wconf 88' lang='lat' dir='ltr'><strong>demonum</strong></span> <span class='ocrx_word' id='word_1_223' title='bbox 1147 3561 1354 3623; x_wconf 91' lang='lat' dir='ltr'><strong>supremum</strong></span> <span class='ocrx_word' id='word_1_224' title='bbox 1378 3543 1543 3604; x_wconf 66' lang='lat' dir='ltr'><strong>excedit.⁴</strong></span> <span class='ocrx_word' id='word_1_225' title='bbox 1568 3540 1683 3612; x_wconf 91' lang='lat' dir='ltr'><strong>Unde,</strong></span> 
     </span>
     <span class='ocr_line' id='line_1_26' title="bbox 347 3649 1684 3730; baseline 0 -21"><span class='ocrx_word' id='word_1_226' title='bbox 347 3667 429 3709; x_wconf 90' lang='lat' dir='ltr'><strong>cum</strong></span> <span class='ocrx_word' id='word_1_227' title='bbox 452 3649 614 3728; x_wconf 89' lang='lat' dir='ltr'><strong>angelice</strong></span> <span class='ocrx_word' id='word_1_228' title='bbox 629 3651 757 3712; x_wconf 89' lang='lat' dir='ltr'><strong>nature</strong></span> <span class='ocrx_word' id='word_1_229' title='bbox 779 3652 882 3712; x_wconf 90' lang='lat' dir='ltr'><strong>actus</strong></span> <span class='ocrx_word' id='word_1_230' title='bbox 897 3651 1082 3712; x_wconf 90' lang='lat' dir='ltr'><strong>sublimior</strong></span> <span class='ocrx_word' id='word_1_231' title='bbox 1098 3650 1144 3712; x_wconf 91' lang='lat' dir='ltr'><strong>sit</strong></span> <span class='ocrx_word' id='word_1_232' title='bbox 1160 3650 1366 3730; x_wconf 90' lang='lat' dir='ltr'><strong>intelligere,</strong></span> <span class='ocrx_word' id='word_1_233' title='bbox 1391 3651 1488 3712; x_wconf 85' lang='lat' dir='ltr'><strong>iuxta</strong></span> <span class='ocrx_word' id='word_1_234' title='bbox 1510 3667 1684 3711; x_wconf 90' lang='lat' dir='ltr'><strong>summam</strong></span> 
     </span>
     <span class='ocr_line' id='line_1_27' title="bbox 347 3755 1686 3837; baseline 0 -21"><span class='ocrx_word' id='word_1_235' title='bbox 347 3755 609 3834; x_wconf 89' lang='lat' dir='ltr'><strong>descripcionis</strong></span> <span class='ocrx_word' id='word_1_236' title='bbox 647 3757 772 3836; x_wconf 87' lang='lat' dir='ltr'><strong>optimi</strong></span> <span class='ocrx_word' id='word_1_237' title='bbox 804 3756 1109 3837; x_wconf 87' lang='lat' dir='ltr'><strong>Ariopagite,</strong></span> <span class='ocrx_word' id='word_1_238' title='bbox 1145 3757 1237 3819; x_wconf 92' lang='lat' dir='ltr'><strong>libro</strong></span> <span class='ocrx_word' id='word_1_239' title='bbox 1271 3756 1333 3818; x_wconf 88' lang='lat' dir='ltr'><strong>De</strong></span> <span class='ocrx_word' id='word_1_240' title='bbox 1361 3756 1581 3837; x_wconf 87' lang='lat' dir='ltr'><strong>Angelica</strong></span> <span class='ocrx_word' id='word_1_241' title='bbox 1616 3755 1686 3817; x_wconf 92' lang='lat' dir='ltr'><strong>Ie·</strong></span> 
     </span>
     <span class='ocr_line' id='line_1_28' title="bbox 346 3855 1686 3944; baseline 0.001 -22"><span class='ocrx_word' id='word_1_242' title='bbox 346 3855 545 3925; x_wconf 82' lang='lat' dir='ltr'><strong>rarcia‘¹</strong></span> <span class='ocrx_word' id='word_1_243' title='bbox 579 3861 743 3934; x_wconf 86' lang='lat' dir='ltr'><strong>tradite¹,</strong></span> <span class='ocrx_word' id='word_1_244' title='bbox 780 3865 901 3944; x_wconf 87' lang='lat' dir='ltr'><strong>gracia</strong></span> <span class='ocrx_word' id='word_1_245' title='bbox 933 3864 1089 3934; x_wconf 88' lang='lat' dir='ltr'><strong>iuvante,</strong></span> <span class='ocrx_word' id='word_1_246' title='bbox 1126 3881 1196 3944; x_wconf 90' lang='lat' dir='ltr'><strong>que</strong></span> <span class='ocrx_word' id='word_1_247' title='bbox 1231 3865 1373 3944; x_wconf 82' lang='lat' dir='ltr'><strong>perficit</strong></span> <span class='ocrx_word' id='word_1_248' title='bbox 1396 3867 1570 3935; x_wconf 87' lang='lat' dir='ltr'><strong>naturam,</strong></span> <span class='ocrx_word' id='word_1_249' title='bbox 1610 3863 1686 3924; x_wconf 91' lang='lat' dir='ltr'><strong>lim·</strong></span> 
     </span>
     <span class='ocr_line' id='line_1_29' title="bbox 346 3971 1683 4050; baseline -0.001 -18"><span class='ocrx_word' id='word_1_250' title='bbox 346 3971 470 4050; x_wconf 89' lang='lat' dir='ltr'><strong>pidius</strong></span> <span class='ocrx_word' id='word_1_251' title='bbox 504 3971 587 4032; x_wconf 89' lang='lat' dir='ltr'><strong>boni</strong></span> <span class='ocrx_word' id='word_1_252' title='bbox 622 3989 731 4050; x_wconf 93' lang='lat' dir='ltr'><strong>quam</strong></span> <span class='ocrx_word' id='word_1_253' title='bbox 753 3972 837 4033; x_wconf 92' lang='lat' dir='ltr'><strong>mali</strong></span> <span class='ocrx_word' id='word_1_254' title='bbox 869 3971 1024 4033; x_wconf 89' lang='lat' dir='ltr'><strong>omnium</strong></span> <span class='ocrx_word' id='word_1_255' title='bbox 1049 3989 1169 4032; x_wconf 89' lang='lat' dir='ltr'><strong>rerum</strong></span> <span class='ocrx_word' id='word_1_256' title='bbox 1193 3971 1397 4050; x_wconf 88' lang='lat' dir='ltr'><strong>quiditates,</strong></span> <span class='ocrx_word' id='word_1_257' title='bbox 1434 3971 1683 4050; x_wconf 88' lang='lat' dir='ltr'><strong>proprietates,</strong></span> 
     </span>
     <span class='ocr_line' id='line_1_30' title="bbox 345 4076 1686 4159; baseline -0.002 -18"><span class='ocrx_word' id='word_1_258' title='bbox 345 4083 462 4150; x_wconf 90' lang='lat' dir='ltr'><strong>actus,</strong></span> <span class='ocrx_word' id='word_1_259' title='bbox 499 4078 638 4156; x_wconf 89' lang='lat' dir='ltr'><strong>pariter</strong></span> <span class='ocrx_word' id='word_1_260' title='bbox 669 4081 704 4140; x_wconf 93' lang='lat' dir='ltr'><strong>et</strong></span> <span class='ocrx_word' id='word_1_261' title='bbox 729 4077 879 4141; x_wconf 83' lang='lat' dir='ltr'><strong>effectus</strong></span> <span class='ocrx_word' id='word_1_262' title='bbox 902 4079 1135 4159; x_wconf 90' lang='lat' dir='ltr'><strong>prospiciunt.</strong></span> <span class='ocrx_word' id='word_1_263' title='bbox 1174 4076 1263 4139; x_wconf 81' lang='lat' dir='ltr'><strong>Mali</strong></span> <span class='ocrx_word' id='word_1_264' title='bbox 1292 4096 1447 4157; x_wconf 88' lang='lat' dir='ltr'><strong>namque</strong></span> <span class='ocrx_word' id='word_1_265' title='bbox 1469 4096 1565 4158; x_wconf 90' lang='lat' dir='ltr'><strong>sepe,</strong></span> <span class='ocrx_word' id='word_1_266' title='bbox 1601 4078 1686 4139; x_wconf 92' lang='lat' dir='ltr'><strong>boni</strong></span> 
     </span>
     <span class='ocr_line' id='line_1_31' title="bbox 346 4184 1687 4265; baseline 0 -19"><span class='ocrx_word' id='word_1_267' title='bbox 346 4205 435 4249; x_wconf 87' lang='lat' dir='ltr'><strong>vero</strong></span> <span class='ocrx_word' id='word_1_268' title='bbox 460 4204 653 4264; x_wconf 89' lang='lat' dir='ltr'><strong>nunquam,</strong></span> <span class='ocrx_word' id='word_1_269' title='bbox 679 4189 827 4248; x_wconf 91' lang='lat' dir='ltr'><strong>auctore</strong></span> <span class='ocrx_word' id='word_1_270' title='bbox 849 4185 1105 4265; x_wconf 88' lang='lat' dir='ltr'><strong>Augustino</strong></span> <span class='ocrx_word' id='word_1_271' title='bbox 1128 4185 1248 4247; x_wconf 86' lang='lat' dir='ltr'><strong>VIIII⁰</strong></span> <span class='ocrx_word' id='word_1_272' title='bbox 1270 4186 1334 4248; x_wconf 94' lang='lat' dir='ltr'><strong>De</strong></span> <span class='ocrx_word' id='word_1_273' title='bbox 1358 4184 1450 4246; x_wconf 86' lang='lat' dir='ltr'><strong>Civ.</strong></span> <span class='ocrx_word' id='word_1_274' title='bbox 1482 4184 1582 4256; x_wconf 90' lang='lat' dir='ltr'><strong>Dei,</strong></span> <span class='ocrx_word' id='word_1_275' title='bbox 1611 4203 1687 4246; x_wconf 92' lang='lat' dir='ltr'><strong>ca·</strong></span> 
     </span>
     <span class='ocr_line' id='line_1_32' title="bbox 347 4291 1685 4374; baseline -0.001 -19"><span class='ocrx_word' id='word_1_276' title='bbox 347 4293 510 4373; x_wconf 88' lang='lat' dir='ltr'><strong>pitulo</strong></span> <span class='ocrx_word' id='word_1_277' title='bbox 533 4301 584 4366; x_wconf 91' lang='lat'><strong>11,</strong></span> <span class='ocrx_word' id='word_1_278' title='bbox 620 4293 657 4353; x_wconf 94' lang='lat' dir='ltr'><strong>in</strong></span> <span class='ocrx_word' id='word_1_279' title='bbox 692 4311 812 4355; x_wconf 91' lang='lat' dir='ltr'><strong>rerum</strong></span> <span class='ocrx_word' id='word_1_280' title='bbox 835 4294 1041 4374; x_wconf 91' lang='lat' dir='ltr'><strong>cognicione</strong></span> <span class='ocrx_word' id='word_1_281' title='bbox 1063 4292 1238 4355; x_wconf 85' lang='lat' dir='ltr'><strong>falluntur</strong></span> <span class='ocrx_word' id='word_1_282' title='bbox 1248 4291 1269 4354; x_wconf 88' lang='lat'><strong>².</strong></span> <span class='ocrx_word' id='word_1_283' title='bbox 1303 4329 1342 4338; x_wconf 92' lang='lat'><strong>—-</strong></span> <span class='ocrx_word' id='word_1_284' title='bbox 1377 4293 1480 4354; x_wconf 86' lang='lat' dir='ltr'><strong>Iuvat</strong></span> <span class='ocrx_word' id='word_1_285' title='bbox 1503 4292 1597 4354; x_wconf 89' lang='lat' dir='ltr'><strong>enim</strong></span> <span class='ocrx_word' id='word_1_286' title='bbox 1620 4291 1685 4353; x_wconf 91' lang='lat' dir='ltr'><strong>hos</strong></span> 
     </span>
    </p>
   </div>
   <div class='ocr_carea' id='block_1_3' title="bbox 347 4672 1684 4829">
    <p class='ocr_par' dir='ltr' id='par_1_3' title="bbox 347 4672 1684 4829">
     <span class='ocr_line' id='line_1_33' title="bbox 456 4672 1684 4740; baseline -0.001 -14"><span class='ocrx_word' id='word_1_287' title='bbox 456 4678 490 4739; x_wconf 87' lang='grc' dir='ltr'><strong>α)</strong></span> <span class='ocrx_word' id='word_1_288' title='bbox 506 4701 533 4710; x_wconf 78' lang='lat'><em>-</em></span> <span class='ocrx_word' id='word_1_289' title='bbox 549 4674 735 4726; x_wconf 89' lang='lat' dir='ltr'><strong>nontamen</strong></span> <span class='ocrx_word' id='word_1_290' title='bbox 754 4673 936 4739; x_wconf 87' lang='lat' dir='ltr'><strong>simpliciter</strong></span> <span class='ocrx_word' id='word_1_291' title='bbox 954 4673 1112 4739; x_wconf 86' lang='lat' dir='ltr'><strong>simplicis.</strong></span> <span class='ocrx_word' id='word_1_292' title='bbox 1149 4673 1181 4737; x_wconf 84' lang='lat' dir='ltr'><strong>h)</strong></span> <span class='ocrx_word' id='word_1_293' title='bbox 1201 4688 1235 4718; x_wconf 73' lang='grc' dir='ltr'>Ξ</span> <span class='ocrx_word' id='word_1_294' title='bbox 1252 4672 1438 4740; x_wconf 86' lang='lat' dir='ltr'><strong>philosophi.</strong></span> <span class='ocrx_word' id='word_1_295' title='bbox 1478 4675 1506 4735; x_wconf 87' lang='lat' dir='ltr'><strong>c)</strong></span> <span class='ocrx_word' id='word_1_296' title='bbox 1519 4688 1553 4718; x_wconf 90' lang='lat'>=</span> <span class='ocrx_word' id='word_1_297' title='bbox 1566 4673 1684 4740; x_wconf 88' lang='lat' dir='ltr'><strong>quales.</strong></span> 
     </span>
     <span class='ocr_line' id='line_1_34' title="bbox 347 4763 616 4829; baseline -0.011 -12"><span class='ocrx_word' id='word_1_298' title='bbox 347 4768 380 4829; x_wconf 85' lang='lat' dir='ltr'><strong>d)</strong></span> <span class='ocrx_word' id='word_1_299' title='bbox 399 4783 436 4812; x_wconf 72' lang='grc' dir='ltr'>ε</span> <span class='ocrx_word' id='word_1_300' title='bbox 455 4763 616 4817; x_wconf 86' lang='lat' dir='ltr'><strong>ierarchia.</strong></span> 
     </span>
    </p>
   </div>
   <div class='ocr_carea' id='block_1_4' title="bbox 349 4941 1688 5187">
    <p class='ocr_par' dir='ltr' id='par_1_4' title="bbox 349 4941 1688 5187">
     <span class='ocr_line' id='line_1_35' title="bbox 458 4941 1684 5028; baseline -0.003 -32"><span class='ocrx_word' id='word_1_301' title='bbox 458 4941 479 5007; x_wconf 84' lang='lat'><strong>¹)</strong></span> <span class='ocrx_word' id='word_1_302' title='bbox 498 4942 543 4996; x_wconf 78' lang='lat' dir='ltr'><strong>cf.</strong></span> <span class='ocrx_word' id='word_1_303' title='bbox 556 4943 634 4995; x_wconf 82' lang='lat' dir='ltr'><strong>Cael.</strong></span> <span class='ocrx_word' id='word_1_304' title='bbox 645 4943 730 4996; x_wconf 86' lang='lat' dir='ltr'><strong>Hier.</strong></span> <span class='ocrx_word' id='word_1_305' title='bbox 749 4957 815 5009; x_wconf 74' lang='lat' dir='ltr'><strong>cap,</strong></span> <span class='ocrx_word' id='word_1_306' title='bbox 826 4952 857 5006; x_wconf 90' lang='lat'><strong>11,</strong></span> <span class='ocrx_word' id='word_1_307' title='bbox 866 4952 909 5006; x_wconf 82' lang='lat' dir='ltr'><strong>VI,</strong></span> <span class='ocrx_word' id='word_1_308' title='bbox 922 4951 976 4994; x_wconf 78' lang='grc' dir='ltr'><strong>ΧΗ.</strong></span> <span class='ocrx_word' id='word_1_309' title='bbox 1002 4942 1049 4994; x_wconf 91' lang='lat' dir='ltr'><strong>De</strong></span> <span class='ocrx_word' id='word_1_310' title='bbox 1068 4941 1100 4993; x_wconf 74' lang='lat' dir='ltr'><strong>la</strong></span> <span class='ocrx_word' id='word_1_311' title='bbox 1118 4941 1204 4995; x_wconf 85' lang='lat' dir='ltr'><strong>vient</strong></span> <span class='ocrx_word' id='word_1_312' title='bbox 1223 4955 1283 5008; x_wconf 88' lang='lat' dir='ltr'><strong>que</strong></span> <span class='ocrx_word' id='word_1_313' title='bbox 1295 4942 1401 5009; x_wconf 86' lang='lat' dir='ltr'><strong>Denys</strong></span> <span class='ocrx_word' id='word_1_314' title='bbox 1415 4941 1538 5028; x_wconf 86' lang='lat' dir='ltr'><strong>appelle</strong></span> <span class='ocrx_word' id='word_1_315' title='bbox 1551 4943 1684 4993; x_wconf 87' lang='lat' dir='ltr'><strong>souvent</strong></span> 
     </span>
     <span class='ocr_line' id='line_1_36' title="bbox 349 5032 857 5100; baseline -0.006 -14"><span class='ocrx_word' id='word_1_316' title='bbox 349 5034 394 5086; x_wconf 89' lang='lat' dir='ltr'><strong>les</strong></span> <span class='ocrx_word' id='word_1_317' title='bbox 413 5033 519 5100; x_wconf 82' lang='lat' dir='ltr'><strong>Auges</strong></span> <span class='ocrx_word' id='word_1_318' title='bbox 539 5032 715 5094; x_wconf 82' lang='lat' dir='ltr'><strong>intellectus,</strong></span> <span class='ocrx_word' id='word_1_319' title='bbox 733 5035 857 5084; x_wconf 81' lang='lat' dir='ltr'><strong>mentes.</strong></span> 
     </span>
     <span class='ocr_line' id='line_1_37' title="bbox 458 5118 1688 5187; baseline -0.001 -14"><span class='ocrx_word' id='word_1_320' title='bbox 458 5119 479 5187; x_wconf 62' lang='grc' dir='ltr'>ἢ</span> <span class='ocrx_word' id='word_1_321' title='bbox 498 5119 701 5174; x_wconf 79' lang='lat' dir='ltr'>S.AUR.AUG.</span> <span class='ocrx_word' id='word_1_322' title='bbox 714 5123 761 5174; x_wconf 87' lang='lat' dir='ltr'><strong>De</strong></span> <span class='ocrx_word' id='word_1_323' title='bbox 778 5120 935 5184; x_wconf 64' lang='lat' dir='ltr'><strong>Civium,</strong></span> <span class='ocrx_word' id='word_1_324' title='bbox 949 5120 999 5186; x_wconf 85' lang='lat' dir='ltr'><strong>IX,</strong></span> <span class='ocrx_word' id='word_1_325' title='bbox 1008 5131 1039 5184; x_wconf 90' lang='lat'><strong>11,</strong></span> <span class='ocrx_word' id='word_1_326' title='bbox 1052 5125 1133 5174; x_wconf 81' lang='lat' dir='ltr'><strong>ellat.</strong></span> <span class='ocrx_word' id='word_1_327' title='bbox 1147 5122 1189 5173; x_wconf 81' lang='lat' dir='ltr'><strong>ad</strong></span> <span class='ocrx_word' id='word_1_328' title='bbox 1199 5136 1280 5174; x_wconf 84' lang='lat' dir='ltr'><strong>sens.</strong></span> <span class='ocrx_word' id='word_1_329' title='bbox 1296 5121 1332 5172; x_wconf 92' lang='lat' dir='ltr'><strong>ln</strong></span> <span class='ocrx_word' id='word_1_330' title='bbox 1343 5119 1433 5187; x_wconf 86' lang='lat' dir='ltr'><strong>Oper.</strong></span> <span class='ocrx_word' id='word_1_331' title='bbox 1446 5119 1608 5182; x_wconf 77' lang='lat' dir='ltr'><strong>r.V11,col,</strong></span> <span class='ocrx_word' id='word_1_332' title='bbox 1625 5118 1688 5172; x_wconf 81' lang='lat'><strong>257.</strong></span> 
     </span>
    </p>
   </div>
   <div class='ocr_carea' id='block_1_5' title="bbox 0 0 2169 6116">
    <p class='ocr_par' dir='ltr' id='par_1_5' title="bbox 0 0 2169 6116">
     <span class='ocr_line' id='line_1_38' title="bbox 0 0 2169 6116; baseline 0 0"><span class='ocrx_word' id='word_1_333' title='bbox 0 0 2169 6116; x_wconf 95' lang='lat' dir='ltr'><strong> </strong></span> 
     </span>
    </p>
   </div>
  </div>
 </body>
</html>
