4300 6117
500 954 566 1017 228
1011 965 1170 1018 LUCULA
1193 963 1331 1019 NOCTIS

500 1187 719 1266 sapienciam
742 1205 858 1248 meam
881 1190 917 1248 et
940 1188 1138 1267 prudencie
1161 1205 1239 1249 mee
1262 1187 1393 1249 inclina
1408 1206 1531 1250 aurem
1548 1190 1668 1249 tuam:
1693 1188 1733 1248 ut
1756 1205 1833 1249 cns·

500 1294 618 1355 todias
643 1294 880 1373 cogitacioues
903 1297 939 1356 et
962 1293 1188 1374 disciplinam
1210 1294 1308 1355 labia
1331 1298 1393 1356 tua
1413 1297 1634 1366 conservent,
1653 1313 1697 1356 ne
1721 1294 1833 1355 inten-

499 1400 597 1462 deris
619 1398 762 1462 fallacie
785 1402 966 1463 mulieris:
991 1399 1095 1463 favus
1120 1402 1214 1463 enim
1237 1402 1414 1463 distillans
1438 1401 1535 1462 labia
1570 1401 1768 1463 meretricis
1799 1404 1835 1462 et

500 1507 646 1569 nitidius
684 1508 763 1570 oleo
797 1511 918 1589 guttur
948 1508 1047 1581 eius;
1079 1509 1273 1569 novissima
1309 1511 1428 1570 autem
1457 1509 1532 1570 eius
1556 1526 1688 1579 amara,
1731 1507 1833 1587 quasi

500 1614 725 1686 absinthium,
751 1616 787 1676 et
809 1615 929 1695 lingua
952 1616 1028 1677 eius
1051 1618 1168 1687 acuta,
1187 1616 1289 1693 quasi
1305 1616 1445 1696 gladius
1460 1616 1595 1694 biceps.
1621 1613 1737 1676 Pedes
1756 1614 1832 1676 eius

499 1721 724 1783 descendunt
746 1722 783 1782 in
806 1724 966 1793 mortem,
992 1724 1028 1783 et
1044 1722 1093 1783 ad
1117 1720 1249 1783 inferos
1273 1734 1415 1802 gressus
1439 1722 1515 1783 eius
1538 1724 1739 1801 penetrant.
1764 1719 1835 1783 Per

499 1829 661 1891 semitam
688 1829 758 1891 vite
781 1846 851 1889 non
874 1829 1067 1900 ambulant,
1092 1829 1173 1909 vagi
1198 1832 1280 1889 sunt
1302 1841 1445 1909 gressus
1469 1830 1545 1890 eius
1581 1831 1617 1890 et
1643 1828 1832 1908 investiga·

498 1935 589 1997 biles
609 1958 623 1991 »
637 1933 658 1997 ¹.
672 1967 714 1977 —
727 1935 775 1997 Et
797 1939 880 2015 post
902 1954 1020 2015 pauca
1037 1955 1044 1996 :
1071 1952 1087 1985 ι
1107 1934 1161 1996 Sit
1176 1955 1268 1997 vena
1283 1937 1344 1997 tua
1360 1936 1552 1997 benedicta
1568 1938 1604 1998 et
1618 1936 1734 1998 letare
1751 1953 1832 1996 cum

499 2042 647 2104 muliere
670 2042 919 2105 adolescencie
933 2046 994 2104 tue
1010 2062 1017 2105 ε
1044 2061 1151 2104 cerva
1175 2043 1376 2121 gratissima
1393 2045 1429 2104 et
1443 2042 1664 2123 gratissimus
1680 2042 1831 2123 ynulus:

499 2151 613 2211 ubera
636 2150 712 2211 eius
734 2150 913 2212 inebrient
935 2154 972 2212 te
995 2150 1091 2211 omni
1114 2153 1276 2229 tempore
1294 2152 1331 2211 et
1352 2150 1389 2210 in
1413 2168 1535 2211 amore
1558 2150 1634 2211 eius
1651 2149 1834 2211 delectare

499 2257 636 2337 iugiter.
672 2256 792 2342 Quare
816 2257 1008 2328 seduceris,
1033 2257 1086 2317 iili
1108 2257 1166 2328 mi.
1191 2258 1237 2319 ab
1263 2258 1380 2317 aliena
1405 2260 1441 2318 et
1463 2254 1596 2319 foveris
1620 2257 1656 2317 in
1680 2256 1761 2317 sinu
1783 2255 1831 2316 al·

498 2364 640 2427 terius?
657 2364 703 2425 »².
714 2396 756 2405 -
769 2364 885 2449 Quam
908 2367 1034 2443 aperte
1049 2364 1206 2425 insinuat
1228 2382 1268 2425 se
1284 2363 1330 2425 de
1346 2364 1482 2425 carnali
1499 2365 1618 2425 scorto
1635 2381 1706 2424 non
1721 2363 1829 2442 loqui,

498 2472 568 2533 nisi
592 2472 670 2551 quis
694 2471 824 2533 dixerit
848 2490 919 2533 non
940 2470 1134 2551 prohibere
1157 2471 1391 2543 meretricem,
1417 2489 1487 2549 que
1510 2473 1573 2532 aut
1600 2472 1722 2551 guttur
1756 2469 1832 2531 niti·

500 2578 584 2640 dum
619 2598 690 2640 non
725 2577 842 2651 habet,
872 2580 934 2639 aut
967 2577 1085 2640 defert
1120 2597 1201 2639 eum
1233 2578 1400 2639 velatum.
1436 2576 1628 2656 Numquid,
1665 2578 1750 2656 quia
1786 2576 1833 2637 ad

499 2703 658 2749 amorem
681 2687 839 2748 mulieris
869 2686 1117 2748 adolescencie
1155 2703 1220 2747 sue
1254 2703 1335 2746 eum
1365 2685 1571 2755 inflammat,
1595 2682 1764 2764 prohibet
1786 2683 1832 2745 ad

500 2794 649 2873 nupcias
673 2793 850 2854 secundas
874 2792 1028 2854 transire
1052 2796 1088 2854 et
1111 2812 1182 2854 non
1205 2793 1329 2873 pocius
1353 2794 1460 2853 vocat
1481 2791 1579 2853 illam
1603 2792 1830 2870 sapiendam,

500 2918 608 2979 quam
642 2900 814 2962 Dominus
860 2899 1079 2979 postulatam
1122 2899 1366 2961 manifestavit
1404 2898 1530 2969 eidem,
1569 2899 1662 2960 sicut
1701 2898 1831 2959 tercius

500 3006 563 3069 Re
579 3020 684 3088 gum
722 3008 814 3070 liber
838 3005 1075 3068 decantat?³.

452 3104 482 3168 7·
608 3113 702 3195 Lego
724 3114 820 3176 idem
838 3116 876 3175 in
903 3114 1094 3192 capitulo
1118 3115 1249 3185 sexto,
1268 3112 1494 3174 ubidicitur:
1527 3110 1753 3182 «Conserva
1781 3109 1832 3171 tili

501 3223 558 3293 mi,
575 3225 748 3301 precepta
770 3221 885 3301 patris
901 3221 962 3291 tui,
980 3223 1017 3281 et
1033 3237 1079 3281 ne
1094 3220 1254 3281 dimittas
1270 3220 1383 3299 legem
1399 3219 1524 3279 matris
1542 3223 1612 3281 tue.
1636 3216 1723 3298 Liga
1739 3236 1783 3279 ea
1796 3218 1831 3277 in

500 3328 610 3390 corde
634 3332 695 3390 tuo
718 3329 854 3409 iugiter,
880 3331 916 3389 et
940 3327 1113 3389 circunda
1136 3327 1269 3406 gutturi
1292 3330 1364 3388 tuo.
1382 3325 1470 3387 Cum
1487 3326 1738 3395 ambulaveris.
1757 3338 1830 3405 gra·

500 3435 621 3498 diatur
650 3438 777 3508 tecum,
812 3454 892 3497 cum
922 3434 1111 3496 dormieris
1136 3434 1315 3495 custodiat
1346 3434 1390 3505 te,
1428 3436 1463 3494 et
1493 3433 1663 3512 evigilans
1685 3433 1830 3511 loquere

500 3562 580 3605 cum
596 3544 647 3604 eis
667 3540 714 3604 »4.
725 3576 764 3583 -
781 3541 829 3603 Et
841 3543 1030 3621 sequitur⁸
1046 3561 1054 3603 :
1082 3559 1096 3593 c
1118 3543 1190 3603 ...ut
1204 3540 1409 3602 custodiant
1424 3542 1461 3600 te
1475 3557 1498 3599 a
1513 3540 1661 3600 muliere
1676 3539 1779 3609 mala,
1796 3540 1831 3598 et

500 3669 522 3712 a
544 3650 679 3712 blanda
701 3651 821 3730 lingua
855 3652 1032 3711 extranee.
1069 3648 1148 3710 Nou
1181 3647 1412 3726 concupiscat
1450 3646 1729 3725 pulcritudinem
1757 3646 1829 3706 eius

500 3776 563 3819 cor
595 3749 702 3830 tuum,
736 3776 781 3817 ne
812 3756 967 3835 capiaris
997 3756 1142 3817 nutibus
1166 3755 1269 3815 illius.
1320 3752 1485 3815 Precium
1509 3754 1602 3814 enim
1642 3753 1752 3814 scorti
1773 3752 1830 3811 vix

498 3866 603 3927 unius
637 3866 691 3926 est
725 3864 853 3943 panis:
882 3863 1009 3924 mulier
1044 3864 1165 3923 autem
1198 3861 1268 3922 riri
1302 3861 1502 3940 preciosam
1537 3860 1692 3920 animam
1728 3859 1828 3938 capit.

499 3971 680 4051 Numquid
702 3973 822 4051 potest
842 3970 948 4031 homo
971 3971 1087 4049 ignem
1108 3967 1332 4030 abscondere
1355 3968 1392 4027 in
1415 3967 1494 4028 sinu
1518 3985 1591 4038 suo,
1609 3971 1644 4027 et
1667 3969 1707 4028 ut
1729 3965 1829 4028 vesti·

500 4083 620 4141 menta
643 4078 737 4139 illius
760 4096 832 4138 non
855 4077 1036 4138 ardeant?
1066 4079 1129 4137 aut
1164 4074 1348 4137 ambulare
1383 4091 1491 4152 super
1525 4092 1659 4153 prunas
1694 4075 1730 4134 et
1763 4090 1829 4133 non

501 4187 754 4248 comburentur
776 4185 899 4264 plante
923 4183 1027 4245 eius?
1051 4181 1119 4256 Sic,
1146 4183 1208 4261 qui
1231 4181 1427 4262 ingreditur
1458 4179 1508 4241 ad
1542 4180 1725 4242 mulierem
1753 4196 1828 4259 pro·

294 4278 324 4340 Β
341 4277 413 4339 52¹⁰
499 4294 585 4355 ximi
608 4294 662 4355 sui
686 4311 756 4353 non
781 4293 848 4353 erit
870 4290 1034 4357 mundus.
1060 4309 1141 4352 cum
1164 4290 1319 4368 tetigerit
1336 4278 1350 4370 ΙΙ
1377 4305 1465 4349 eam.
1506 4286 1584 4347 Non
1612 4287 1757 4367 grandis
1778 4287 1830 4346 est

503 4401 609 4480 culpa
625 4419 705 4462 cum
722 4401 801 4479 quis
817 4397 956 4460 furatus
972 4397 1100 4459 tuerit:
1126 4397 1267 4457 furatur
1284 4396 1386 4466 enim,
1404 4396 1443 4456 ut
1458 4394 1672 4455 esurientem
1688 4393 1829 4473 impleat

502 4596 713 4607 ———

606 4780 638 4840 a)
664 4802 689 4811 -
710 4776 744 4829 ut
764 4776 938 4828 custodiant
957 4776 988 4827 te
1007 4789 1025 4827 a
1043 4774 1174 4827 muliere
1192 4774 1273 4826 mala
1292 4774 1324 4826 et
1342 4788 1360 4825 a
1378 4772 1493 4825 blanda
1511 4772 1615 4839 lingua
1634 4772 1826 4825 extranee...

607 4953 628 5020 ¹)
648 4954 692 5007 Ct.
712 4954 865 5016 Proverb,
883 4952 919 5017 V,
938 4953 993 5006 to.

608 5041 628 5107 ⁷)
647 5044 734 5107 Ibid,
753 5042 845 5096 18-20.

606 5130 626 5196 ⁸)
646 5131 691 5186 cf.
710 5132 753 5184 111
770 5132 853 5200 Reg„
872 5141 914 5183 111.

605 5219 627 5284 ⁴)
647 5220 690 5273 Ct.
711 5221 866 5283 Proverb„
884 5220 934 5284 VI,
953 5220 1046 5274 20-22.
