4300 6117
442 888 512 954 398
950 899 1112 956 LucuLA
1135 898 1277 959 NOCTIS

439 1125 591 1203 prolem,
615 1142 686 1186 non
710 1142 753 1186 ex
775 1125 878 1204 prole
900 1127 1041 1204 patrem
1062 1124 1221 1203 prodire.
1242 1123 1309 1186 Est
1322 1142 1450 1205 nempe
1471 1125 1509 1187 in
1531 1136 1640 1205 regno
1662 1125 1782 1186 anime

444 1250 508 1292 rex
530 1231 732 1293 intellectus
756 1234 792 1293 et
813 1231 936 1311 regina
957 1231 1145 1294 voluntas:
1187 1230 1254 1293 hec
1285 1231 1362 1293 sine
1385 1231 1464 1294 viro
1486 1249 1558 1294 non
1587 1231 1693 1312 parit,
1719 1232 1783 1311 qui

341 1336 346 1347 '
440 1338 583 1417 absque
609 1340 775 1400 consorte
797 1338 1019 1419 intelligendi
1042 1339 1151 1419 gignit
1174 1341 1294 1401 actum
1324 1342 1462 1400 rectum
1492 1338 1783 1418 obliquumque...

444 1443 514 1506 Hic
537 1445 640 1516 enim,
665 1446 706 1506 ut
727 1445 792 1520 vir,
817 1446 961 1508 detecto
985 1446 1114 1525 capite,
1140 1448 1227 1518 erat,
1253 1449 1289 1509 et
1321 1449 1648 1525 quantumcumque
1670 1464 1782 1507 uxore

440 1551 595 1623 volente,
620 1551 772 1614 assentit
792 1553 887 1614 veris
908 1553 1169 1632 apparentibus
1198 1553 1276 1625 sibi,
1312 1552 1405 1615 liber
1437 1553 1680 1632 ingenuusque
1707 1569 1782 1613 ma·

440 1659 544 1720 ritus.
591 1657 668 1721 Hec
690 1677 787 1730 vero,
814 1658 956 1720 Domini
988 1659 1096 1732 iussu,
1128 1660 1194 1721 sub
1229 1659 1296 1721 viri
1329 1661 1510 1740 potestate
1544 1658 1748 1740 proscripta
1759 1655 1781 1730 ¹,

440 1783 603 1828 amorem
626 1766 731 1846 parit,
757 1766 823 1827 sed
845 1784 961 1845 neque
992 1767 1185 1845 concipere
1218 1768 1347 1845 potest,
1377 1767 1457 1828 viro
1488 1784 1560 1829 non
1594 1767 1694 1846 prius
1726 1783 1783 1828 se-

445 1876 555 1934 rente.
602 1870 685 1934 Fuit
719 1873 835 1952 primo
873 1871 1105 1935 inficiendum
1142 1873 1250 1954 igitur
1286 1891 1417 1946 semen,
1442 1876 1482 1934 ut
1519 1875 1714 1952 conceptus
1744 1875 1783 1934 et

424 1977 541 2053 'fetus
560 1980 714 2042 viciosns
737 1979 876 2042 veniret
898 1980 948 2040 ad
971 1982 1098 2041 ortum.
1146 1978 1314 2041 Primitus
1339 1990 1423 2059 ergo
1445 1999 1531 2060 pars
1552 1983 1606 2041 est
1622 1980 1782 2042 intellec·

441 2089 502 2149 tus
526 2087 710 2160 armanda,
736 2090 772 2148 et
793 2105 858 2148 arx
880 2085 1019 2149 fabrice
1042 2087 1236 2149 munienda
1259 2086 1413 2149 humane
1426 2089 1475 2160 ut,
1493 2087 1545 2148 sic
1565 2087 1781 2149 veritatibus

441 2195 609 2265 munitus,
634 2194 749 2274 possit
771 2193 886 2266 homo,
911 2194 995 2257 licet
1018 2213 1089 2255 non
1113 2195 1218 2256 sine²
1240 2194 1441 2275 vigiliarum
1463 2195 1589 2257 labore
1620 2194 1657 2255 in
1679 2196 1782 2256 tanto

440 2302 539 2364 bello
563 2302 759 2365 consistere
789 2304 898 2364 tutus.
932 2338 973 2348 -
1005 2299 1264 2382 Undecumque
1298 2305 1419 2364 autem
1451 2301 1519 2364 hoc
1555 2301 1694 2382 venerit
1716 2298 1782 2361 Ci-

442 2427 556 2480 cero,
580 2407 698 2472 fateor
719 2427 777 2470 me
799 2409 948 2480 nescire,
977 2409 1094 2471 libro
1129 2407 1221 2472 1110
1260 2405 1594 2480 Tusculanarum,
1634 2409 1779 2470 dicens:

447 2515 615 2578 «Natura
652 2515 822 2595 parvulos
859 2516 962 2578 dedit
998 2516 1103 2577 nobis
1141 2516 1322 2597 igniculos,
1350 2533 1439 2595 quos
1478 2516 1644 2578 celeriter
1677 2515 1780 2576 malis

319 2669 322 2673 ›
440 2624 603 2685 moribus
627 2623 925 2703 opinionibusque
948 2622 1157 2702 depravatis
1181 2623 1233 2684 sic
1262 2623 1517 2703 restringimus,
1541 2623 1780 2700 utnusquam

441 2732 573 2791 nature
607 2730 740 2791 lumine
786 2733 970 2810 appareat.
1028 2727 1120 2791 Sunt
1164 2730 1258 2791 enim
1295 2729 1443 2811 ingeniis
1477 2729 1609 2791 nostris
1643 2728 1781 2790 semina

441 2839 568 2898 innata
590 2837 770 2908 virtutum
796 2855 865 2916 que
889 2837 920 2898 si
942 2837 1153 2898 adolescere
1186 2837 1321 2907 liceret,
1346 2838 1425 2917 ipsa
1456 2855 1521 2898 nos
1554 2836 1602 2898 ad
1635 2836 1780 2898 beatam

378 2991 381 2996 .
443 2946 556 3007 vitam
579 2947 709 3006 natura
730 2945 956 3023 perduceret.
986 2942 1088 3006 Nunc
1112 2947 1242 3016 autem,
1267 2944 1371 3005 simul
1394 2947 1430 3006 et
1467 2944 1554 3007 editi
1588 2944 1625 3004 in
1663 2943 1781 3005 lucem

444 3055 481 3114 et
504 3052 663 3132 suscepti
686 3069 816 3123 sumus,
840 3052 878 3112 in
901 3051 996 3112 omni
1020 3052 1188 3113 continuo
1211 3051 1391 3131 pravitate
1415 3052 1452 3112 et
1474 3051 1511 3112 in
1544 3069 1683 3113 summa
1705 3051 1780 3129 opi·

444 3160 590 3221 nionum
612 3159 850 3238 perversitate
873 3177 1068 3230 versamur,
1094 3162 1133 3220 ut
1157 3177 1249 3238 pene
1273 3177 1354 3220 cum
1377 3159 1471 3221 lacte
1506 3159 1655 3221 nutricis
1683 3176 1780 3220 erro·

446 3285 522 3331 rem
546 3267 740 3345 sumpsisse
763 3265 980 3327 videamur»
994 3265 1015 3326 ².

398 3363 431 3426 2·
552 3372 751 3435 Evidenter
772 3373 894 3452 itaque
918 3375 1020 3454 patet
1042 3373 1166 3446 eciam,
1190 3391 1235 3435 ne
1258 3373 1383 3436 salutis
1403 3371 1621 3434 horrendum
1637 3371 1781 3451 dispen-

446 3481 544 3542 dium
567 3480 761 3551 imminere,
786 3499 858 3542 non
895 3480 977 3542 dico
1017 3480 1303 3552 defendentibus,
1328 3479 1393 3542 sed
1410 3484 1413 3493 '
1431 3480 1545 3542 eciam
1581 3478 1781 3560 legentibus

444 3588 566 3663 libros,
590 3605 656 3667 pro
679 3587 892 3649 veritatibus
916 3605 988 3648 non
1010 3587 1126 3648 solum
1149 3589 1351 3649 asserentes
1376 3605 1526 3658 errores,
1544 3586 1610 3648 sed
1634 3587 1782 3665 insuper

351 3775 354 3778 ἦ
445 3695 689 3758 colorantibns
713 3694 1087 3774 persuadentibusque
1110 3696 1220 3773 atque
1243 3693 1447 3774 sophisticis
1471 3693 1676 3756 racionibus
1698 3710 1781 3774 pro·

444 3802 613 3864 bentibus
647 3805 874 3882 apparenter.
921 3800 1161 3883 Phylosophia
1199 3805 1319 3863 autem
1352 3799 1517 3863 fabulosa
1554 3800 1592 3862 id
1631 3800 1780 3873 asserit;

444 3910 665 3990 persuadere
686 3926 773 3971 vero
796 3909 942 3970 moralis
967 3912 1126 3980 conatur,
1161 3908 1228 3970 sed
1260 3906 1434 3970 naturalis
1472 3906 1665 3988 sophistice
1697 3925 1781 3986 pro·

445 4017 518 4078 bat.
565 4015 685 4078 Prima
708 4013 861 4077 infantes
883 4033 1087 4095 puerosque
1111 4015 1227 4095 capit;
1253 4015 1540 4077 adolescentulos
1575 4017 1612 4075 et
1632 4013 1781 4076 iuvenes

444 4124 626 4187 irrretitur
648 4123 816 4195 secunda,
841 4141 966 4185 verum
989 4124 1102 4185 tercia
1139 4123 1236 4184 viros
1271 4124 1307 4184 et
1344 4139 1452 4184 senes
1491 4120 1622 4193 hamat,
1659 4120 1782 4182 hama·

445 4233 573 4310 tosque
596 4231 740 4292 tumulis
764 4220 779 4314 ΙΙ
804 4230 925 4292 tradit
974 4228 1042 4304 Sic,
1066 4230 1118 4291 sic
1142 4232 1219 4293 tota
1242 4227 1477 4310 philosophia,
1502 4229 1658 4310 dyabolo
1682 4228 1783 4290 insti·

445 4343 551 4421 gante
586 4340 740 4418 reperta,
776 4340 891 4399 totum
924 4337 1102 4400 hominem
1136 4337 1334 4417 dampnat!
1384 4335 1480 4422 Quid
1517 4338 1623 4415 putas
1648 4352 1781 4397 cause:

446 4446 613 4508 mulieres
637 4445 850 4508 decliviores
874 4445 960 4506 viris
993 4444 1042 4507 ad
1076 4445 1278 4517 errandum,
1312 4443 1596 4522 demonibusque
1630 4437 1783 4504 tamilla·

554 4897 587 4958 α)
607 4922 639 4932 -
660 4895 737 4948 sine.

555 5071 576 5139 ¹)
596 5072 640 5125 ei.
662 5073 771 5126 Gener.
790 5071 840 5135 ΙΙΙ,
860 5072 903 5126 16.

555 5159 576 5229 ⁷)
595 5163 635 5214 M.
654 5159 689 5214 T.
710 5161 773 5215 C1c.
797 5160 881 5215 Tuae.
900 5162 952 5227 111,
970 5157 988 5228 s
1008 5163 1032 5214 1.
1050 5160 1184 5230 Legtres
1202 5161 1368 5214 variantes.
