4300 6117
849 968 1037 1022 IOHANNIS
1058 967 1240 1021 DOMINICI
1666 957 1712 1020 69

379 1191 630 1253 translacionis
653 1192 809 1271 antique,
835 1192 1009 1264 terminet,
1036 1191 1178 1253 dicens:
1208 1189 1471 1270 «Metaphisica
1486 1190 1641 1251 sciencia
1658 1193 1713 1252 est

305 1358 312 1371 ,
377 1298 428 1360 ad
449 1299 663 1370 necessaria,
688 1298 727 1359 id
750 1301 805 1360 est
827 1298 876 1359 ad
898 1298 1050 1359 aliarum
1077 1298 1314 1359 scienciamm
1335 1298 1594 1358 necessitatem.
1628 1296 1712 1376 Ipsa

378 1408 433 1466 est
447 1406 563 1485 prima
577 1404 812 1485 philosophia,
830 1405 1053 1484 maximeque
1069 1405 1205 1467 scibilis
1222 1407 1286 1477 est,
1305 1404 1389 1483 quia
1405 1404 1556 1465 maxime
1571 1404 1712 1466 scibilia

377 1514 459 1573 sunt
481 1513 658 1591 principia
675 1515 711 1574 et
726 1530 851 1585 cause;
881 1514 1031 1591 propter
1052 1511 1119 1573 hec
1143 1512 1237 1573 enim
1259 1513 1295 1573 et
1319 1529 1361 1572 ex
1384 1510 1451 1572 hiis
1472 1511 1544 1572 alia
1566 1522 1711 1590 cognos-

377 1621 514 1679 cuntur.
539 1617 617 1680 Hec
640 1619 747 1698 igitur
769 1618 847 1681 sola
870 1620 1110 1680 scienciarum
1133 1618 1292 1679 liberalis
1310 1620 1382 1680 est:
1406 1618 1490 1698 quia
1506 1618 1584 1680 sola
1599 1618 1710 1697 ipsius

376 1726 497 1804 gracia
520 1728 584 1787 est.
625 1724 729 1787 Unde
751 1727 844 1787 iuste
866 1744 938 1787 non
961 1726 1117 1787 hnmana
1158 1726 1380 1787 existimatur
1402 1724 1495 1786 illius
1519 1726 1708 1805 possessio,

376 1832 441 1893 sed
464 1832 596 1894 divina.
635 1831 885 1913 Multipliciter
907 1834 1001 1894 enim
1024 1832 1182 1893 humana
1206 1834 1335 1893 natura
1358 1832 1489 1893 ancilla
1513 1834 1577 1893 est.
1612 1830 1708 1893 Deus

374 1941 495 1999 autem
531 1942 567 2000 et
590 1958 779 2002 causarum
803 1940 959 2001 omnium
998 1939 1214 2020 principium
1250 1939 1432 2018 quoddam
1457 1941 1519 2011 est,
1559 1942 1595 2001 et
1616 1939 1708 2000 hanc

375 2045 575 2118 scienciam,
600 2050 663 2108 ant
686 2047 793 2119 solu's,
818 2050 882 2109 aut
904 2047 1056 2108 maxime
1080 2042 1247 2108 habet›¹.

481 2151 540 2214 Ad
563 2153 630 2214 hoc
652 2154 800 2233 insuper
824 2154 939 2215 tendit
962 2154 1066 2215 labor
1091 2153 1256 2225 sciencie,
1291 2155 1330 2214 ut
1353 2154 1549 2232 quemlibet
1579 2152 1710 2214 reddat
1724 2154 1776 2218 12.

374 2259 552 2337 cognitum
576 2260 653 2322 sibi.
679 2259 741 2321 Ait
763 2279 892 2339 nempe
915 2258 1057 2322 Seneca
1080 2261 1117 2320 in
1141 2259 1451 2322 Proverbiis:
1478 2258 1585 2322 «Rem
1600 2259 1709 2320 maxi·

374 2383 468 2425 mam
491 2368 668 2445 promittit
691 2367 757 2428 tibi
774 2368 966 2446 sapiencia,
994 2370 1034 2429 ut
1051 2370 1086 2429 te
1101 2367 1252 2428 reducat
1268 2367 1342 2428 tibi.
1365 2365 1497 2446 Legisti
1513 2365 1707 2437 Socratem,

370 2468 559 2533 Platonem
596 2471 810 2535 familiarem
834 2475 899 2536 tibi
923 2475 1067 2536 iecisti?
1107 2472 1176 2534 Hic
1209 2474 1297 2535 dicit
1330 2473 1591 2554 philosophiam
1630 2491 1709 2535 esse

373 2577 647 2642 meditacionem
671 2581 797 2642 mortis
807 2601 818 2662 ;,
850 2582 943 2643 alter
966 2580 1252 2661 philosophando
1275 2581 1373 2653 dixit,
1399 2582 1487 2661 quid
1509 2585 1631 2662 ageret
1654 2601 1708 2643 re·

374 2685 543 2763 quisitus:
579 2686 740 2749 Addisco
765 2689 855 2750 mori
869 2708 883 2742 a
897 2687 918 2749 ².
960 2724 1000 2731 -
1042 2686 1181 2749 Scimus
1204 2689 1376 2767 profecto,
1402 2686 1586 2751 Aristotile
1611 2689 1648 2750 id
1671 2688 1708 2749 in

374 2789 560 2854 Ethica
582 2794 860 2867 demonstrante,
900 2814 1041 2856 omnem
1075 2795 1256 2856 racionem
1289 2794 1429 2874 poetice
1460 2780 1648 2875 discipline
1670 2795 1709 2856 in

373 2898 546 2960 virtutum
580 2902 789 2979 preconium
813 2903 1058 2981 viciorumque
1096 2902 1369 2963 accusacionem
1402 2904 1597 2964 consistere
1632 2904 1706 2964 uni-

373 3022 586 3086 versamque
601 3007 741 3069 illorum
757 3009 831 3069 vim
852 3009 1039 3071 obversari
1061 3009 1098 3069 in
1122 3008 1359 3070 exercitandis
1383 3007 1563 3071 hominum
1579 3010 1706 3072 animis

372 3112 423 3173 ad
444 3113 685 3176 imitacionem
709 3133 842 3187 eornm,
876 3133 966 3195 quos
991 3116 1159 3177 laudibus
1183 3116 1390 3176 extolissent
1413 3118 1449 3177 et
1472 3116 1677 3179 deterendis
1692 3122 1707 3152 ⁸

372 3220 419 3280 ab
442 3219 519 3290 hiis,
546 3238 636 3300 quos
659 3223 798 3301 pariter
820 3225 942 3302 turpes
971 3224 1081 3284 fnisse
1104 3225 1364 3284 monstrassent
1373 3220 1394 3283 ³.
1420 3260 1459 3267 -
1485 3222 1579 3286 Hinc
1601 3223 1705 3287 Maro

373 3326 534 3399 testatur,
561 3327 711 3390 dicens:

1083 3414 1203 3466 «Celsa
1223 3415 1311 3467 sedet
1329 3414 1425 3467 Eolus
1444 3430 1517 3467 arce
1532 3436 1545 3462 >

559 3518 572 3543 ‹
587 3500 717 3569 Sceptra
736 3503 856 3565 tenens,
874 3502 1035 3569 mollitque
1054 3504 1184 3567 animos,
1204 3504 1235 3556 et
1252 3505 1405 3571 temperat
1422 3504 1485 3556 iras
1502 3525 1515 3551 ›
1529 3502 1548 3555 ⁴.

480 3648 495 3679 «
514 3627 610 3714 Quid
626 3631 720 3692 enim
744 3631 870 3693 melius
895 3650 1002 3711 quam
1029 3633 1203 3693 memoria
1226 3634 1323 3693 recte
1346 3630 1532 3704 factorum,
1550 3636 1586 3695 et
1601 3633 1706 3695 liber-

370 3736 444 3796 tate
483 3738 700 3809 contentum,
725 3738 902 3818 negligere
939 3737 1128 3799 hnmana?
1148 3760 1174 3811 r,
1211 3741 1319 3818 prout
1348 3739 1474 3801 scribit
1503 3738 1705 3802 Marcus

368 3840 558 3903 Brutus
592 3841 885 3908 Ciceroni⁵z

366 4020 582 4029 *-

475 4151 508 4212 α)
529 4165 563 4195 =
582 4151 796 4203 decernendis.

475 4288 496 4354 ¹)
515 4291 617 4345 Ams'r.
637 4294 775 4360 Metaph.
794 4293 816 4358 1,
834 4295 903 4346 lect.
922 4294 966 4358 11;
985 4293 1088 4359 Didot,
1108 4310 1174 4361 cap.
1192 4304 1211 4357 1,
1232 4294 1274 4347 12.
1295 4294 1347 4347 Ad
1363 4310 1443 4347 sens.

475 4385 496 4453 ⁷)
523 4388 581 4441 Les
608 4390 778 4443 Proverbia
808 4392 848 4443 de
876 4390 1019 4458 Sdndque
1045 4393 1116 4444 sont
1141 4393 1232 4445 d'une
1260 4392 1459 4445 authenticite
1482 4393 1642 4447 douteuse.
1679 4395 1703 4447 ll
1761 4418 1769 4441 ο

368 4477 487 4530 semble
506 4492 567 4545 que
585 4494 621 4531 ce
639 4494 680 4532 ne
699 4480 759 4531 soit
778 4495 839 4546 que
858 4481 914 4533 des
934 4482 1065 4534 extraits
1085 4482 1124 4535 de
1143 4496 1192 4534 ses
1216 4483 1322 4534 autres
1341 4490 1501 4550 ouvrages.
1526 4483 1574 4535 Au
1589 4484 1704 4551 Moyen
1810 4472 1816 4483 ⁸

367 4566 440 4634 Age,
458 4568 497 4618 ils
515 4568 641 4620 avaient
659 4569 709 4621 ete
728 4568 786 4621 mis
805 4584 845 4621 en
863 4584 935 4621 vers
961 4585 1019 4636 par
1039 4570 1204 4623 Eberhard
1223 4573 1263 4623 de
1281 4571 1431 4634 Bethnne,
1448 4585 1521 4624 vers
1545 4572 1623 4625 112⁰.
1658 4572 1702 4625 cf.

364 4656 544 4718 FABRICIUS,
561 4657 639 4709 Bibl.
654 4658 704 4709 lat.
722 4658 758 4721 11,
776 4658 830 4710 lib.
849 4658 884 4722 11,
903 4674 969 4725 cap.
988 4669 1031 4723 1x,
1053 4659 1211 4727 Supposili
1229 4660 1375 4722 Senecam
1392 4662 1427 4713 Β.
1441 4676 1478 4712 m.
1491 4676 1536 4713 ae.
1549 4662 1584 4725 11,
1600 4677 1629 4729 p.
1641 4661 1703 4714 486.

366 4744 455 4798 Cette
473 4745 607 4797 maxime
625 4760 658 4799 se
677 4747 788 4800 trouve
806 4748 888 4800 aussi
907 4748 988 4799 dans
1007 4748 1162 4811 Macron..
1180 4747 1280 4802 Somn.
1301 4749 1380 4817 Selp.
1399 4749 1421 4813 1,
1440 4760 1503 4802 xm.
1532 4751 1576 4802 La
1594 4752 1703 4817 parole

364 4834 406 4886 de
424 4834 536 4886 Platon
554 4836 602 4887 est
621 4835 700 4888 liree
718 4837 761 4888 du
778 4833 911 4900 Phe'don,
930 4836 1000 4899 ΧΙΙς
1020 4837 1088 4888 Did.
1107 4838 1130 4899 1,
1148 4838 1190 4890 52.

473 4919 494 4989 ³)
514 4922 559 4976 Cl.
577 4924 680 4976 ARIST.
707 4925 790 4978 Poet.
809 4925 831 4985 1,
850 4935 892 4977 Ν.
929 4925 960 4978 C.
984 4926 1114 4979 Salutati
1137 4926 1205 4979 iera
1223 4943 1266 4980 un
1290 4926 1435 4994 frequent
1452 4936 1545 4996 usage
1561 4929 1603 4981 'de
1621 4930 1702 4982 cette

364 5009 556 5064 declaration
583 5012 625 5066 du
644 5014 840 5080 Philosophe,
865 5015 933 5066 tant
957 5015 1036 5067 dans
1067 5030 1101 5067 sa
1127 5016 1260 5082 reponse
1285 5015 1409 5069 aGiov.
1434 5018 1474 5069 da
1492 5017 1700 5082 Samminiato,

364 5099 564 5167 Epistolarto,
582 5102 682 5155 1v-IP.
701 5118 731 5169 p.
751 5103 811 5165 197,
829 5118 890 5169 que
909 5105 987 5156 dans
1007 5104 1087 5157 celle
1105 5103 1124 5156 a
1142 5104 1302 5168 Dominici,
1320 5106 1391 5158 ibid.
1411 5122 1440 5173 p.
1459 5106 1521 5159 231.

472 5187 495 5255 ⁴)
514 5190 635 5243 VIRGIL.
654 5192 739 5255 Aera,
757 5192 779 5244 1.
793 5192 836 5254 56,
855 5193 900 5244 57.

472 5274 493 5344 ⁵)
512 5279 557 5333 ef.
577 5280 639 5333 Cle.
657 5282 746 5334 Brut.
767 5283 853 5347 epist.
872 5283 915 5334 ad
934 5281 1029 5335 Cicer.
1047 5283 1147 5350 Epist.
1166 5283 1243 5336 XVI.
