4300 6117
840 951 1027 1006 IOHANNIS
1049 951 1232 1007 DOMINICI
1646 940 1711 1006 139

371 1177 407 1236 te
431 1172 552 1247 facito,
576 1193 695 1256 ymmo
718 1175 859 1236 illorum
883 1175 1068 1247 nutricem,
1099 1194 1249 1255 quorum
1280 1178 1336 1238 est
1360 1188 1507 1256 regnum
1542 1176 1709 1250 celorum,

371 1299 416 1343 ne
438 1282 557 1361 ipsum
579 1281 626 1343 ab
649 1281 702 1343 eis
726 1281 880 1362 eripiant
903 1283 1020 1362 poete,
1045 1283 1166 1361 plures
1189 1283 1278 1345 deos
1301 1284 1534 1362 facinoraque
1554 1282 1711 1344 nefanda

371 1406 452 1449 cum
472 1389 566 1450 lacte
590 1387 795 1450 traicientes
819 1389 856 1450 in
879 1389 978 1463 illos;
1004 1391 1171 1468 tuncque,
1196 1389 1313 1451 solido
1338 1390 1419 1451 cibo
1441 1389 1539 1451 docti
1568 1391 1604 1451 et
1627 1390 1711 1451 doc·

371 1477 465 1539 trina
487 1477 606 1539 vitalis
630 1478 733 1556 panis
767 1478 901 1549 nutriti,
938 1477 1059 1540 herbis
1094 1480 1264 1557 poterunt
1297 1479 1396 1540 vesci
1431 1479 1492 1558 qui
1525 1478 1656 1550 volent,
1681 1478 1712 1540 si

370 1584 566 1646 credantur
587 1584 720 1645 homini
743 1585 780 1645 in
802 1585 974 1664 paradiso
998 1602 1176 1647 concesse.

458 1690 742 1771 Disgressionem
765 1689 844 1764 feci,
869 1709 940 1754 non
963 1692 1151 1754 intendens
1176 1692 1292 1754 eidem
1324 1694 1360 1754 et
1387 1692 1485 1754 volui
1512 1691 1710 1753 similitudi·
1725 1688 1756 1752 8.

370 1815 452 1858 nem
474 1815 546 1859 non
569 1797 769 1870 admittere,
794 1816 864 1877 que
888 1799 955 1860 fuit
978 1799 1130 1860 obiecta.
1155 1797 1265 1860 Aliud
1287 1799 1381 1861 enim
1404 1801 1458 1861 est
1475 1799 1523 1860 ad
1542 1798 1711 1861 liberales

371 1906 468 1966 artes
498 1905 662 1977 transire,
690 1905 766 1966 sine
803 1905 933 1984 quibus
964 1903 1120 1967 humana
1158 1906 1312 1967 societas
1343 1906 1435 1968 bene
1456 1895 1470 1988 ΙΙ
1505 1905 1711 1967 conservari
1800 1901 1915 1964 L44¹0

371 2028 443 2073 non
466 2014 595 2090 potest,
618 2012 711 2074 sicut
733 2014 817 2074 sunt
840 2013 1047 2092 gramatica,
1064 2013 1289 2074 arismetrica
1311 2014 1347 2074 et
1370 2013 1516 2083 musica,
1536 2015 1599 2074 aut
1614 2015 1711 2073 artes

371 2116 585 2188 mechanice,
610 2120 647 2180 et
669 2119 768 2180 aliud
791 2121 846 2181 est
868 2119 987 2199 legere
1011 2119 1154 2182 codices
1188 2120 1279 2189 illos,
1314 2120 1375 2198 qui
1399 2118 1435 2181 fa
1459 2112 1499 2199 [1]
1522 2138 1599 2181 sam
1631 2119 1712 2181 reli·

371 2225 509 2304 gionem
533 2226 673 2298 docent,
698 2225 958 2298 commendant,
985 2229 1020 2288 et
1042 2224 1207 2289 fortassis
1228 2245 1314 2288 vere
1337 2225 1523 2306 preferunt
1554 2227 1630 2288 sive
1658 2244 1713 2287 re·

371 2331 509 2394 sistunt.
536 2331 591 2395 Ibi
614 2333 716 2402 enim,
742 2333 832 2395 etsi
866 2351 937 2395 non
972 2333 1185 2412 predicatur
1205 2332 1309 2406 fides,
1341 2336 1460 2395 tamen
1485 2352 1556 2394 non
1579 2335 1713 2413 impug-

371 2441 486 2509 natur,
522 2442 559 2501 et
592 2440 631 2501 id
665 2440 763 2519 quod
796 2441 995 2519 acquiritur
1033 2444 1198 2503 moratur
1233 2459 1314 2502 cum
1337 2441 1421 2503 fide.
1455 2439 1525 2502 Hic
1548 2458 1635 2502 vero
1670 2457 1714 2501 ea
1746 2438 1748 2443 ’

372 2545 572 2619 traduntur,
598 2564 667 2625 que
691 2547 834 2608 suntin
859 2547 992 2609 cortice
1016 2545 1121 2619 falsa,
1146 2565 1299 2626 quorum
1319 2548 1475 2610 latencia
1491 2565 1577 2609 vera
1592 2547 1713 2627 pueris

371 2670 442 2715 non
465 2653 693 2715 deducuntur
714 2654 765 2715 ad
788 2656 903 2715 extra.

460 2759 611 2822 Possum
638 2779 705 2840 per
738 2760 829 2822 alias
862 2761 1060 2840 particulas
1091 2761 1247 2840 idipsum
1278 2763 1490 2824 monstrare.
1544 2759 1637 2821 Nam
1663 2760 1713 2820 in·

372 2868 571 2929 tencionem
608 2885 725 2946 neque
763 2866 978 2946 philosophi,
1016 2885 1133 2947 neque
1170 2871 1287 2948 poete,
1328 2885 1443 2946 neque
1475 2867 1539 2928 ulli
1566 2867 1714 2948 gentiles

372 2973 527 3054 dirigunt
549 2973 599 3034 ad
625 2972 791 3054 Xpistum
824 2974 1037 3048 amandum,
1079 2975 1156 3036 eius
1192 2993 1352 3036 amorem
1379 2993 1449 3036 non
1476 2977 1616 3044 norunt,
1652 2974 1714 3053 qui

373 3080 590 3161 diligendum
611 3081 796 3161 ignorant;
823 3082 884 3160 qui
909 3098 981 3142 non
1005 3080 1155 3143 aderent
1178 3080 1316 3161 Xpisto,
1339 3099 1362 3142 a
1384 3080 1512 3160 Xpisto
1528 3081 1713 3143 revellunt·

372 3186 445 3249 Aut
467 3187 646 3266 quomodo
669 3186 787 3267 Xpisti
818 3187 997 3249 iusticiam
1024 3190 1195 3267 poterunt
1222 3188 1384 3261 edocere,
1410 3189 1472 3267 qui
1500 3187 1614 3250 solum
1644 3189 1715 3248 vir·

371 3295 486 3356 tutum
509 3294 712 3355 habuerunt
737 3295 954 3374 ymaginem,
982 3295 1012 3356 si
1050 3295 1111 3374 qui
1146 3312 1269 3356 eorum
1295 3295 1413 3357 minus
1440 3295 1526 3356 mali
1549 3313 1634 3356 vere
1657 3295 1715 3357 vel

371 3400 463 3462 falso
496 3401 647 3463 virtuosi
683 3401 869 3481 predicati
905 3398 1079 3462 fuerunt?
1124 3397 1286 3463 Tandem
1323 3402 1354 3463 si
1393 3402 1555 3481 exempla
1596 3400 1715 3480 Xpisti

372 3506 578 3587 Xpistianos
612 3509 778 3569 convenit
811 3507 967 3579 imitari,
1004 3508 1188 3587 querenda
1223 3526 1295 3569 non
1329 3512 1411 3571 sunt
1444 3510 1492 3570 ab
1527 3509 1612 3579 illis,
1653 3507 1714 3588 qui

371 3616 476 3677 vacui
498 3617 580 3676 sunt
601 3615 662 3677 eis.
688 3611 751 3676 Set
774 3614 820 3676 de
858 3614 937 3686 hiis,
964 3617 1004 3676 ut
1039 3632 1132 3685 reor,
1169 3613 1392 3676 diffusiorem
1422 3615 1516 3676 infra
1548 3615 1714 3677 tractabo

371 3739 591 3794 sermonem;
616 3724 671 3783 set
693 3721 751 3783 hic
772 3739 840 3806 pro
877 3722 1014 3783 cunctis
1049 3722 1223 3793 dicendis,
1260 3722 1418 3783 sufficiat
1456 3721 1714 3784 determinacio

372 3827 549 3890 Aurelii
569 3827 816 3909 Augustini
840 3828 1014 3890 deaurate
1038 3829 1248 3890 scribentis:
1268 3827 1375 3891 ‹Non
1392 3830 1447 3890 est
1461 3829 1584 3909 religio
1599 3847 1622 3889 a
1637 3828 1713 3908 phi·

370 3935 529 4014 losophis
553 3935 747 4014 querenda,
772 3935 833 4014 qni
858 3934 985 3996 eadem
1008 3953 1113 3996 sacra
1136 3935 1361 4014 recipiebant
1394 3953 1475 3996 cum
1499 3936 1651 4014 populis,
1677 3938 1713 3997 et

372 4042 418 4104 de
442 4059 587 4104 suorum
620 4042 769 4104 deorum
804 4044 936 4103 natura
969 4059 1012 4102 ac
1035 4030 1050 4123 ll
1075 4059 1213 4102 summo
1244 4042 1339 4104 bono
1374 4041 1537 4103 diversas
1573 4044 1712 4104 contra·
1798 4049 1828 4110 Β
1844 4048 1916 4112 30¹0

372 4149 517 4228 riasque
549 4149 749 4211 sentencias
779 4149 817 4209 in
848 4147 954 4209 scolis
975 4147 1141 4230 probant,
1166 4147 1274 4209 ethii
1296 4148 1449 4209 maxime
1474 4149 1510 4209 in
1533 4149 1711 4229 gigniasiis

372 4254 641 4336 Xpistianorum
663 4255 838 4336 leguntur,
865 4254 963 4334 quod
986 4255 1162 4316 sustinere
1185 4273 1256 4317 non
1278 4273 1424 4335 possum
1440 4275 1455 4308 ›
1470 4251 1491 4315 ¹.

461 4361 606 4423 Iamhic
626 4363 708 4426 dico
731 4360 1054 4441 philosophiam,
1080 4378 1145 4422 seu
1169 4361 1386 4422 seculares
1411 4361 1591 4423 litteras
1610 4379 1709 4430 voco,
1724 4369 1755 4434 9,

373 4487 463 4548 quas
473 4467 615 4530 Etbnici
628 4469 703 4531 sive
713 4468 893 4530 seculares
907 4467 1068 4529 homines
1080 4469 1119 4528 ut
1130 4469 1365 4530 communiter
1374 4467 1552 4530 invenisse
1563 4467 1711 4529 credun·

373 4577 440 4637 tnr.
465 4573 579 4647 Hanc,
603 4577 730 4638 autore
750 4573 991 4648 varrone2,
1016 4573 1279 4652 quadrifariam
1302 4573 1511 4645 diviserunt,
1527 4573 1712 4646 videlicet:

373 4681 741 4753 inracionalem,
765 4680 1009 4751 moralem,
1034 4678 1713 4742 naturalemetdivinam.-Ad

373 4789 670 4851 racionalem
691 4789 876 4869 pertinere
897 4787 1089 4848 voluerunt
1109 4786 1347 4868 dyalecticam
1381 4790 1592 4865 ceterasque
1615 4788 1712 4847 artes

484 5119 504 5187 ¹)
523 5121 646 5176 Mne.
668 5123 715 5175 De
735 5122 820 5176 civit.
838 5123 906 5186 Del,
925 5123 974 5188 IV,
982 5131 1072 5176 xxxi.
1092 5120 1144 5174 Ad
1160 5137 1240 5174 sens.
1258 5121 1294 5174 In
1308 5120 1400 5188 Oper.
1420 5121 1443 5173 t.
1459 5120 1522 5185 vn,
1542 5120 1671 5174 lamas.

488 5208 509 5277 ¹)
528 5210 572 5265 Cf.
590 5212 644 5276 ln,
663 5212 732 5265 ibid.
751 5211 801 5275 Vl,
820 5221 851 5264 v.
