4300 6117
440 941 483 1004 78
947 953 1107 1006 LUCULA
1128 952 1267 1006 NOCTIS

437 1173 601 1252 cipaliier
625 1174 670 1236 de
695 1174 813 1245 Iacob,
838 1193 909 1236 non
933 1179 1051 1236 tamen
1070 1175 1177 1236 docet
1199 1178 1314 1236 artem
1335 1176 1401 1238 sed
1415 1175 1559 1248 iactum,
1584 1179 1687 1256 quasi
1702 1197 1769 1256 pro

436 1281 588 1342 minimis
612 1282 660 1342 ad
683 1281 883 1343 naturalem
917 1281 1229 1361 investigarionem
1263 1283 1456 1355 remittens,
1489 1301 1597 1363 quam
1630 1284 1769 1363 plenius

438 1389 566 1448 ceteris
590 1387 802 1450 Aristoteles
846 1390 882 1448 et
905 1401 1052 1468 magnus
1090 1391 1213 1450 noster
1241 1388 1435 1450 Albertus¹
1465 1390 1619 1452 humano
1649 1393 1770 1471 generi

436 1495 616 1556 insinuare
641 1497 821 1556 curarunt.
862 1492 977 1578 Quam
1001 1496 1245 1556 necessarium
1276 1497 1324 1556 sit
1346 1497 1568 1574 capiencium
1592 1498 1770 1560 silvestria

436 1600 595 1662 officium
618 1619 685 1681 pro
708 1601 895 1662 medendis
918 1602 1182 1680 pascendisque
1199 1602 1329 1682 egrotis
1354 1605 1390 1663 et
1409 1604 1517 1674 sanis,
1541 1621 1680 1665 necnon
1702 1624 1768 1683 pro

437 1709 537 1767 varia
561 1709 782 1788 supellectili,
820 1727 924 1769 nemo
947 1710 1107 1787 prudeus
1145 1709 1301 1788 ignorat!
1341 1708 1434 1771 Huic
1468 1729 1555 1772 saue
1589 1711 1769 1772 hominnm

437 1815 531 1876 cetui
555 1818 755 1895 temporum
778 1815 954 1878 situumve
986 1819 1095 1894 atque
1129 1817 1375 1877 condicionem
1403 1819 1599 1890 ventorum,
1639 1819 1769 1896 quibus

436 1922 620 2001 capiendis
644 1923 821 1991 insistunt,
846 1926 902 1983 esi
925 1923 1072 1982 nimium
1096 1923 1299 1984 maritanda
1329 1925 1471 1995 noticia,
1497 1942 1542 1984 ne
1565 1915 1579 2007 11
1605 1925 1770 1986 laborent

435 2029 472 2089 in
487 2046 627 2100 vanum,
652 2030 718 2091 sed
738 2031 899 2107 tempore
916 2029 1073 2090 breviori
1089 2033 1330 2108 assequantur
1346 2040 1430 2108 que²
1446 2032 1603 2110 cupiunt,
1620 2030 1769 2092 trustra·

435 2153 506 2213 que
529 2154 599 2195 non
622 2133 712 2196 fiaib
728 2135 925 2214 perplura,
952 2137 1050 2214 quod
1066 2154 1158 2215 eque
1174 2137 1266 2197 bene
1282 2138 1341 2197 vel
1362 2138 1489 2198 melius
1511 2156 1578 2216 per
1597 2139 1770 2217 pauciora

434 2245 553 2320 potest
568 2242 694 2303 haberi
711 2245 776 2304 etc.
795 2242 953 2321 Nempec
968 2241 1084 2304 fertur
1100 2246 1200 2304 vates
1218 2243 1347 2305 nobilis
1363 2242 1591 2316 Mantuanus,
1609 2246 1640 2306 si
1656 2244 1769 2306 credi·

434 2367 512 2410 mus
524 2347 751 2420 Helinando²,
768 2350 1010 2429 interrogasse
1025 2348 1247 2421 Marcellum,
1265 2368 1348 2410 cum
1364 2351 1769 2430 depopulacioniavium

434 2457 655 2517 incessanter
678 2475 825 2535 operam
849 2458 962 2528 daret,
1003 2474 1050 2516 an
1073 2457 1196 2517 mallet
1231 2475 1334 2518 avem
1357 2458 1485 2518 instrui
1522 2459 1559 2518 in
1582 2462 1770 2538 capturam

433 2563 561 2634 avium,
596 2581 642 2623 an
666 2581 825 2624 muscam
847 2562 995 2624 formari
1019 2565 1056 2623 in
1080 2565 1418 2625 exterminacionem
1440 2583 1655 2626 muscarum.
1696 2564 1769 2628 Sed

435 2687 515 2729 cum
549 2669 635 2747 quid
670 2672 854 2749 oporteret
888 2670 936 2731 ad
971 2670 1187 2731 avunculum
1230 2671 1410 2732 retulisset
1443 2671 1650 2752 Augustum,
1692 2674 1769 2733 eius

437 2899 650 2911 ———-

539 3086 571 3145 a)
591 3099 624 3128 z:
646 3083 736 3148 quod.
773 3083 805 3146 b)
825 3099 858 3128 z
877 3081 960 3134 tacit.
998 3086 1027 3145 c)
1044 3098 1080 3128 =
1096 3096 1241 3149 namque.

541 3249 561 3316 ¹)
581 3253 715 3303 ALBERT.
734 3251 840 3302 ΜΔῦΝ.
857 3254 893 3303 In
912 3253 1007 3303 libros
1024 3252 1133 3303 XXVI
1140 3251 1318 3304 Aristotelis
1337 3253 1375 3304 de
1393 3252 1584 3305 anirnaltbas.
1604 3252 1660 3303 Ed.
1673 3252 1768 3305 Vives

431 3337 465 3392 T.
483 3341 533 3404 XI,
552 3341 615 3392 XII.
636 3341 680 3394 ef.
699 3341 819 3404 BUHLE,
836 3343 883 3393 De
897 3338 1039 3404 sontibus
1064 3343 1143 3393 unde
1161 3340 1308 3392 Albertus
1327 3341 1460 3408 Magnus
1479 3341 1566 3393 itbris
1583 3341 1691 3393 XXVI
1703 3345 1768 3394 ant·

432 3431 555 3482 maltum
581 3433 740 3483 materiam
765 3431 903 3482 hauserit
927 3428 1220 3492 (commentationes
1247 3428 1407 3482 Societatis
1434 3430 1539 3497 regiae
1570 3429 1768 3483 scientiarum

432 3518 651 3587 Gottiugensis,
670 3519 730 3572 vol.
749 3519 805 3570 XII
825 3514 957 3585 [1793·4],
976 3534 1005 3585 p.
1024 3517 1145 3581 94-115).

540 3605 561 3672 ¹²)
579 3606 742 3671 Heltnand,
764 3607 902 3660 flamand
921 3607 1077 3675 d'origine,
1103 3607 1179 3660 mais
1197 3607 1237 3659 ne
1256 3621 1296 3659 en
1315 3607 1442 3660 France.
1470 3607 1496 3659 11
1513 3608 1617 3661 e'tndie
1634 3608 1653 3660 a
1670 3607 1768 3661 Beau-

433 3696 510 3760 vais,
528 3696 691 3764 frequente
709 3698 739 3749 la
758 3711 832 3749 cour
851 3698 890 3749 de
910 3697 1210 3764 Philippo-Auguste,
1235 3699 1276 3749 ou
1293 3696 1317 3748 il
1344 3697 1468 3763 remplit
1492 3712 1535 3750 un
1562 3713 1624 3764 peu
1649 3698 1679 3751 le
1703 3699 1768 3751 rale

432 3787 472 3838 de
490 3787 639 3855 jongleur.
671 3787 696 3838 11
721 3787 810 3839 entre
828 3785 846 3837 a
865 3786 1010 3852 l'abbaye
1035 3786 1075 3837 de
1100 3785 1280 3838 Froidmout
1305 3800 1346 3838 eu
1372 3785 1554 3838 Beauvaisis
1579 3787 1674 3838 avant
1699 3787 1769 3840 1200

432 3875 464 3927 et
483 3891 504 3942 y
521 3878 622 3928 meurt
640 3876 829 3942 apres1215.
862 3874 910 3927 On
929 3891 947 3928 a
965 3876 1005 3928 de
1023 3875 1067 3927 lui
1086 3875 1142 3927 des
1167 3889 1315 3936 sermons,
1339 3889 1401 3927 une
1425 3875 1518 3927 lettre
1543 3877 1586 3928 ad
1611 3875 1768 3928 (latter-am

432 3965 574 4016 clericum
592 3967 629 4017 de
648 3968 842 4031 reparatione
861 3964 950 4030 lapsi,
967 3978 1028 4017 une
1047 3964 1155 4029 poesie
1172 3963 1326 4028 iranqaise
1338 3977 1393 4016 sur
1405 3963 1436 4016 la
1451 3966 1532 4016 mort
1544 3962 1593 4026 (ct.
1607 3965 1768 4029 Romania,

432 4055 453 4104 t.
466 4053 489 4114 I,
506 4069 535 4120 p.
549 4053 687 4119 364367).
708 4079 738 4089 -
758 4053 837 4105 Mais
857 4067 915 4105 son
934 4067 1043 4105 oeuvre
1061 4053 1233 4120 principale
1253 4053 1379 4105 estune
1401 4053 1571 4118 chronique
1590 4054 1768 4107 universalia

432 4158 473 4196 en
490 4140 526 4196 49
544 4143 647 4195 livres.
672 4143 742 4195 Elle
760 4143 888 4194 s’arrete
905 4142 924 4194 a
943 4143 1004 4194 l'an
1025 4142 1103 4195 1200.
1135 4142 1161 4193 11
1179 4142 1306 4208 indique
1324 4142 1483 4194 l'ecrivaIn
1507 4143 1621 4209 auquel
1648 4143 1769 4209 chaque

431 4233 626 4298 paragraphe
653 4233 700 4284 est
718 4231 894 4297 emprunte;
922 4232 969 4283 les
988 4239 1135 4298 passages
1155 4231 1208 4297 qui
1227 4233 1297 4283 sont
1320 4231 1360 4282 de
1385 4231 1429 4284 lui
1455 4233 1526 4283 sont
1549 4232 1700 4298 precedes
1725 4233 1769 4285 du

432 4322 496 4372 mot
521 4324 637 4372 auctor.
662 4320 794 4373 Vincent
819 4321 859 4373 de
884 4320 1037 4373 Beauvais
1064 4336 1083 4373 a
1107 4321 1211 4372 donne
1239 4335 1279 4372 an
1303 4319 1384 4372 livre
1411 4319 1510 4371 XXIX
1536 4321 1579 4373 du
1607 4320 1768 4386 Speculum

432 4410 589 4463 historiale
613 4410 654 4461 de
678 4411 767 4476 longs
792 4409 920 4462 extraits
942 4410 982 4461 de
1007 4412 1077 4462 tous
1103 4409 1150 4461 les
1175 4417 1327 4477 ouvrages
1352 4408 1545 4462 d'He'linand.
1578 4438 1612 4446 -
1646 4407 1768 4462 'llssffik

433 4496 521 4560 (Btbl.
542 4496 760 4562 cisterciencis,
779 4499 842 4560 VII,
861 4499 976 4560 73-205;
1003 4499 1106 4566 Mtgne
1132 4497 1245 4562 CCXII,
1273 4497 1421 4562 771-1082)
1446 4514 1464 4551 a
1489 4499 1596 4564 publie
1617 4500 1649 4552 la
1666 4500 1768 4565 partie

432 4588 473 4640 de
491 4587 544 4640 ⁶34
567 4588 586 4639 a
613 4588 690 4641 1200.
728 4587 892 4655 L'original
918 4588 958 4639 de
983 4589 1014 4639 la
1040 4587 1217 4653 chronique,
1243 4603 1282 4640 en
1306 4588 1407 4653 partie
1433 4589 1534 4654 perdu
1557 4603 1615 4654 par
1641 4587 1767 4651 Gue'rin,

433 4678 553 4743 eveque
578 4677 618 4728 de
643 4676 743 4729 Senlis
769 4673 798 4742 (†
824 4676 913 4742 1227),
939 4676 1052 4742 auquel
1078 4676 1183 4728 l'avait
1207 4676 1297 4743 prete'
1315 4676 1479 4740 Helinand,
1504 4692 1523 4729 a
1550 4677 1600 4729 ete'
1626 4677 1768 4729 consulte

431 4781 490 4833 par
508 4766 639 4818 Vincent
656 4766 697 4818 de
721 4765 884 4818 Beauvais.
911 4763 952 4816 Μ.
977 4763 1096 4817 Delisle
1121 4780 1161 4816 eu
1186 4780 1204 4817 a
1230 4766 1376 4818 retrouve'
1400 4781 1462 4818 une
1486 4768 1588 4832 partie
1612 4781 1653 4819 au
1677 4767 1767 4818 semi·

431 4856 519 4908 naire
537 4855 577 4907 de
596 4855 759 4908 Beauvais.
797 4853 933 4917 (Notices
959 4857 989 4907 et
1012 4856 1189 4907 documenta
1210 4851 1332 4920 publiea
1353 4870 1417 4921 par
1441 4856 1471 4907 ia
1497 4852 1613 4907 Socie'te
1630 4857 1668 4907 de
1686 4855 1768 4907 11118-

433 4947 509 4998 taire
540 4946 577 4996 de
607 4945 735 5008 Plance,
764 4943 907 5008 141-1s4);
943 4942 990 4994 les
1017 4943 1114 4996 livres
1142 4942 1248 5006 I-XVI,
1273 4943 1317 4995 du
1341 4945 1441 4995 meme
1469 4951 1605 5011 ouvrage
1630 4945 1701 4996 sont
1726 4959 1767 4997 au

432 5035 539 5087 Muse'e
563 5033 761 5099 britannique
787 5029 875 5096 (Bibl.
900 5035 938 5085 de
969 5032 1044 5084 I'Ec.
1063 5033 1119 5084 des
1139 5031 1276 5095 Chartes,
1303 5031 1396 5084 XLVI
1423 5031 1559 5096 198-200).
1596 5031 1767 5098 Ci.BR1A1.,

432 5125 511 5176 Hist.
539 5124 606 5186 nri,
627 5122 733 5186 XVIII,
759 5121 868 5174 87-103.
905 5121 980 5174 Voir
998 5120 1032 5174 A.
1052 5120 1219 5185 MOLINJER,
1244 5123 1306 5173 Les
1325 5120 1457 5174 Saurces
1480 5124 1519 5174 de
1543 5122 1702 5175 l'Histotre
1728 5125 1768 5176 de

432 5213 560 5277 Danae,
579 5212 629 5275 111,
650 5207 689 5264 N⁰
707 5211 786 5275 2⁵19,
805 5226 834 5277 p.
853 5211 897 5264 89.
934 5210 1017 5264 Nous
1036 5210 1080 5263 lui
1098 5211 1218 5263 devons
1238 5211 1319 5264 cette
1337 5211 1446 5264 notice
