4300 6117
477 900 522 963 60
981 911 1141 967 LUCULA
1163 910 1303 966 NOCTIS

479 1132 657 1205 colicon,
682 1132 733 1194 sic
756 1134 973 1211 perorantis:
1001 1133 1102 1220 «Qui
1126 1136 1219 1197 enim
1243 1136 1433 1217 diligenter
1454 1138 1632 1217 inspicere
1647 1137 1806 1211 voluerit,

478 1239 567 1319 quid
590 1239 726 1318 antiqui
749 1242 899 1319 propter
921 1259 1081 1303 amorem
1106 1242 1288 1321 sapiencie
1310 1244 1533 1323 pertulerint,
1557 1262 1666 1323 quam
1680 1263 1807 1307 memo·

477 1345 593 1408 randa
626 1346 782 1425 posteris
805 1347 946 1409 virtutis
984 1366 1048 1410 sue
1086 1351 1314 1410 monumenta
1354 1350 1571 1429 reliquerint,
1615 1352 1809 1431 quamlibet

476 1472 578 1516 suam
602 1452 827 1532 diligenciam
849 1454 1056 1516 interiorem
1071 1473 1150 1517 esse
1167 1456 1318 1518 videbit!
1355 1456 1426 1518 Alii
1443 1458 1632 1520 calcabant
1646 1458 1807 1530 honores,

477 1561 538 1623 alii
573 1560 801 1639 proiecerunt
834 1560 992 1633 divicias,
1027 1562 1098 1634 alii,
1136 1563 1294 1641 acceptis
1330 1563 1467 1625 iniuriis
1502 1566 1715 1645 gaudebant,
1750 1564 1808 1626 alii

475 1685 588 1748 penas
612 1669 833 1745 spreverunt,
857 1668 928 1740 alii,
954 1669 1190 1730 contubernia
1219 1668 1400 1731 hominum
1422 1670 1639 1744 deserentes,
1669 1671 1808 1733 ultimos

476 1791 639 1837 recessus
664 1775 700 1834 et
723 1777 864 1835 secreta
885 1773 1020 1836 heremi
1043 1778 1285 1854 penetrantes,
1312 1776 1378 1839 soli
1403 1796 1443 1839 se
1465 1758 1689 1857 philosophie
1713 1778 1809 1840 dedi·

477 1883 617 1952 cabant,
652 1882 693 1941 ut
727 1882 898 1960 quantum
932 1884 1051 1943 mente
1075 1885 1111 1944 et
1145 1882 1386 1964 intelligencia
1410 1902 1432 1945 a
1456 1885 1584 1947 ceteris
1612 1883 1808 1959 differrent,

476 1990 556 2068 ipsa
577 1987 738 2049 locorum
761 1987 938 2049 distancia
961 1988 1233 2061 demonstraret,
1272 2008 1316 2051 ne
1339 2009 1410 2051 una
1448 1993 1586 2053 teneret
1619 1991 1807 2063 habitacio,

477 2113 567 2176 quos
589 2113 662 2156 non
684 2094 811 2156 eadem
834 2095 996 2157 sociabat
1020 2096 1184 2158 intencio.
1224 2095 1374 2159 Cuidam
1397 2096 1607 2178 philosopho
1632 2100 1811 2160 referebat

477 2203 633 2282 quidam,
670 2201 807 2262 dicens:
846 2199 1057 2281 «Numquid
1092 2221 1164 2263 non
1186 2204 1288 2265 vides
1326 2204 1423 2283 quod
1447 2208 1482 2266 te
1513 2205 1680 2266 derident
1702 2205 1810 2267 homi·

475 2309 596 2371 nest»
636 2340 675 2348 -
710 2306 759 2369 Et
792 2307 867 2369 ille:
910 2307 1013 2387 «Ipsi
1041 2327 1107 2381 me,
1138 2309 1263 2389 inquit,
1295 2313 1331 2371 et
1353 2329 1415 2372 eos
1440 2312 1573 2372 asini.»
1624 2310 1756 2392 Cogita,
1780 2312 1811 2374 si

475 2418 588 2496 potes,
614 2414 738 2494 quanti
763 2415 986 2476 extimaverit
1008 2416 1150 2477 laudari
1175 2418 1222 2479 ab
1246 2416 1313 2478 hiis
1339 2435 1361 2478 a
1385 2418 1515 2497 quibus
1532 2437 1598 2481 nec
1614 2419 1810 2499 vituperari

476 2523 592 2585 timuit
608 2544 622 2576 »
638 2515 659 2582 ¹.
705 2520 903 2582 Birtannici
927 2521 1084 2584 delectat
1107 2525 1219 2586 verba
1245 2522 1390 2585 reterre.
1438 2524 1499 2586 Ait
1520 2543 1676 2605 namque
1699 2525 1810 2588 libro

476 2629 532 2691 3⁰:
573 2627 685 2714 «Quis
712 2624 959 2690 Themostenis
987 2629 1225 2708 diligenciam,
1256 2628 1449 2693 Frontonis
1479 2632 1699 2712 gravitatem,
1729 2651 1810 2694 con·

476 2736 668 2798 tinenciam
684 2732 853 2807 Socratis,
870 2733 1027 2797 Fabricii
1047 2736 1166 2809 Iidem,
1191 2738 1440 2799 innocenciam
1456 2737 1578 2810 Nume,
1595 2738 1810 2818 pudiciciam

477 2842 663 2922 Scipionis,
677 2842 978 2922 longanimitatem
994 2841 1115 2915 Ulixis,
1133 2841 1279 2906 Catonis
1297 2846 1522 2923 parcitatem,
1555 2842 1626 2907 Titi
1641 2846 1810 2926 pietatem

476 2949 672 3033 ymitatur?
718 2947 805 3034 Quis
829 2967 900 3009 non
924 2968 1003 3010 cum
1026 2950 1270 3012 admiracione
1295 2951 1508 3013 veneratur?

771 3085 785 3112 ι
799 3069 940 3121 Probitas
960 3069 1114 3136 siquidem
1132 3071 1277 3123 laudatur
1298 3072 1330 3123 et
1348 3071 1430 3138 alget
1446 3091 1458 3116 »
1473 3068 1491 3123 ².

411 3209 462 3273 10,
587 3197 645 3258 An
668 3197 848 3259 dubitabit
871 3197 1000 3277 aliquis
1024 3201 1143 3260 utrum
1167 3200 1335 3261 osticium
1359 3200 1405 3262 sit
1427 3199 1659 3280 philosophie,
1689 3200 1810 3262 irasci·

477 3307 584 3369 bilem
607 3305 814 3385 porcionem
837 3303 988 3366 hominis
1014 3308 1050 3367 et
1072 3306 1254 3367 moderari
1280 3309 1315 3368 et
1340 3304 1499 3385 perfecte
1521 3306 1689 3386 placare?
1727 3307 1810 3386 Ipsa

477 3414 570 3475 enim
594 3415 649 3474 est
671 3412 734 3472 illa
757 3411 965 3491 sapiencia,⁸
989 3430 1068 3491 que,
1093 3413 1292 3474 secundum
1317 3411 1466 3487 Stoicos,
1490 3413 1667 3475 hominem
1682 3414 1809 3493 imper·

476 3519 692 3582 turbabilem
726 3516 822 3589 iacit,
858 3521 967 3597 atque
1002 3519 1213 3580 uniformem
1250 3520 1287 3579 in
1322 3522 1476 3599 utraque
1503 3522 1646 3581 fortuna
1669 3538 1809 3582 conser-

207 3629 547 3700 B12v0L27v0vat.
573 3615 586 3708 Ιῖ
611 3624 668 3697 Et,
693 3627 836 3686 uicum
860 3622 1076 3687 Cassiodoro
1100 3626 1229 3705 loquar
1256 3616 1269 3708 Η
1297 3671 1303 3698 ,
1346 3625 1456 3689 libro
1492 3628 1625 3689 tercio
1660 3628 1809 3706 episto·

474 3734 645 3794 larum:
691 3730 886 3794 ‹Sciencia
923 3731 1133 3805 litterarum,
1174 3733 1271 3813 quod
1311 3733 1465 3813 primum
1494 3737 1557 3805 est,
1596 3734 1632 3795 in
1669 3733 1810 3795 homine

475 3858 593 3901 mores
616 3842 762 3919 purgat;
788 3841 885 3919 quod
913 3838 1126 3911 secundum,
1153 3842 1346 3902 verborum
1368 3840 1524 3919 graciam
1548 3841 1808 3903 subministrat:

475 3947 526 4008 ita
561 3948 714 4025 utroque
747 3945 925 4010 beneficio
950 3946 1163 4008 mirabiliter
1186 3949 1222 4008 et
1245 3946 1374 4008 tacitos
1401 3950 1514 4019 ornat,
1550 3950 1586 4008 et
1613 3946 1808 4026 loquentes,

476 4054 576 4115 cuius
611 4056 666 4115 est
700 4054 820 4115 Iacere
854 4054 900 4115 de
923 4054 1017 4115 irato
1045 4053 1259 4125 benivolum,
1285 4053 1331 4114 de
1359 4057 1525 4133 suspecto
1549 4053 1740 4133 placatum,
1765 4054 1809 4115 de

476 4163 619 4222 austero
643 4160 773 4232 mitem,
799 4161 845 4222 de
868 4161 1087 4222 adversante
1111 4158 1368 4240 propicium»³.

475 4348 688 4357 ——-——--

583 4498 615 4559 α)
634 4511 668 4541 =
686 4494 891 4562 philosophia.

582 4634 603 4701 ¹)
623 4635 668 4689 ef.
688 4636 771 4690 HUG.
792 4651 810 4689 a
830 4636 859 4689 S.
877 4636 963 4688 VlcT.
1000 4636 1121 4689 Erudit.
1142 4636 1260 4687 didasc.
1282 4634 1333 4699 111,
1352 4645 1405 4687 xv.
1443 4637 1490 4688 De
1508 4637 1610 4688 studio
1634 4638 1808 4702 quaerendi.

475 4724 648 4778 variantes.
684 4726 720 4777 In
741 4724 831 4791 Oper.
849 4726 886 4789 11,
905 4726 966 4778 775.

583 4811 705 4879 ²)C¹est
722 4830 762 4867 au
780 4815 991 4880 Polycraticus
1015 4828 1076 4881 que
1101 4812 1256 4866 Dominici
1283 4812 1418 4876 renvoie,
1444 4814 1494 4865 lib.
1523 4813 1574 4877 111,
1600 4824 1728 4881 capnt,
1751 4814 1808 4867 Ed.

475 4903 569 4967 Giles,
587 4903 637 4966 III,
656 4902 717 4966 186,
736 4902 862 4967 Oxtord,
881 4903 959 4956 1848.
979 4928 1013 4937 -
1029 4903 1075 4954 Le
1093 4917 1166 4955 vers
1185 4902 1244 4955 cite
1264 4904 1313 4955 est
1330 4902 1371 4955 de
1389 4902 1530 4963 Juvenal,
1548 4903 1570 4965 I,
1588 4903 1631 4955 74.

583 4988 603 5059 3)
623 4992 810 5045 CASSIODOR.
829 4993 958 5058 Epistol.
976 4992 1030 5045 lib.
1050 4992 1102 5055 111,
1121 4991 1209 5058 epist.
1228 4990 1364 5043 XXXIII.
1385 4989 1485 5057 Apros
1505 4991 1661 5057 loquentes
1678 4992 1709 5045 le
1727 4991 1810 5043 texte

474 5082 579 5147 porte:
607 5082 792 5133 ‹Ducantur
819 5088 893 5148 ergo
919 5081 959 5133 ad
983 5081 1157 5148 penetralia
1176 5080 1331 5133 libertatis
1350 5080 1467 5133 laudati
1491 5080 1602 5133 merito
1621 5095 1686 5143 suo,
1711 5078 1810 5133 ornati

477 5170 611 5236 «judicio
636 5170 758 5223 nostro:
784 5169 920 5222 habituri
938 5170 1007 5221 sine
1025 5170 1119 5223 dubio
1137 5169 1346 5237 gratissimum
1373 5170 1516 5222 senatum
1529 5190 1625 5222 .....
1664 5170 1700 5221 ln
1720 5168 1808 5237 Oper.

476 5258 498 5323 1,
516 5258 578 5311 595.
