4300 6117
835 908 1022 962 IOHANNIS
1043 908 1224 963 DOMINICI
1427 911 1431 918 ’
1665 899 1710 964 73

375 1134 628 1203 memorantur,
664 1132 779 1193 eciam
802 1131 1051 1194 indubitanter
1075 1132 1176 1194 credi
1200 1133 1370 1195 iubentur
1399 1135 1435 1194 et
1457 1133 1610 1195 lectione
1634 1151 1716 1195 con·

361 1227 474 1299 'venit
496 1235 730 1318 frequentari.
755 1236 793 1300 Si
817 1242 1060 1318 tegumentum
1075 1240 1240 1301 veritatis
1264 1242 1330 1302 sub
1355 1239 1455 1301 falsis
1471 1239 1594 1320 figuris
1610 1241 1714 1302 huius

374 1343 630 1424 prohibicionis
656 1363 765 1406 causa
788 1344 890 1418 foret,
930 1364 1001 1426 que
1031 1344 1220 1425 Scriptura
1251 1349 1306 1408 est
1328 1347 1440 1426 magis
1463 1347 1583 1408 velata
1606 1365 1714 1426 quam

375 1451 522 1512 divina?
546 1449 727 1535 Quicquid
743 1453 837 1513 enim
853 1452 900 1514 de
916 1451 992 1515 Deo
1011 1454 1199 1533 loquimur,
1218 1454 1316 1531 quod
1332 1456 1387 1514 est
1403 1453 1602 1515 subiectum
1614 1471 1714 1515 reve·

374 1558 447 1620 late
464 1556 658 1637 Scripture,
676 1558 802 1620 fictum
820 1563 883 1632 est,
902 1560 1057 1640 ideoque
1073 1561 1217 1640 poetice
1232 1563 1375 1640 oportet
1389 1559 1524 1640 tingere
1539 1562 1661 1622 verba.
1671 1597 1712 1604 -

374 1662 468 1726 Hinc
483 1661 637 1727 Tullius:
665 1665 859 1746 «Fingebat
881 1667 949 1730 hec
966 1666 1156 1740 Homerus,
1182 1670 1218 1728 et
1233 1668 1389 1729 humana
1410 1667 1458 1728 ad
1483 1667 1571 1729 deos
1599 1671 1714 1729 trans·

373 1768 547 1834 terebat».
563 1804 599 1813 -
615 1771 663 1833 Et
679 1771 810 1845 subdit,
828 1774 967 1852 aliquid
986 1793 1097 1854 supra
1113 1793 1178 1836 nos
1195 1777 1385 1853 exoptans:
1405 1772 1562 1835 «Divina
1571 1775 1713 1836 mallem

374 1877 423 1938 ad
435 1877 521 1940 nos¹
537 1901 564 1940 ».
589 1877 726 1963 Quibus
743 1879 920 1960 figmentis
934 1899 1006 1942 non
1021 1879 1137 1942 detuit
1154 1880 1266 1953 Plato,
1283 1882 1410 1943 eodem
1425 1881 1543 1943 iudice
1558 1885 1712 1954 oratore,

373 1985 530 2046 omnium
554 1987 770 2067 scriptorum
793 1990 867 2048 tam
890 1988 1090 2050 subtilitate
1126 1988 1257 2068 ingenii
1281 2006 1390 2067 quam
1418 1988 1606 2050 nobilitate
1629 1988 1713 2050 doc·

373 2091 466 2153 trine
489 2095 804 2172 prestantissimus,
845 2095 907 2174 qui
930 2098 1071 2156 secreta
1109 2097 1237 2157 nature
1275 2093 1414 2175 Deique
1451 2095 1615 2157 miranda
1649 2115 1713 2176 pu·

374 2199 464 2260 tavit
501 2217 579 2261 esse
613 2201 765 2280 tegenda
799 2202 1015 2280 quibusdam
1047 2202 1147 2274 velis,
1187 2220 1307 2281 neque
1337 2202 1435 2263 nuda
1465 2203 1502 2262 in
1530 2202 1712 2282 publicum

373 2306 608 2385 producenda
618 2306 639 2367 ⁸².
686 2293 888 2380 Racionem,
928 2312 1011 2389 post
1038 2307 1215 2389 Xpistum,
1254 2310 1414 2388 assignat
1450 2310 1487 2370 in
1520 2310 1613 2371 libro
1647 2309 1712 2371 De

374 2411 585 2475 Divinis
607 2413 914 2477 Nominibus
938 2417 1192 2478 subtilissimus
1208 2415 1427 2496 Areopagita
1449 2415 1670 2496 speculator,
1696 2406 1710 2498 ΙΙ

373 2519 412 2581 id
435 2521 641 2582 necessitati
664 2523 789 2601 pocius
813 2540 923 2601 quam
946 2523 1113 2584 electioni
1137 2523 1315 2585 libertatis
1345 2524 1530 2585 ascribens
1541 2521 1562 2584 ³.
1600 2560 1640 2566 —
1665 2523 1712 2585 Et

375 2629 413 2688 ut
436 2628 506 2688 tuis
530 2628 651 2689 verbis
675 2631 765 2700 utar,
783 2647 804 2690 o
822 2629 929 2691 michi
944 2647 1088 2709 semper
1102 2631 1308 2691 venerande
1328 2629 1555 2692 Colluceus⁴z
1583 2650 1598 2683 r
1617 2628 1712 2714 Quid

374 2733 468 2794 enim
492 2737 546 2796 est
570 2734 692 2795 divina
716 2734 914 2815 Scriptura,
940 2739 1112 2814 quantum
1137 2737 1185 2798 ad
1208 2737 1380 2815 loquendi
1403 2735 1555 2798 formam
1572 2738 1709 2808 attinet,

374 2840 443 2901 nisi
459 2837 584 2902 fictum
600 2842 747 2920 aliquid,
765 2843 863 2923 quod
882 2843 927 2904 de
941 2844 1075 2904 virtute
1094 2843 1269 2905 sermonis
1286 2842 1417 2904 falsum
1440 2846 1504 2915 est,
1533 2844 1617 2906 licet
1644 2845 1711 2905 sub

374 2946 434 3008 illo
459 2947 636 3010 velamine
661 2950 896 3010 certissimam
920 2950 1101 3011 contineat
1123 2950 1312 3011 veritatem
1325 2949 1369 3010 »ἲ
1403 2949 1496 3011 Huic
1519 2951 1710 3023 sentencie,

374 3053 410 3113 ni
448 3053 564 3128 fallor,
600 3056 803 3135 premisisti,
839 3075 860 3117 o
884 3056 1057 3117 moderna
1096 3057 1157 3117 lux
1186 3059 1389 3118 auctorum:
1435 3056 1579 3118 «Nichil
1617 3058 1711 3119 enim

375 3179 454 3221 cum
478 3161 524 3222 de
547 3161 624 3223 Deo
648 3163 828 3241 loquimur
849 3163 907 3224 vel
945 3164 1167 3242 incorporeis
1192 3164 1376 3234 creaturis,
1419 3164 1517 3225 iuxta
1554 3165 1711 3226 litteram

372 3285 496 3328 verum
520 3272 583 3342 est,
609 3268 717 3330 nichil
740 3272 807 3332 sub
832 3270 894 3330 illa
917 3267 1076 3331 falsitate
1101 3271 1245 3331 corticis
1270 3270 1339 3331 nisi
1365 3288 1488 3331 verum
1505 3268 1553 3331 2⁵.

375 3475 585 3486 ——a

480 3653 500 3718 ¹)
520 3655 582 3708 C1c.
607 3655 692 3708 Tirso.
720 3657 741 3719 I,
761 3667 847 3709 xxvt.
876 3654 955 3709 Tont
981 3671 1016 3709 ce
1041 3665 1172 3723 passage
1198 3657 1245 3708 est
1268 3656 1517 3710 manifestement
1534 3656 1652 3722 inspire
1669 3657 1710 3710 de

371 3745 401 3796 la
420 3745 555 3811 reponse
573 3745 613 3796 de
632 3745 773 3798 Colnccio
792 3746 923 3798 Salutati
942 3745 961 3797 a
977 3744 1026 3797 ira
1046 3745 1200 3798 Giovanni
1222 3746 1263 3798 da
1282 3745 1491 3798 Samminiato.
1523 3744 1567 3798 ef.
1586 3747 1709 3812 Episto-

373 3833 450 3886 larto
469 3835 501 3885 di
521 3833 582 3886 Col.
604 3832 745 3894 Salutati,
763 3834 812 3898 IV,
831 3835 879 3887 lib.
900 3834 977 3897 XIV,
1004 3834 1263 3901 epist.XX111,p.
1284 3835 1345 3887 17⁶.
1373 3835 1421 3887 On
1438 3835 1504 3887 voit
1527 3835 1611 3886 aussi
1628 3849 1709 3887 eom-

371 3923 457 3975 ment
475 3921 627 3975 Dominici
639 3937 657 3974 a
674 3923 760 3991 copie
779 3924 978 3976 servilement
996 3922 1135 3986 Salutati,
1153 3923 1207 3989 qui
1226 3923 1368 3976 ecrivait:
1391 3943 1421 3976 ι.
1438 3962 1445 3977 .
1460 3962 1466 3974 .
1482 3923 1587 3976 Cicero
1602 3926 1709 3977 noster

371 4012 428 4064 ait:
447 4010 586 4079 lingebat
604 4011 662 4064 bec
678 4011 828 4065 Homerus
848 4014 879 4065 et
897 4013 1031 4066 humana
1050 4013 1091 4064 ad
1109 4013 1185 4064 deos
1197 4011 1415 4065 transferebat.
1445 4013 1486 4064 Et
1498 4013 1612 4074 subdit,
1623 4013 1710 4065 velut

371 4100 489 4166 aliquid
508 4114 602 4166 snpra
620 4115 678 4153 nos
698 4103 864 4167 exoptans:
893 4101 999 4154 divina
1023 4101 1151 4154 mallem
1174 4102 1215 4154 ad
1233 4117 1324 4154 nos».
1360 4101 1386 4152 11
1404 4101 1448 4153 lui
1466 4102 1630 4168 emprunte
1646 4101 1709 4168 jus·

371 4189 462 4256 qn’an
481 4190 621 4241 membre
639 4190 679 4243 de
697 4191 811 4256 phrase
829 4191 882 4257 qui
901 4190 1032 4243 nnissait
1051 4189 1097 4242 les
1115 4191 1197 4242 deux
1214 4190 1355 4243 citations
1369 4191 1409 4243 de
1422 4190 1559 4252 Cice'ron,
1578 4190 1708 4243 amoins

371 4278 443 4345 qu'il
462 4277 535 4330 n'ait
552 4293 606 4330 cru
624 4294 685 4344 que
703 4281 734 4332 la
753 4281 882 4346 phrase:
911 4281 979 4330 «Et
996 4280 1101 4330 subdit
1123 4280 1241 4344 aliquid
1263 4295 1360 4346 supra
1383 4295 1440 4331 nos
1463 4282 1643 4344 exoptans»,
1668 4295 1709 4333 ne

369 4367 417 4420 rut
435 4381 549 4421 encore
567 4369 607 4420 de
627 4367 767 4421 Ciceron.

480 4453 501 4522 ’ἢ
521 4455 582 4509 01c.
605 4456 689 4510 Orat.
709 4458 773 4509 XX.

480 4542 500 4610 ³¹)
519 4544 631 4610 DYON,
650 4549 687 4600 de
705 4549 772 4600 Div.
791 4547 880 4598 Nom.
899 4561 974 4613 cap.¹
994 4555 1012 4596 1.
1033 4544 1077 4598 (ΣΙ.
1100 4545 1226 4598 caelest.
1244 4547 1341 4608 Hier,
1360 4560 1426 4612 cap.
1440 4555 1465 4596 1:
1488 4545 1708 4611 «Impossibile

372 4637 418 4687 est
436 4635 528 4687 nobis
547 4635 638 4688 aliter
656 4637 762 4689 lucere
781 4635 918 4688 divinum
936 4635 1067 4698 radium,
1092 4635 1151 4686 nisi
1169 4635 1322 4688 varietate
1341 4649 1500 4687 sacrorum
1518 4635 1707 4688 velaminum

371 4724 624 4777 circumvelatum
635 4745 658 4778 2.

477 4811 499 4878 ⁴)
518 4813 600 4866 Pour
620 4814 796 4878 Coltuceius,
822 4813 987 4879 repetition
1005 4812 1048 4864 du
1065 4813 1117 4878 jeu
1141 4813 1181 4864 de
1206 4813 1271 4865 mot
1300 4811 1371 4878 deit
1391 4811 1519 4878 indique
1536 4814 1606 4879 plus
1620 4813 1705 4865 hant.

372 4900 416 4954 Ci.
435 4917 465 4969 p.
483 4903 510 4954 4.
1260 4897 1265 4906 ’

479 4987 500 5054 ⁵)
518 4990 566 5044 On
584 4993 695 5044 trouve
709 4991 748 5044 ici
766 5008 808 5045 nn
826 4992 883 5044 des
902 4992 1080 5059 arguments
1098 4991 1144 5043 les
1162 4991 1232 5057 plus
1250 4989 1330 5043 iorts
1344 5005 1423 5056 pour
1445 4991 1625 5043 demontrer
1646 5005 1707 5057 qne

369 5079 401 5131 la
419 5080 536 5132 heuto
554 5079 664 5132 Noctis
682 5083 728 5133 est
746 5081 819 5134 bien
837 5081 897 5132 nee
915 5081 955 5134 de
973 5081 1004 5133 la
1022 5080 1199 5147 pole'miqne
1216 5079 1257 5132 de
1276 5079 1418 5132 Coluccio
1436 5078 1566 5132 Salutati
1584 5095 1659 5132 avec
1676 5080 1707 5132 le

372 5167 559 5231 Camaidule,
571 5168 620 5223 ira
633 5169 786 5222 Giovanni
797 5171 838 5222 da
852 5169 1060 5222 Samminiato.
1080 5168 1161 5221 C'est
1177 5183 1253 5222 avec
1267 5169 1298 5220 la
1312 5168 1455 5235 re‘plique
1472 5170 1514 5221 dn
1526 5168 1707 5222 Chaucelier
