4300 6117
843 891 1029 946 IOHANNIS
1052 891 1233 945 DOMINICI
1639 879 1702 942 171

369 1117 455 1186 tam,
480 1115 609 1176 iterum
632 1113 759 1176 fetavit
783 1117 821 1177 ut
844 1115 954 1194 prius,
979 1114 1224 1176 Ecclesiasten
1246 1114 1407 1176 scribens
1432 1117 1467 1175 et
1481 1112 1704 1174 buccolicum

371 1220 578 1300 epithalami
601 1220 792 1301 virginalis.
818 1220 900 1283 Scio
924 1222 1031 1301 quod,
1057 1222 1126 1283 nisi
1148 1221 1214 1283 hec
1238 1222 1366 1302 gignat,
1391 1220 1508 1281 nullus
1526 1220 1595 1282 erit
1608 1218 1703 1280 iilius

370 1328 486 1407 regni:
527 1328 588 1389 illa
613 1329 705 1389 enim
728 1329 844 1390 altera
867 1327 1060 1390 fornicaria
1084 1331 1139 1390 est
1172 1331 1208 1390 et
1231 1329 1347 1388 virum
1370 1346 1441 1389 non
1463 1327 1582 1397 habet,
1606 1326 1704 1387 idco·

372 1453 442 1513 que
479 1435 594 1497 solum
626 1435 827 1515 illegitimos
860 1436 933 1505 alit,
974 1435 1020 1497 de
1055 1454 1207 1514 quorum
1241 1434 1401 1514 quolibet
1433 1435 1606 1513 scriptum
1639 1435 1702 1502 est.

371 1539 484 1603 Paulo
506 1545 616 1604 teste:
643 1541 750 1604 «Non
774 1543 842 1604 erit
864 1542 969 1604 heres
993 1541 1088 1604 iilius
1113 1543 1241 1604 ancille
1265 1560 1345 1603 cum
1368 1539 1444 1601 filio
1468 1541 1580 1602 libere
1594 1562 1609 1594 »
1623 1537 1643 1601 ¹.

479 1647 567 1709 Cum
589 1648 657 1710 hac
681 1649 871 1711 ociandnm
895 1667 978 1711 reor
1001 1651 1037 1712 et
1059 1649 1142 1711 huic
1165 1648 1389 1728 philosophie
1412 1652 1494 1727 post
1510 1646 1703 1730 gramatice
1717 1646 1749 1709 6.

372 1755 459 1816 artis
485 1756 658 1834 periciam
681 1759 765 1818 totis
781 1757 917 1818 viribus
941 1757 1186 1828 insistendum,
1211 1757 1262 1818 ita
1284 1758 1323 1817 ut
1346 1755 1539 1817 antecedat
1554 1754 1702 1815 ancillas

371 1863 543 1941 tempore,
584 1863 676 1924 sicut
699 1862 835 1924 eisdem
854 1864 1067 1942 preponitur
1090 1863 1271 1943 dignitate.
1311 1859 1412 1924 Tunc
1435 1863 1534 1923 iuxta
1564 1864 1703 1922 senten·

371 1969 464 2029 ciam
488 1967 706 2031 Salomonis:
735 1969 879 2032 <Erunt
903 1971 995 2032 oculi
1019 1971 1191 2049 sapientis
1214 1971 1251 2030 in
1275 1971 1395 2049 capite
1416 1970 1510 2031 illius
1525 1992 1540 2024 i
1553 1968 1574 2030 ⁸².
1602 1967 1702 2039 Nam,

372 2075 402 2136 si
422 2074 594 2137 interiora
609 2077 909 2138 intellectualibus
935 2078 1046 2139 oculis
1062 2077 1246 2157 investigo.
1273 2078 1443 2139 ducatum
1459 2075 1703 2155 prestantibus

371 2182 594 2244 secularibus
618 2184 714 2256 viris,
751 2184 873 2245 oculos
907 2185 987 2246 illos
1023 2185 1090 2246 sub
1113 2185 1246 2263 plantis
1281 2185 1413 2246 locavi:
1453 2202 1587 2254 verum,
1625 2200 1705 2244 cum

372 2287 480 2351 tuerit
515 2290 628 2351 omnis
664 2291 818 2352 racionis
853 2291 1002 2353 intuitus
1025 2292 1062 2353 in
1085 2290 1200 2352 Deum
1223 2293 1390 2364 intentus,
1432 2292 1495 2370 qni
1519 2294 1573 2352 est
1596 2291 1704 2368 caput

371 2395 524 2458 humane
549 2400 685 2468 nature,
710 2399 794 2459 tunc
818 2401 923 2459 erunt
945 2399 1038 2460 oculi
1061 2399 1242 2477 incapite,
1266 2401 1306 2460 ut
1321 2417 1402 2460 cum
1416 2382 1607 2459 Psalmista
1624 2415 1706 2458 can·

372 2504 504 2565 temus:
547 2502 677 2566 «Sicut
713 2506 807 2566 oculi
843 2505 971 2566 ancille
1005 2507 1042 2567 in
1072 2507 1237 2567 manibus
1262 2507 1404 2567 domine
1427 2524 1500 2578 sue,
1537 2505 1588 2567 ita
1612 2505 1706 2565 oculi

372 2611 485 2671 nostri
510 2611 558 2671 ad
580 2610 770 2672 Dominum
792 2611 907 2673 Deum
931 2616 1102 2686 nostrum,
1138 2613 1253 2675 donec
1276 2614 1492 2675 misereatur
1525 2613 1639 2675 nostri
1654 2631 1669 2665 »
1683 2609 1705 2672 ³.

480 3006 501 3072 ¹)
519 3007 553 3062 S:
568 3009 675 3072 PAUL..
693 3011 736 3062 ud
755 3009 864 3074 Galat..
883 3011 932 3074 IV,
951 3011 997 3065 30.

480 3095 500 3162 ²)
518 3098 683 3162 Eccle.,11‚
704 3099 746 3151 14.

480 3183 644 3251 ³)Pna1m..
664 3188 788 3252 cxxn..
809 3189 834 3240 2.
