4300 6117
903 1531 991 1709 [Γ
1056 1532 1374 1708 PARS]

1002 1977 1213 2085 [CAPUT
1248 1976 1306 2083 I.l

587 2316 816 2405 [V]idelicet:
854 2322 917 2383 An
942 2320 1146 2384 fidelibus
1181 2320 1419 2400 Xpistianis
1457 2319 1619 2382 licitum
1659 2318 1715 2379 sit
1748 2318 1815 2380 lit·

479 2431 584 2493 teris
607 2430 876 2492 secularibus
905 2428 996 2490 uti?

587 2590 707 2670 Arguo
719 2608 806 2651 vero
818 2591 866 2651 ad
877 2592 1018 2669 partem
1030 2588 1284 2651 affirmativam
1295 2585 1305 2623 ¹
1322 2586 1509 2667 multiplici
1521 2586 1591 2647 via.
1615 2584 1737 2645 Primo
1752 2584 1815 2645 sic:

588 2750 839 2831 Reipublice
881 2747 1154 2811 salutiferum
1200 2750 1277 2817 est,
1318 2748 1484 2826 pariter
1528 2748 1569 2807 et
1606 2747 1814 2815 decorum,

482 2877 580 2921 suos
604 2861 794 2930 rectores
824 2860 865 2918 et
892 2857 1159 2918 consultores
1186 2855 1356 2925 habere,
1386 2853 1584 2915 scienciis
1612 2851 1816 2914 seculari-

483 2968 559 3028 bus
600 2965 802 3026 eruditos.
850 2961 933 3025 Sed
969 2961 1210 3042 Xpistianis
1248 2959 1453 3023 fidelibus
1487 2958 1691 3021 incumbit
1731 2975 1816 3018 rem

483 3072 697 3151 publicam
729 3084 877 3151 regere
912 3072 953 3131 et
989 3070 1184 3132 consiliis
1220 3069 1413 3147 dirigere.
1465 3067 1600 3147 Igitur
1631 3066 1694 3127 eis
1736 3082 1817 3125 non

485 3179 617 3240 solum
645 3178 810 3239 licitum
845 3179 922 3249 est,
957 3178 1031 3239 sed
1064 3178 1244 3238 contral
1279 3177 1319 3237 et
1354 3177 1417 3236 est
1450 3192 1625 3236 necesse
1660 3170 1817 3233 studiis

483 3287 725 3347 litterarum
749 3284 1007 3346 secularium
1030 3284 1241 3345 solercius
1264 3283 1475 3344 insudare.

592 3479 710 3542 Maior
732 3499 799 3562 pro
822 3480 950 3560 parteb
979 3480 1105 3559 prima,
1127 3479 1272 3551 scilicet,
1297 3479 1396 3557 quod
1417 3476 1486 3538 hoc
1509 3476 1555 3538 sit
1582 3474 1817 3548 salutiferum,

486 3606 589 3650 omne
612 3586 729 3649 iorum
758 3587 953 3666 perstrepit
983 3587 1073 3648 illud
1095 3585 1265 3656 Platonis,
1301 3585 1452 3646 aientisc
1486 3585 1613 3645 beatas
1647 3584 1725 3644 tore
1758 3600 1816 3643 res

484 3694 658 3774 publicas,
682 3697 746 3756 aut
760 3712 841 3756 cum
863 3711 985 3755 earum
1002 3693 1162 3756 habenas
1179 3693 1359 3772 sapientes
1376 3693 1549 3761 tenerent,
1574 3692 1637 3751 aut
1654 3690 1817 3769 presides

486 3915 699 3924 ——-——

592 4100 625 4162 n)
643 4112 678 4143 =
697 4096 850 4151 convenit.
887 4096 919 4158 b)
939 4096 970 4155 -Ι-
990 4096 1084 4161 patet.
1122 4098 1151 4157 c)
1170 4093 1355 4147 :dicentis

590 4246 611 4314 ¹)
637 4247 790 4300 Dominici
814 4246 980 4311 lui-meme,
1007 4260 1065 4313 par
1091 4259 1144 4298 ees
1168 4246 1259 4309 mots‚
1286 4260 1365 4297 nous
1390 4244 1503 4297 avertit
1527 4243 1568 4296 de
1594 4258 1650 4295 son
1674 4244 1738 4295 but.
1774 4242 1819 4295 La

483 4339 600 4392 Lucqu
618 4337 684 4389 vise
703 4338 773 4403 plus
791 4337 856 4389 loin
874 4335 944 4402 qu't
955 4335 1114 4405 ‘resoudre
1132 4334 1163 4387 la
1182 4334 1269 4387 seule
1288 4334 1431 4400 question
1450 4333 1489 4385 de
1508 4332 1612 4386 savoir
1630 4332 1656 4385 si
1674 4332 1736 4385 l'on
1753 4332 1818 4384 doit

482 4428 652 4495 per-mettre
670 4441 710 4479 ou
734 4424 886 4478 deiendre
904 4425 923 4477 a
941 4425 971 4476 la
994 4424 1141 4491 jennesse
1167 4424 1198 4476 la
1222 4423 1340 4476 lecture
1367 4422 1423 4477 des
1446 4423 1563 4489 poetes.
1591 4422 1635 4473 Le
1658 4420 1691 4473 P.
1709 4420 1819 4474 Rbsler

484 4516 630 4570 restreint
646 4516 718 4582 trop
736 4516 766 4567 le
785 4515 887 4578 debat,
905 4513 1011 4579 quand
1028 4513 1051 4565 il
1070 4513 1164 4565 ecrit:
1186 4508 1281 4580 ‹[Die
1295 4506 1421 4578 Lucula]
1440 4514 1571 4564 erbrtert
1587 4512 1636 4563 dte
1652 4510 1762 4579 stage,
1781 4510 1818 4562 ob

482 4608 538 4660 der
564 4606 683 4674 legend
708 4606 756 4657 dte
783 4604 976 4657 hetdntsohen
1003 4603 1131 4655 Dichter
1156 4617 1212 4653 zur
1232 4602 1361 4654 Lectzlre
1383 4601 1514 4669 gegeben
1539 4601 1658 4653 werden
1683 4600 1779 4653 sollen
1793 4618 1816 4650 ».

483 4694 528 4747 Ci.
550 4693 605 4761 Op.
625 4697 673 4746 ott.
691 4708 720 4761 p.
739 4692 782 4746 92.
819 4693 863 4744 La
882 4692 997 4759 phrase
1017 4692 1057 4744 de
1075 4690 1230 4744 Dominici
1257 4706 1309 4743 sur
1334 4690 1470 4756 laquelle
1493 4688 1627 4756 pretend
1652 4688 1819 4757 s’appuyer

482 4784 613 4837 l'auteur
631 4782 769 4848 (Luculn,
786 4780 820 4832 L.
839 4780 948 4846 103r0)
966 4794 1096 4846 masque
1114 4779 1253 4847 l’origine
1271 4779 1313 4831 du
1331 4778 1433 4842 de'bat,
1451 4778 1528 4831 mais
1547 4791 1587 4829 ne
1602 4777 1749 4830 restreint
1762 4790 1819 4844 pas

482 4874 514 4926 la
532 4873 639 4939 portee
659 4873 699 4925 de
717 4870 889 4923 l'intention
906 4870 946 4923 de
964 4869 1125 4922 Dominici.
1162 4869 1186 4920 11
1207 4870 1237 4921 le
1261 4866 1305 4920 dit
1324 4867 1493 4919 ici-meme:
1523 4882 1577 4920 ε...
1596 4881 1700 4933 neque
1719 4866 1818 4919 solum

482 4976 650 5030 puerorum
676 4959 980 5025 adolescentiamque
1006 4960 1037 5011 et
1067 4957 1251 5024 simplicium
1278 4956 1513 5025 intelligentiam
1540 4956 1632 5009 lectio
1657 4956 1819 5023 poetarum

484 5050 606 5113 evertit,
619 5052 751 5117 propter
768 5064 847 5114 quos
866 5050 966 5100 ortum
984 5050 1031 5101 est
1048 5049 1133 5100 istud
1150 5050 1311 5110 certamen,
1335 5046 1392 5099 sed
1410 5047 1442 5099 et
1459 5059 1567 5099 eorum
1584 5059 1661 5110 quos
1681 5045 1818 5098 seculum

483 5140 641 5205 nuncupat
667 5136 875 5205 philosophos,
903 5137 955 5190 vel
985 5136 1084 5190 eciam
1110 5135 1195 5202 quod
1218 5135 1289 5201 plns
1314 5136 1363 5189 est
1388 5134 1545 5201 sapientes
1562 5154 1585 5186 ».
1621 5134 1647 5185 ΙΙ
1665 5148 1688 5202 y
1705 5149 1724 5187 a
1746 5134 1817 5200 plus

483 5229 596 5296 qu'une
615 5227 760 5294 question
777 5226 817 5279 de
836 5225 1013 5293 pedagogio
