4300 6117
904 880 990 943 32
1910 894 2229 948 LUCULA
2275 893 2555 949 NOCTIS

899 1114 1079 1171 stent
1154 1111 1586 1190 cogitacioni
1614 1119 1643 1148 ⁸
1720 1116 2029 1189 videtur,
2102 1119 2163 1179 si
2208 1119 2383 1180 velit
2444 1122 2514 1180 et
2580 1118 2806 1198 possit
2873 1130 3359 1197 cognoscere»
3403 1117 3442 1180 ¹.
3496 1146 3570 1154 —

899 1214 1245 1277 Veritatis
1315 1219 1531 1281 sedes
1600 1226 1922 1285 secunda
1983 1228 2093 1286 est
2148 1244 2346 1287 mens
2396 1227 2573 1305 ipsa,
2645 1229 2717 1286 in
2762 1243 2906 1304 qua
2959 1228 3069 1287 est
3116 1227 3461 1304 tanquam
3506 1226 3574 1285 in

895 1323 1240 1392 sabiecto.
1300 1324 1696 1400 Aristotile,
1787 1339 1929 1391 V10
1989 1331 2257 1395 Meta
2288 1333 2632 1412 p.hisic
2663 1350 2702 1393 e
2768 1335 2968 1404 teste,
3035 1333 3160 1411 qui
3208 1350 3459 1393 verum
3509 1335 3577 1393 et

894 1429 1154 1491 {slsum
1186 1432 1425 1494 anime
1456 1435 1702 1498 reddit
1731 1436 1773 1498 ².
1808 1475 1890 1483 —-
1924 1435 2185 1501 Tereia
2217 1459 2389 1501 vero
2438 1439 2647 1501 sedes
2695 1440 3018 1500 veritatis
3070 1440 3178 1500 est
3231 1457 3349 1500 res
3398 1440 3572 1517 ipsa,

891 1553 1034 1614 qne
1098 1537 1371 1600 dicitur
1414 1559 1610 1613 vera,
1682 1545 1809 1606 ubi
1878 1551 2204 1609 moratur
2267 1547 2463 1609 velut
2510 1547 2928 1625 imperatrix
2987 1547 3061 1606 in
3107 1547 3286 1607 solio
3335 1564 3482 1617 suo,
3533 1564 3577 1606 a

889 1642 1088 1704 nullo
1164 1649 1330 1707 ente
1394 1650 1813 1714 mendicans
1886 1655 2017 1716 sed
2083 1653 2450 1734 profluens
2512 1654 3181 1733 imperceptibiliter
3255 1672 3300 1713 a
3347 1654 3577 1732 prima

889 1749 1223 1820 veritate.
1300 1756 1370 1814 et
1419 1754 1496 1815 id
1559 1758 1760 1835 quod
1816 1760 1983 1822 inde
2046 1762 2420 1823 descendit
2489 1762 2641 1821 sine
2686 1760 3247 1839 perturbacione
3294 1778 3575 1821 conser-

887 1857 1035 1916 vat.
1134 1856 1254 1920 Sic
1303 1861 1723 1925 intuebatur
1769 1868 2146 1929 veritatem
2192 1867 2561 1929 Avicenna
2633 1868 2707 1927 in
2767 1865 3344 1946 Metaphisica
3409 1885 3572 1937 sua,

888 1961 1013 2021 ubi
1075 1964 1407 2029 dicebat:
1492 1989 1520 2021 «
1551 1968 1842 2052 Veritas
1893 1976 1996 2036 rei
2059 1978 2168 2036 est
2220 1976 2637 2054 proprietas
2702 1976 2771 2035 et
2817 1992 2970 2034 esse
3020 1973 3576 2051 uniuscuiusque

889 2068 1017 2132 rei.
1069 2073 1273 2150 quod
1320 2076 1720 2139 stabilitum
1771 2083 1878 2142 est
1927 2082 2011 2153 ei,
2086 2083 2158 2143 in
2203 2084 2548 2160 quantum
2609 2081 2770 2143 talis
2821 2100 2934 2142 res
2988 2084 3160 2141 nata
3205 2083 3313 2141 est
3361 2081 3453 2141 de
3499 2098 3576 2141 se

888 2169 1139 2239 iacere
1189 2199 1437 2243 veram
1475 2185 2033 2259 extimacionem,
2070 2192 2139 2250 et
2171 2190 2243 2249 in
2275 2192 2620 2267 quantum
2648 2188 3016 2267 propriam
3049 2188 3158 2248 sui
3194 2188 3573 2259 racionem,

888 2297 1037 2360 que
1087 2290 1199 2348 est
1248 2289 1322 2349 in
1368 2295 1605 2353 mente
1656 2294 1917 2366 divina,
1979 2296 2301 2357 imitatur
2328 2294 2369 2356 3.
2424 2328 2501 2336 —
2552 2294 2669 2355 Ad
2733 2294 2924 2355 idem
2989 2293 3219 2355 tendit
3277 2294 3576 2354 verbum

897 2387 1301 2470 Augustini,
1369 2395 1700 2462 dicentis:
1780 2421 1808 2453 «
1840 2400 2128 2463 Veritas
2181 2406 2288 2463 est
2356 2401 2732 2472 rectitudo,
2796 2402 2948 2462 sola
2997 2404 3232 2461 mente
3281 2418 3575 2479 percep·

898 2495 1128 2561 tibilis
1163 2500 1179 2536 ¹
1218 2523 1270 2564 »-

1133 2607 1327 2693 Quid
1391 2613 1604 2693 igitur
1671 2616 1971 2677 trivialis
2035 2617 2283 2695 porcio
2354 2616 2626 2677 arcium
2690 2614 2889 2675 aliud
2953 2632 3109 2675 esse
3175 2617 3572 2684 censentur,

896 2726 1124 2789 quam
1195 2720 1555 2782 rectitudo
1622 2722 1864 2783 divina
1931 2724 2004 2783 in
2074 2724 2482 2802 gramatica,
2555 2724 2626 2781 in
2696 2722 3055 2783 rethorica
3127 2721 3424 2800 specieS,
3504 2723 3577 2781 et

896 2821 1173 2885 veritas
1241 2827 1314 2886 in
1364 2827 1781 2908 dyalectica,
1830 2848 1970 2908 que
2018 2831 2157 2891 tria
2203 2849 2418 2890 unam
2465 2830 2807 2890 unitatem
2869 2825 3302 2889 locuntur?⁵
3373 2826 3570 2899 Nam,

899 2925 1044 2989 due
1094 2932 1325 3009 prime
1374 2938 1540 2996 sunt
1583 2956 1751 2997 vere
1798 2938 2087 2999 veritati
2135 2935 2536 2998 conformes
2608 2936 2874 3007 divine,
2949 2936 3333 2997 scienciam
3381 2937 3573 2997 recte

898 3035 1289 3112 scribendi,
1343 3046 1413 3103 et
1441 3040 1475 3080 ¹²
1519 3048 1715 3106 recte
1759 3044 2301 3123 pronunciandi,
2354 3047 2693 3122 recteque
2741 3042 3220 3113 construendi,
3287 3042 3573 3103 traden-

899 3144 1032 3204 teS.
1130 3145 1370 3226 Atque
1436 3152 1758 3229 parcium
1824 3153 2238 3212 oracionum
2284 3151 2481 3212 vocis
2530 3150 2935 3211 articulate:
3003 3150 3228 3219 litere,
3299 3149 3568 3221 sillabe,

899 3251 1189 3329 pedum,
1265 3260 1704 3330 accentuum,
1773 3259 2275 3338 positurarum,
2350 3256 2871 3336 orthographie‚
2977 3256 3320 3335 analogie‚
3402 3255 3573 3317 ethi·

900 3359 1224 3440 mologie,
1271 3365 1645 3443 glosarum,
1698 3364 2297 3436 differenciarum,
2348 3365 2978 3435 barbarismorum,
3027 3364 3568 3443 silogismorum,

898 3466 1267 3540 viciorum,
1303 3472 1992 3551 methaplasmatum‚
2028 3476 2438 3542 scematum‚
2463 3474 2852 3549 troporum,
2887 3488 3120 3550 prose,
3159 3472 3568 3541 metrorum,

897 3570 1325 3649 fabularum,
1403 3579 2025 3660 hystoriarumque
2101 3580 2390 3659 pericia,
2464 3590 2681 3658 gnare
2751 3578 2887 3639 hiis
2952 3577 3174 3638 radiis
3243 3578 3571 3638 veritatis

898 3681 1160 3756 divine,
1196 3684 1390 3747 velut
1422 3687 1799 3766 syderibus
1849 3687 2080 3748 celum
2129 3688 2345 3747 etiam
2394 3704 2599 3747 sacre
2652 3682 2924 3746 Littere
2958 3685 3260 3745 rutilant
3287 3687 3315 3717 0
3358 3684 3569 3755 clare,

900 3807 1081 3869 quas
1126 3793 1318 3854 solus
1365 3794 1717 3855 illuminat
1764 3792 1884 3854 Sol
1936 3795 2319 3855 increatus,
2411 3791 2518 3854 De
2565 3792 2816 3853 harum
2874 3792 3321 3863 necessitate,
3388 3792 3572 3853 libro

1116 4184 1180 4245 a)
1219 4197 1287 4225 z
1326 4180 1681 4248 cognicioni.
1755 4181 1817 4244 b)
1864 4208 1921 4216 η-
1967 4182 2045 4231 et.
2121 4184 2179 4243 c)
2220 4197 2286 4225 z
2322 4180 2645 4246 pullulant.

901 4355 1019 4410 fois
1069 4374 1185 4425 par
1235 4374 1318 4411 un
1372 4359 1608 4411 certain
1657 4360 1865 4420 Isaac,
1934 4360 2090 4411 dans
2141 4373 2257 4410 son
2307 4359 2465 4411 livre
2501 4361 2576 4411 de
2611 4357 3103 4423 Definitionibus.
3142 4387 3195 4393 —
3246 4358 3572 4412 AVICENNE

903 4447 1222 4514 (Metaph,
1260 4451 1432 4500 tract.
1472 4449 1514 4511 1,
1566 4463 1696 4514 cap.
1735 4458 1801 4499 lx
1852 4444 1953 4514 [al.
1995 4449 2171 4500 tract.
2210 4448 2252 4510 Ι,
2290 4448 2393 4499 lib.
2426 4448 2496 4509 ΙΙ,
2549 4463 2681 4514 cap.
2733 4444 2862 4514 rv]),
2917 4449 3143 4515 adepte
3193 4449 3364 4500 aussi
3413 4450 3572 4501 cette

903 4536 1226 4590 definition
1264 4553 1385 4603 que
1421 4540 1558 4589 tous
1597 4538 1688 4589 les
1728 4538 2131 4603 scolastiques
2174 4538 2281 4589 ont
2321 4538 2590 4603 repetee.

1120 4625 1159 4688 ¹)
1199 4626 1255 4679 S.
1294 4627 1453 4679 AUG.
1494 4625 1739 4688 Soliloq‚
1777 4626 1878 4678 lib.
1919 4626 1989 4687 11,
2029 4641 2164 4692 cap.
2201 4636 2262 4677 v.

1121 4717 1157 4773 '¹1
1197 4717 1270 4765 Ἡ
1319 4721 1474 4769 Aser.
1518 4721 1650 4765 icet.
1697 4717 1798 4769 με,
1846 4717 2066 4773 μην-π.
2102 4716 2210 4766 lib.
2250 4715 2321 4777 v,
2360 4730 2490 4780 cap.
2530 4724 2613 4777 Ν,
2653 4716 2701 4765 1.
2802 4698 2810 4705 ’

1147 4817 1157 4861 Ι
1206 4809 1286 4857 nst,
1334 4809 1582 4857 st'x'ugrib-2'.
1662 4809 1926 4868 Uriasm'tfl.
1974 4805 2142 4857 tract.
2183 4804 2341 4865 VIII,
2380 4819 2509 4869 cap.
2547 4813 2629 4855 v1.

1145 4905 1157 4953 J
1201 4899 1370 4945 ijs-tn:
1410 4897 1722 4945 affinium]
1770 4897 1918 4945 ηἰη-πῒ
1966 4913 2071 4957 pas
2109 4894 2191 4944 de
2231 4908 2277 4944 S.
2315 4893 2631 4960 Augustin,
2669 4893 2825 4944 mais
2861 4892 3007 4945 bien
3043 4892 3122 4944 de
3162 4908 3207 4943 s.
3245 4892 3566 4944 Anselme:

909 4989 1132 5049 stnfffis
1189 4989 1270 5033 mu:
1330 4989 1598 5036 vernunst,
1642 4985 1762 5033 3-211.
1849 4985 1954 5033 Eri-22:2-
2004 4997 2248 5035 ⁸sources
2287 4982 2365 5033 de
2404 4982 2710 5034 Dominici
2750 4982 2906 5042 sont,
2958 4996 3117 5047 pour
3169 4996 3240 5033 ce
3276 4988 3569 5048 passage:

905 5077 957 5125 5.
1001 5073 1206 5122 “lium-u..
1250 5077 1406 5125 :imm
1462 5077 1634 5121 Ham?
1694 5077 1738 5121 l·
1782 5077 1834 5121 1³.
1882 5073 2099 5141 nguhffit.
2138 5072 2291 5134 XVI,
2334 5074 2362 5123 1
2391 5086 2480 5137 sq.
2518 5072 2580 5122 et
2615 5072 2709 5123 De
2759 5072 3035 5131 Ver-itate,
3075 5069 3300 5143 Quaest.
3331 5071 3375 5134 1,
3422 5072 3450 5121 1
3478 5083 3569 5135 sq.

1145 5169 1153 5221 J
1197 5165 1250 5213 M
1326 5165 1466 5213 ,Εἰ-η
1510 5165 1778 5233 figuram..
1850 5165 1982 5213 fuxi,
2030 5161 2270 5214 Orator.
2309 5161 2352 5224 1,
2389 5170 2472 5211 IV.
2547 5158 2856 5232 Quelques
2895 5160 3230 5213 variantes.
