4300 6117
871 936 1059 991 missurus
1082 937 1262 1014 nonnum
1665 927 1733 992 379

399 1161 603 1222 auditorum
625 1179 697 1232 eos,
734 1161 796 1240 qui
828 1161 947 1224 aliena
969 1162 1095 1242 aperte
1119 1160 1295 1234 dixerunt,
1331 1178 1439 1239 quam
1469 1178 1531 1222 eos
1556 1160 1617 1240 qui
1640 1161 1734 1223 vicia

399 1268 661 1331 commiserunt.
684 1266 820 1330 Verum
843 1268 912 1340 Isti,
937 1269 1059 1331 dicent
1086 1268 1146 1340 illi,
1170 1267 1236 1330 hos
1260 1268 1395 1330 emulos
1418 1266 1538 1329 tuisse.
1574 1267 1734 1346 Ideoque

397 1374 435 1436 in
456 1374 669 1436 alterutrum
691 1375 868 1438 invexisse
890 1379 999 1456 atque
1024 1375 1193 1438 mentitos
1216 1375 1336 1438 luisse.
1361 1405 1404 1416 -
1438 1373 1535 1437 Cedo
1559 1374 1732 1438 conclusi·

398 1481 457 1542 oni
479 1483 681 1562 vestrisque
704 1483 895 1545 sentenciis
925 1483 1126 1562 acquiesco.
1165 1481 1212 1544 Et
1238 1483 1322 1562 quia
1357 1483 1470 1544 tocius
1506 1481 1732 1562 philosophie

397 1589 517 1662 robur,
530 1592 570 1651 ut
585 1589 637 1651 ait
650 1588 763 1662 Plato,
779 1590 965 1670 paciencia
981 1593 1045 1663 est,
1068 1589 1166 1652 unde
1185 1589 1333 1669 quidam
1348 1589 1606 1669 respondendo
1621 1588 1730 1650 male·

397 1695 512 1768 dictis,
538 1696 667 1775 quibus
691 1715 762 1758 non
775 1714 904 1777 parum
926 1696 1045 1759 luerat
1065 1700 1192 1770 motus,
1218 1715 1258 1759 se
1280 1715 1352 1758 non
1376 1714 1455 1758 esse
1478 1695 1731 1776 philosophum

397 1802 518 1882 prodit
541 1804 639 1882 apud
661 1799 885 1883 Torquatum
899 1802 919 1866 ¹.

506 1908 583 1972 Hos
617 1922 682 1991 ego
714 1911 825 1974 tuisse
859 1912 1090 1991 philosophos
1113 1923 1215 1993 nego.
1252 1910 1366 1974 Nemo
1399 1911 1546 1990 insuper
1582 1927 1729 1989 compos
1743 1911 1774 1973 6.

395 2017 523 2079 mentis
547 2017 778 2098 philosophos
801 2017 940 2092 dixerit,
957 2019 1019 2098 qui
1045 2019 1083 2081 in
1098 2019 1172 2081 suis
1187 2019 1412 2081 sermonibus
1428 2020 1623 2080 caruerunt
1637 2018 1728 2079 veri·

394 2125 478 2185 tate.
502 2121 534 2184 O
550 2141 659 2203 quam
673 2143 761 2205 sepe
782 2126 1008 2188 menciuntur
1030 2144 1053 2187 a
1075 2125 1288 2188 demonibus
1312 2125 1474 2204 decepti!
1501 2125 1594 2186 sicut
1617 2123 1729 2186 tradit

394 2231 645 2293 universaliter
666 2230 976 2313 Augustinus,
1000 2232 1077 2294 lib⁰
1099 2231 1259 2293 XVIIII
1283 2250 1374 2312 cap.
1390 2230 1534 2294 V11112!
1559 2229 1731 2292 Similiter

393 2339 609 2417 ubicumque
631 2357 702 2400 non
725 2339 839 2401 adiuti
862 2357 885 2402 a
906 2339 993 2412 Deo,
1017 2340 1084 2402 sed
1107 2357 1130 2402 a
1154 2340 1355 2420 semetipsis
1382 2339 1534 2401 virtutes
1563 2339 1620 2400 vel
1639 2338 1730 2400 vicia

394 2445 552 2508 diffinire
575 2445 805 2508 contendunt.
830 2444 890 2508 Sic
913 2446 1028 2528 stoyci
1050 2446 1276 2508 menciuntur
1297 2445 1583 2508 misericordiam
1599 2445 1730 2506 vicium

393 2553 480 2625 iore,
516 2553 714 2632 sapientem
748 2571 788 2615 se
823 2552 990 2615 occidere
1014 2571 1132 2634 posse,
1168 2556 1208 2615 ut
1232 2553 1389 2615 evadant
1421 2553 1583 2632 corporIs
1607 2569 1729 2632 penas.

394 2659 528 2722 Errant
549 2659 617 2721 hac
632 2661 692 2722 via
713 2660 936 2723 achademici
958 2661 1097 2724 incerta
1121 2664 1250 2723 cuncta
1263 2662 1447 2740 ponentes,
1472 2662 1509 2722 et
1530 2677 1602 2721 non
1618 2659 1730 2720 multo

393 2768 509 2830 minus
532 2767 759 2848 peripatetici
791 2787 930 2830 omnem
953 2771 1115 2830 nostram
1149 2768 1341 2830 scienciam
1365 2786 1387 2829 a
1409 2766 1574 2830 sensibus
1611 2767 1730 2827 ortum

393 2874 527 2937 babae
551 2875 722 2937 dicentes.
756 2874 812 2937 Ita
826 2872 1008 2956 Virgilius,
1025 2874 1212 2937 Platonem
1228 2873 1434 2954 aliqualiter
1449 2891 1616 2953 sequens,
1634 2891 1729 2934 men-

393 2983 479 3044 titus
504 2985 567 3054 est,
603 3000 707 3044 omne
739 2982 871 3044 vicium
893 3000 915 3043 a
938 3000 1091 3062 corpore
1125 2981 1345 3066 originaliter
1376 2981 1554 3061 pullulare
1594 2979 1728 3052 voleus,

393 3089 563 3170 originale
586 3091 774 3168 peccatum
797 3107 869 3151 non
891 3088 1054 3160 credens,
1084 3089 1146 3152 nbi
1169 3090 1234 3151 ait:

608 3246 743 3315 «ignens
759 3247 808 3299 est
824 3245 894 3298 ollis
913 3245 1012 3313 vigor,
1032 3247 1063 3300 et
1082 3247 1208 3299 celestis
1227 3246 1314 3314 origo

608 3333 817 3399 «Seminibus,
837 3336 991 3402 quantum
1008 3349 1072 3389 non
1089 3336 1183 3388 noxia
1201 3349 1332 3402 corpora
1350 3333 1487 3398 tardant,

607 3421 822 3492 ‹Terreniqne
839 3423 989 3478 hebetant
1006 3427 1100 3488 artns,
1118 3425 1365 3491 moribundaque
1381 3423 1521 3477 membra
1533 3417 1569 3474 »l

393 3567 486 3650 Sepe
509 3588 596 3632 vero
619 3569 711 3632 ialsa
734 3571 896 3633 scribunt
918 3572 977 3634 vel
998 3572 1171 3654 hystorici
1193 3571 1251 3633 vel
1281 3571 1434 3633 morales
1469 3568 1604 3642 favore,
1642 3568 1726 3629 odio

392 3677 450 3740 vel
473 3695 604 3739 amore.
635 3675 728 3740 Hinc
751 3677 1047 3760 leronymus
1082 3682 1264 3742 contra
1292 3677 1567 3759 Pelagium,
1597 3676 1726 3738 libro

392 3783 472 3844 ΙΙΙο
505 3783 640 3846 fatetur
662 3802 830 3865 expresse
856 3785 1089 3866 philosophos
1112 3787 1289 3859 mentitos,
1330 3787 1393 3848 ubi
1416 3785 1638 3865 scripserunt
1663 3781 1725 3844 So·

392 3893 527 3953 cratem
549 3909 693 3971 semper
715 3893 879 3954 eumdem
901 3894 1039 3955 vultum
1061 3891 1255 3956 habuisset
1282 3889 1485 3955 Ventumne
1510 3894 1565 3954 est
1581 3891 1630 3952 ad
1646 3894 1723 3952 tan·

391 4000 466 4060 tum
500 4016 668 4071 errorem,
704 4002 743 4061 ut
766 3998 976 4080 Xpistianus
1011 4000 1133 4081 palam
1157 4003 1193 4062 et
1216 4002 1369 4080 impune,
1407 4019 1526 4082 ymmo
1549 4015 1724 4061 commen·

386 4389 486 4453 prtrrc.
497 4413 528 4422 -
544 4386 603 4440 Sur
620 4386 840 4441 l'anthenticite
858 4390 898 4441 de
916 4390 965 4442 cet
984 4389 1069 4452 ecrit,
1088 4387 1125 4441 ct.
1145 4389 1322 4452 FABmclUS,
1340 4390 1482 4442 Biblioth.
1507 4391 1572 4442 Vnt.
1596 4387 1675 4442 Tom.
1712 4429 1719 4454 ,

389 4476 441 4529 lib.
459 4476 482 4539 I,
500 4490 566 4542 cap.
584 4485 650 4540 vm,
668 4472 687 4543 5
706 4476 733 4528 2.

496 4562 519 4630 ¹)
537 4565 572 4618 A.
590 4565 695 4618 Mam.
712 4567 789 4619 LEv.
808 4567 906 4621 ΒοΕτ.
934 4568 1086 4622 Consotnt.
1106 4569 1331 4636 Phitosophiae.
1349 4569 1386 4632 11,
1409 4584 1508 4636 proso
1526 4569 1591 4621 VII.
1618 4569 1721 4636 Migne

388 4654 491 4719 LXIII,
510 4655 572 4708 712.

496 4740 567 4809 ²)S.
584 4744 663 4798 AUR.
683 4746 763 4800 Aue.
782 4747 829 4800 De
849 4747 935 4800 civit.
954 4749 1021 4810 Det,
1042 4747 1119 4810 XIX,
1138 4758 1180 4800 1x.
1219 4747 1352 4816 «Magna
1377 4748 1589 4802 misericordia
1613 4762 1721 4801 neces-

389 4833 471 4886 saria
489 4835 546 4897 est,
563 4848 605 4886 ne
623 4834 787 4902 quisquam
804 4851 874 4888 cum
891 4837 990 4890 bonos
1009 4837 1144 4906 Angelos
1162 4837 1278 4890 amicos
1297 4851 1332 4889 se
1349 4837 1468 4890 habere
1486 4838 1582 4905 putat,
1606 4836 1720 4890 habeat

387 4921 487 4975 nudos
504 4921 673 4977 daemones
691 4924 805 4978 amicos
823 4924 922 4989 fictos,
947 4940 1064 4993 eosque
1082 4926 1169 4980 tanto
1186 4927 1392 4990 nocentiores,
1417 4928 1534 4994 quanto
1552 4927 1719 4980 astutiores

387 5025 424 5064 ac
440 5010 616 5066 fallaciores
634 5013 770 5080 patiatur
787 5014 960 5068 immicos».
978 5016 1015 5068 In
1036 5015 1129 5083 Oper.
1150 5017 1171 5068 t.
1189 5016 1252 5080 vn,
1271 5016 1329 5070 col.
1347 5015 1409 5070 ⁶36.

495 5097 656 5166 'Jvncom
675 5103 752 5156 Aen
770 5103 819 5166 VI,
838 5103 966 5158 730-733.

494 5188 516 5253 ⁴)
534 5189 648 5243 EUSEls
667 5191 800 5244 timeon.
823 5193 936 5247 Contra
953 5195 1117 5264 Pelagium,
1136 5196 1188 5248 lib.
1207 5196 1257 5260 111,
1276 5206 1369 5264 cap.1
1398 5196 1434 5249 In
1456 5196 1546 5264 Opar.
1566 5195 1602 5259 11,
1621 5194 1681 5248 597.
