4300 6117
902 936 1034 990 cvl
2116 938 2365 1001 INDEX

901 1227 1212 1293 CAPUT
1257 1229 1343 1293 V.
1397 1269 1476 1275 —
1526 1231 1642 1293 Ad
1690 1231 2005 1293 studium
2050 1228 2273 1292 Sacre
2321 1229 2691 1310 Scripture
2738 1231 3015 1310 pariter
3060 1233 3133 1291 et

1115 1339 1553 1402 intellectum
1621 1338 1858 1400 fidelis
1934 1338 2239 1416 quilibet
2307 1338 2682 1417 obligatur,
2750 1337 2848 1398 ad
2915 1337 3130 1416 quod,

1116 1446 1251 1507 nisi
1334 1446 1601 1526 previis
1694 1445 2021 1507 scienciis
2045 1490 2058 1515 ,
2145 1444 2591 1505 secularibus
2679 1444 3128 1524 nuncupatis,

1125 1553 1594 1615 communiter
1665 1552 2048 1633 pervenire
2116 1570 2258 1612 non
2331 1554 2589 1631 potest.
2691 1550 2911 1631 Igitur
2988 1569 3132 1611 non

1115 1659 1343 1722 solum
1402 1658 1680 1739 prefate
1745 1659 1983 1720 littere
2053 1677 2197 1719 non
2260 1661 2427 1720 sunt
2480 1657 2948 1738 prohibende,
2998 1658 3131 1719 sed

1000 1804 1009 1813 -
1123 1770 1196 1829 et
1241 1767 1706 1828 solertissime
1751 1766 2173 1845 imperande
2177 1809 3115 1826 .....................

900 1958 1211 2025 CAPUT
1256 1960 1376 2023 IV.
1439 1993 1509 2003 —
1568 1961 1978 2023 Sanctiores
2054 1960 2594 2040 Xpistianorum
2664 1964 2736 2022 et
2807 1960 3129 2022 utiliores

1115 2071 1322 2131 unice
1369 2069 1691 2149 religioni
1739 2069 1979 2130 divine
2042 2069 2257 2148 periti
2322 2069 2610 2129 fuerunt
2678 2068 3126 2129 secularibus

1115 2176 1481 2238 doctrinis,
1530 2175 1751 2256 Igitur
1795 2176 2069 2237 licitum
2115 2179 2225 2238 est
2274 2176 2668 2237 minoribus
2740 2178 2811 2237 et
2872 2193 3125 2255 sequa-

1117 2284 1317 2346 cibus
1366 2284 1558 2345 circa
1606 2284 1923 2344 studium
1970 2301 2216 2345 earum
2261 2283 2544 2344 versari
2562 2326 3107 2344 .............

898 2475 1210 2540 CAPUT
1254 2477 1410 2539 VII.
1461 2511 1546 2520 -—
1592 2476 1939 2539 Naturam
1988 2496 2129 2540 non
2176 2478 2502 2551 destruit,
2532 2495 2782 2539 verum
2814 2474 3120 2557 perficit,

1122 2587 1381 2665 gracia.
1460 2583 1608 2647 Sed
1673 2585 2076 2647 litterarum
2145 2586 2577 2646 secularium
2636 2585 2955 2646 studium
3018 2587 3127 2645 est

1114 2693 1460 2754 naturale.
1507 2690 1732 2773 Igitur
1775 2693 2018 2772 gracia
2063 2693 2519 2772 baptismatis
2548 2709 2691 2753 non
2722 2692 2909 2754 tollit
2940 2692 3126 2753 litte-

1114 2818 1359 2861 rarum
1405 2800 1837 2861 naturalium
1883 2818 2107 2870 usum,
2159 2799 2290 2862 sed
2333 2799 2584 2879 pocius
2641 2796 2950 2879 perficit,
3002 2798 3129 2859 im-

1114 2909 1353 2986 petrat
1400 2909 1472 2968 et
1518 2907 1973 2968 commendat
1979 2950 3021 2969 ........................
3054 2954 3062 2962 .
3099 2952 3109 2962 .

899 3097 1210 3165 CAPUT
1254 3099 1445 3162 VIII.
1498 3139 1577 3145 —
1629 3100 1987 3187 Quicquid
2034 3101 2312 3164 confert
2358 3103 2456 3164 ad
2490 3104 2670 3164 bene
2721 3102 3123 3172 vivendum,

1111 3209 1247 3270 hoc
1293 3209 1562 3271 habent
1604 3210 1843 3271 littere
1889 3210 2251 3271 seculares
2298 3213 2390 3281 et,
2439 3227 2573 3288 pro
2636 3210 2946 3270 maxima
3016 3209 3126 3269 sui

1112 3319 1321 3397 parte
1368 3316 1902 3396 opposicionem
1950 3334 2092 3378 non
2140 3317 2545 3378 admittunt.
2603 3316 2842 3396 Igitur,
2893 3316 3119 3377 nulla-

1112 3427 1319 3486 tenus
1366 3426 1532 3485 sunt
1572 3422 1969 3503 Xpistianis
2016 3423 2515 3485 interdicende
2560 3423 2675 3484 vel
2721 3423 3122 3485 interdicte.

777 3603 784 3606 ’
897 3614 1210 3681 CAPUT
1254 3617 1373 3680 IX.
1426 3650 1512 3660 —
1557 3617 1829 3699 Religio
1875 3618 2254 3699 Xpistiana
2301 3622 2409 3681 est
2471 3620 2626 3680 sola
2690 3618 3114 3680 universalis

1122 3726 1387 3806 religio.
1435 3724 1659 3805 Igitur
1706 3727 1803 3787 ad
1848 3727 2074 3788 solam
2124 3727 2534 3806 religionem
2565 3726 2778 3788 istam
2816 3726 3127 3805 pertinet

1112 3851 1322 3894 nosse
1367 3851 1648 3895 omnem
1676 3834 2096 3896 doctrinam.
2139 3832 2286 3895 Sed
2317 3831 2544 3895 Sacra
2575 3831 2949 3913 Scriptura
2982 3850 3126 3894 non

1115 3943 1224 4002 est
1270 3940 1497 4002 omnis
1568 3940 1918 4013 doctrina,
1970 3960 2098 4002 seu
2163 3958 2444 4002 omnem
2517 3940 2923 4003 doctrinam
2982 3958 3124 4000 non

1121 4047 1363 4109 tradit.
1414 4046 1636 4127 Igitur
1680 4052 1925 4128 preter
1957 4066 2204 4109 sacras
2256 4045 2567 4109 Litteras
2599 4050 2888 4128 oportet
2916 4046 3124 4127 Xpis-

1113 4154 1383 4216 tianum
1430 4158 1708 4217 ceteras
1755 4155 2032 4216 litteras
2080 4172 2291 4217 nosse
2341 4199 3110 4217 ..................

902 4365 1210 4429 CAPUT
1254 4367 1337 4430 X.
1387 4405 1466 4411 —
1518 4366 1885 4429 Nefarium
1942 4371 2051 4430 est
2099 4372 2169 4431 et
2237 4369 2675 4431 horrendum
2742 4369 3123 4431 detrahere

1118 4481 1282 4537 vir-is
1331 4476 1537 4537 bonis
1583 4478 1655 4537 et
1699 4475 2034 4538 laudibus
2080 4476 2330 4556 digniS.
2383 4475 2530 4538 Sed
2574 4478 2762 4538 inter
2807 4476 3116 4556 philoso-

1118 4585 1290 4661 phos
1349 4583 1552 4645 multi
1597 4581 1882 4656 fulsere,
1930 4584 2123 4644 omni
2191 4583 2500 4645 humano
2568 4569 2910 4664 preconio
2973 4602 3123 4659 ⁴me-

1117 4693 1254 4749 r‘iti.
1302 4688 1490 4770 Ergo
1540 4689 1679 4750 illis
1726 4689 2110 4752 detrahere
2158 4691 2295 4752 erit
2356 4702 2681 4770 magnum
2744 4693 3122 4769 peccatum

1114 4797 1489 4876 scelusque
1533 4797 1804 4876 grande
1843 4842 2345 4857 ............
2364 4829 2370 4837 ·
2379 4842 3105 4860 .................

902 5009 1206 5069 CAPUT
1282 5009 1398 5072 xl.
1477 5043 1560 5051 -—
1636 5008 2104 5072 Ethnicorum
2183 5012 2514 5074 doctrina
2607 5014 2719 5073 est
2791 5013 3120 5074 omnibus

1118 5117 1505 5197 Xpistianis
1554 5118 1747 5179 utilis
1794 5118 1890 5179 ad
1938 5118 2301 5180 salubrem
2377 5117 2601 5180 fidem
2669 5120 3119 5182 servandam.

1118 5226 1334 5301 Igitur
1375 5244 1517 5286 non
1565 5225 1793 5286 solum
1836 5226 2071 5305 legere
2117 5225 2302 5296 licet,
2351 5226 2482 5287 sed
2529 5226 2819 5306 expedit
2864 5226 3107 5289 valde.

3359 1156 3583 1207 Paci-:s

3311 1761 3581 1823 41—46

3302 2278 3574 2342 47—54

3305 2902 3388 2964 55
3409 2900 3569 2963 -62

3306 3418 3572 3481 63-75

3306 4151 3394 4214 76
3410 4151 3578 4213 -90

3258 4795 3563 4857 91—101

3218 5225 3573 5288 102—116
