4300 6117
862 901 1053 955 IOHANNIS
1076 901 1258 956 Dommcl
1477 927 1480 932 ·
1662 890 1724 952 105

476 1120 585 1186 Tales
608 1123 689 1186 illos
711 1122 822 1186 fuisse
846 1124 1005 1204 ipsorum
1028 1126 1303 1202 nostrorumque
1337 1124 1486 1186 tradunt
1519 1124 1723 1204 scriptores,
1740 1122 1772 1185 4.

386 1234 424 1294 et
447 1232 478 1294 si
501 1231 591 1293 illud
616 1231 857 1311 evangelicum
873 1231 1119 1310 exceptionem
1134 1249 1206 1292 non
1221 1229 1346 1292 habet:
1372 1250 1386 1283 ‹
1408 1249 1451 1292 ex
1473 1230 1724 1292 habundancia

387 1339 506 1401 cordis
530 1358 570 1401 os
592 1339 752 1418 loquitur
767 1334 808 1410 2¹,
836 1339 912 1399 iere
928 1337 1047 1399 omnia
1064 1356 1187 1398 eorum
1203 1337 1301 1400 dicta
1316 1338 1476 1409 moralia,
1494 1337 1725 1418 religiositate

385 1447 493 1526 plena
517 1445 720 1508 celorumve
741 1445 935 1507 amenitate
956 1444 1141 1525 spirantia,
1166 1443 1387 1525 persuadent
1402 1444 1481 1506 illos
1497 1444 1588 1506 tales
1603 1445 1723 1519 fuisse,

386 1553 512 1632 quales
546 1555 691 1614 autores
726 1554 913 1614 testantur.
949 1550 1073 1614 Nonne
1109 1552 1216 1632 igitur
1238 1550 1449 1630 nepharium
1480 1555 1534 1613 est
1556 1552 1593 1613 in
1616 1552 1724 1614 talem

386 1661 529 1721 turbam
563 1659 815 1721 criminatoriis
846 1659 1029 1738 insurgere
1059 1659 1191 1730 verbis,
1222 1658 1374 1722 virtutes
1398 1660 1600 1730 corrodere,
1628 1660 1725 1721 bona

386 1767 536 1847 caligine
560 1764 749 1838 offuscare,
775 1765 949 1828 infamare
973 1765 1119 1827 divina?
1142 1764 1200 1826 An
1222 1762 1387 1827 fortassis
1409 1764 1608 1844 Xpistiano,
1632 1767 1724 1828 veri·

385 1875 470 1936 tatis
509 1873 648 1946 cultori,
680 1873 737 1936 cui
771 1892 842 1935 non
876 1873 960 1934 licet
990 1873 1151 1934 ociosum
1181 1873 1345 1953 proferre
1368 1891 1577 1945 samonem,
1601 1873 1724 1936 licebit

386 1981 528 2042 mentiri
552 1983 588 2042 et
612 1999 691 2042 cum
725 1980 935 2061 acceptione
958 1998 1196 2060 personarum
1231 1998 1333 2041 suam
1367 1980 1572 2059 religionem
1602 1980 1724 2042 tueri?

385 2086 490 2149 Nulla
513 2087 640 2167 procul
663 2087 773 2149 dubio
796 2106 883 2149 vera
906 2087 1021 2148 virtus
1045 2087 1193 2148 alterius
1215 2088 1462 2167 oppugnatur²
1487 2087 1631 2157 virtute,
1656 2106 1723 2150 nec

385 2213 472 2274 opes
496 2195 642 2275 proprie
665 2194 817 2256 aliorum
840 2196 1056 2273 paupertate
1079 2194 1258 2254 fedantur.

474 2300 627 2364 Prodest
650 2302 797 2380 insuper
820 2301 869 2362 ad
891 2298 979 2362 fidei
1013 2318 1100 2361 vere
1132 2301 1320 2362 materiam
1351 2318 1422 2362 non
1456 2319 1583 2381 parum
1613 2302 1722 2381 genti·
1738 2298 1768 2360 5.

385 2409 470 2469 lium
487 2408 588 2470 dives
605 2409 753 2480 lectura,
778 2409 870 2470 sicut
885 2408 922 2468 in
946 2410 1191 2486 argumento
1215 2407 1349 2486 primo
1365 2397 1380 2490 ll
1405 2407 1524 2469 lucide
1542 2411 1652 2486 patet,
1676 2414 1721 2479 et,
1809 2404 1839 2465 B
1855 2405 1927 2466 22¹⁰

384 2515 507 2594 aliqua
529 2515 580 2576 ibi
603 2515 761 2577 obmissa
783 2514 820 2576 in
843 2514 1004 2576 hocloco
1021 2532 1088 2592 pro
1104 2514 1351 2594 supplemento
1368 2514 1645 2593 duxipon'enda.
1668 2514 1723 2577 De

385 2625 508 2683 eterna
546 2618 722 2700 namqueb
751 2621 989 2702 processione,
1023 2621 1099 2682 sive
1136 2621 1371 2701 generacione
1408 2621 1540 2693 divina,
1579 2623 1723 2701 scripsit

385 2726 572 2791 Hermes
595 2726 875 2800 Mercurius,
900 2729 993 2790 libro
1009 2725 1214 2807 quemfecit
1236 2724 1462 2789 DeVerbo
1485 2726 1722 2801 Perfecto²,

385 2836 531 2898 dicens:
556 2834 758 2897 «Dominus
783 2836 818 2897 et
841 2835 998 2897 omnium
1021 2835 1138 2896 factor
1162 2835 1311 2896 deorum
1334 2835 1530 2896 secundum
1553 2833 1638 2897 fecit
1662 2836 1724 2897 do·

387 2942 530 3014 minum,
556 2943 724 3020 quoniam
747 2940 840 3004 hunc
863 2940 948 3003 fecit
971 2941 1125 3020 primum
1148 2945 1184 3002 et
1207 2941 1322 3002 solum
1338 2944 1374 3002 et
1387 2960 1528 3015 verum;
1553 2943 1668 3004 bonus
1692 2944 1725 3005 ei

384 3049 481 3110 visus
506 3052 560 3110 est
585 3051 621 3110 et
643 3049 870 3128 plenissimus
893 3049 1050 3110 omnium
1072 3049 1249 3110 bonorum
1274 3051 1310 3109 et
1332 3048 1463 3110 letatus
1488 3051 1551 3123 est,
1576 3049 1634 3112 hic
1668 3053 1724 3112 est

384 3156 478 3218 filius
490 3155 672 3218 benedicti
684 3155 751 3217 Dei
764 3159 800 3217 et
813 3157 907 3218 bone
919 3155 1123 3227 voluntatis,
1143 3156 1243 3216 cuius
1256 3174 1385 3217 nomen
1401 3154 1554 3217 humano
1573 3175 1635 3218 ore
1651 3176 1723 3218 non

384 3265 503 3342 potest
526 3263 698 3325 enarrari.
737 3261 792 3324 De
827 3263 903 3324 solo
938 3261 1014 3324 Deo
1050 3261 1222 3324 Dominus
1258 3265 1313 3325 est
1335 3263 1492 3324 omnium
1517 3263 1723 3326 dominante

384 3369 460 3432 Deo
484 3369 705 3441 mortalibus,
736 3373 771 3432 et
795 3370 856 3448 qui
879 3370 927 3431 ab
950 3369 1153 3431 hominibus
1176 3388 1248 3431 non
1271 3371 1392 3449 potest
1414 3370 1591 3450 indignari
1614 3388 1723 3451 super

383 3476 543 3538 homines
568 3479 632 3538 est.
657 3474 762 3538 Hunc
786 3476 883 3539 Deus
907 3477 1032 3538 dilexit
1056 3477 1274 3556 unigenitum
1296 3495 1398 3538 suum
1419 3496 1446 3537 ».
1478 3474 1555 3538 Hec
1593 3479 1722 3540 recitat

384 3580 680 3654 Vincencius,
704 3584 798 3646 libro
814 3583 1057 3645 Naturalis
1081 3580 1323 3664 Hystorie³.
1342 3581 1558 3645 -Similiter
1572 3582 1720 3663 Porphi·

383 3691 467 3764 rius,
492 3708 573 3752 cum
593 3693 714 3752 tamen
736 3689 850 3753 forete
866 3691 1097 3753 adversarius
1114 3689 1393 3770 Xpistianorum,
1416 3688 1613 3770 Augustino
1630 3690 1720 3755 refe·

384 3801 494 3870 rente,
519 3798 612 3859 libro
635 3796 695 3859 De
720 3796 919 3860 Civitate
942 3797 1040 3871 Dei,
1066 3797 1224 3876 capitulo
1246 3805 1351 3869 xxm,
1376 3797 1469 3858 sicut
1483 3815 1591 3859 verus
1607 3798 1720 3878 plato·

384 3904 484 3966 nicus
505 3923 576 3966 non
598 3903 720 3966 infime
740 3905 787 3967 de
803 3900 979 3967 Trinitate
999 3905 1178 3966 disseruit.
1213 3903 1310 3965 Dicit
1329 3903 1423 3965 enim
1443 3901 1557 3965 Deum
1580 3907 1720 3985 patrem

385 4012 420 4072 et
452 4009 568 4073 Deum
600 4009 725 4082 filium,
750 4029 856 4090 quem
891 4010 998 4074 Greci
1035 4011 1220 4090 appellant
1252 4014 1439 4091 paternam
1474 4013 1628 4073 mentem
1662 4012 1721 4073 vel

384 4120 572 4196 paternum
586 4118 805 4180 intellectum
822 4115 843 4180 ⁴.
869 4117 966 4180 Inter
980 4118 1045 4180 hos
1062 4118 1245 4197 quoddam
1260 4117 1421 4188 tercium,
1438 4118 1536 4179 velut
1551 4119 1718 4190 medium,

385 4224 539 4286 fortasse
561 4223 733 4305 Spiritum
746 4224 925 4296 Sanctum,
952 4228 1110 4305 tangens,
1136 4243 1241 4304 quem
1264 4240 1329 4284 nos
1354 4242 1424 4284 non
1440 4222 1558 4286 Patris
1570 4228 1718 4297 tantum,

384 4349 455 4392 non
478 4332 592 4394 solum
615 4331 706 4404 Filii,
724 4333 789 4394 sed
805 4333 991 4411 utriusque
1014 4332 1165 4393 dicimus
1182 4329 1355 4411 Spiritum
1371 4349 1450 4393 esse
1467 4329 1718 4394 communem⁵.

384 4527 596 4537 ———..—

490 4659 522 4720 a)
541 4671 575 4702 =
596 4656 799 4724 impugnatur.
836 4657 868 4719 b)
888 4681 921 4692 -
939 4669 1084 4723 namque.
1120 4658 1149 4718 e)
1168 4671 1203 4701 =
1221 4653 1323 4708 fuerit.

491 4794 512 4860 ¹)
531 4797 560 4851 S.
579 4797 793 4862 Luc.,V1,45.

491 4882 512 4950 ⁷)
530 4886 555 4938 11
575 4887 660 4954 s'agit
679 4902 751 4940 sans
769 4887 864 4940 doute
882 4887 922 4939 ici
941 4887 984 4939 du
1001 4887 1149 4955 Dialogus
1166 4887 1210 4938 ad
1225 4886 1410 4953 Asclepium.

491 4971 513 5039 ⁸)
532 4975 576 5028 Cf.
596 4975 746 5028 Vmcml'r.
765 4975 932 5030 BURGUND.
952 4975 1115 5041 Speculum
1134 4976 1294 5038 Naturale,
1319 4975 1340 5038 1,
1359 4985 1389 5026 IL
1413 4974 1494 5027 Edit.
1513 4974 1621 5029 Venet.
1642 4975 1719 5039 1591,

383 5065 406 5115 t.
425 5061 473 5126 IV,
489 5064 516 5116 4.
535 5064 588 5116 Aa
604 5080 684 5117 sens.

490 5149 513 5216 ⁴)
532 5152 561 5206 S.
580 5153 661 5207 Aue.
679 5155 726 5207 De
747 5152 830 5206 civit.
849 5154 915 5218 Del,
933 5153 969 5218 Χ,
988 5163 1076 5206 xxm.
1096 5153 1146 5206 Ad
1165 5167 1246 5206 sens.
1265 5152 1301 5205 In
1321 5152 1493 5218 Oper.V11,
1512 5151 1573 5205 300.

490 5237 583 5306 ⁶)1n,
602 5243 672 5295 ibid.
