4300 6117
837 988 1024 1043 IOHANNIS
1048 989 1228 1043 DOMINICI
1628 980 1696 1044 309

360 1214 502 1294 peritur
524 1213 734 1292 simplicitas
757 1214 918 1275 veridica
950 1216 986 1276 et
1016 1211 1155 1276 falsitas
1180 1214 1387 1293 composita,
1423 1232 1494 1293 que
1517 1213 1696 1276 hominem

362 1322 436 1383 suis
461 1321 642 1383 erroribus
660 1321 770 1393 illicit,
796 1324 831 1383 et
854 1339 920 1400 per
942 1322 1060 1402 lingue
1085 1324 1295 1383 ornamenta
1318 1321 1467 1400 laqueos
1492 1321 1616 1383 dulces
1640 1340 1695 1382 as·

360 1428 488 1509 pergit.
528 1426 644 1489 Nichil
667 1428 761 1489 enim
791 1427 891 1509 aliud
914 1429 986 1508 agit
1017 1446 1119 1490 amor
1141 1428 1320 1490 mundane
1343 1428 1507 1500 sciencie,
1545 1429 1615 1490 nisi
1638 1447 1694 1489 ex-

362 1536 490 1597 tollere
514 1536 551 1595 in
573 1534 742 1597 laudibus
765 1535 943 1597 hominem
967 1539 1036 1598 etc.
1051 1534 1091 1591 »¹
1137 1534 1214 1620 Que
1237 1536 1335 1597 dicta
1358 1539 1441 1598 sunt
1464 1554 1583 1616 supra.

469 1638 651 1705 Terminet
666 1640 811 1703 Veritas
827 1643 951 1721 prima,
977 1643 1075 1704 iuxta
1089 1643 1307 1704 sentenciam
1331 1642 1591 1722 Augustini,
1616 1661 1696 1722 pre·
1712 1636 1765 1702 17.

360 1751 500 1810 sentem
517 1749 716 1811 articulum.
741 1749 802 1811 Ait
818 1750 911 1811 enim
933 1751 970 1812 in
985 1749 1169 1829 quoddam
1192 1768 1365 1822 sermone,
1391 1750 1443 1811 de
1466 1748 1696 1829 Apostolis

359 1867 488 1935 agens:
530 1855 705 1935 «Xpistus
739 1856 862 1918 Ihesus
885 1856 1033 1935 Petrum
1057 1860 1093 1919 et
1116 1857 1299 1918 Andream
1324 1860 1358 1918 et
1382 1857 1482 1927 alios,
1517 1876 1584 1936 per
1606 1875 1696 1936 quos

363 1965 535 2041 operatus
558 1966 613 2025 est
637 1963 788 2025 salutem
811 1965 848 2024 in
872 1964 991 2026 medio
1007 1968 1113 2035 terre,
1138 1982 1210 2026 non
1233 1964 1279 2025 de
1306 1963 1384 2026 loro
1410 1963 1605 2035 Iustiniani,
1631 1963 1697 2025 s'ed

360 2068 411 2130 de
436 2070 665 2148 simplicitate
688 2071 883 2149 piscatoria
898 2072 1027 2152 legitur
1043 2071 1279 2151 assumpsisse
1294 2094 1309 2126 »
1322 2070 1342 2131 ².
1367 2070 1474 2133 Inssat
1492 2072 1584 2133 enim
1600 2071 1695 2150 sapi·

358 2178 465 2238 ¹eucia
487 2176 591 2238 huius
617 2178 749 2265 mundi,
775 2181 810 2240 et
832 2179 948 2259 legum
972 2181 1124 2240 ventosa
1147 2178 1357 2257 loquacitas
1382 2145 1498 2258 stlegIt
1516 2179 1610 2239 enim
1623 2196 1696 2239 non

360 2295 474 2363 reges,
509 2302 581 2345 non
604 2288 798 2357 senatores,
836 2304 906 2347 non
936 2284 1177 2367 phylosophos
1209 2286 1275 2347 sed
1297 2285 1468 2364 plebeios,
1506 2303 1695 2364 pauperes,

363 2391 538 2455 indoctos.
563 2392 771 2471 piscatores,
796 2393 993 2455 ineruditos
1011 2393 1219 2455 liberalibus
1242 2393 1450 2472 disciplinis,
1474 2411 1545 2454 non
1561 2381 1710 2471 perilos‘

360 2498 569 2578 gramatIca,
587 2518 658 2561 non
675 2502 832 2562 armatos
845 2500 1055 2581 dyalectica‚
1080 2519 1151 2561 non
1168 2490 1181 2583 ΙΙ
1200 2498 1380 2561 rethorica
1396 2499 1551 2561 inflatos.
1577 2497 1696 2560 Pisca-

363 2607 460 2666 tores
487 2604 635 2685 Xpistus
672 2625 752 2668 cum
776 2608 912 2669 retibus
936 2606 1023 2668 fidei
1046 2607 1282 2687 paucissimos
1305 2607 1411 2679 misit,
1447 2609 1557 2685 atque
1580 2606 1631 2667 ita
1654 2624 1697 2667 ex

361 2712 459 2771 omui
482 2724 611 2793 genere
635 2716 709 2775 tam
732 2713 861 2775 multos
885 2715 1001 2793 pisces
1019 2717 1055 2775 et
1070 2717 1171 2776 tanto
1186 2713 1434 2786 mirabiliores,
1453 2716 1587 2793 quanto
1608 2713 1696 2774 rari.-

363 2836 456 2889 ores,
484 2821 596 2881 eciam
620 2821 718 2899 ipsos
742 2819 981 2902 philosophos,
1008 2821 1180 2901 cepit...

471 2924 684 3006 superesset
707 2928 863 3007 probare
897 2928 994 2990 illam
1016 2928 1235 2989 mundanam
1258 2917 1274 3010 ss
1303 2928 1504 2990 doctrinam
1535 2927 1696 2989 sodalem
1711 2924 1764 2989 18.
1787 2922 1903 2988 L7410

364 3034 526 3095 caritatis
551 3054 622 3097 non
646 3054 734 3108 esse,
771 3036 847 3097 sine
870 3055 951 3116 qua,
987 3035 1243 3116 Apostolo
1274 3035 1312 3097 id
1342 3033 1472 3097 diffuse
1506 3036 1695 3124 scribente,

362 3160 468 3203 nemo
490 3145 610 3220 potest
633 3142 766 3204 salvari
777 3140 797 3215 ³,
824 3144 889 3204 sed
913 3144 997 3222 quia
1018 3143 1086 3204 hec
1110 3162 1180 3204 non
1204 3145 1259 3205 est
1274 3142 1479 3214 ambiciosa,
1505 3161 1571 3204 nec
1595 3142 1697 3203 inila·

365 3248 455 3319 turi,
494 3250 627 3329 illaque
652 3253 707 3311 est
728 3250 796 3311 hiis
819 3251 919 3311 viciis
944 3252 1156 3331 constipata,
1184 3248 1405 3330 superfluum
1428 3252 1515 3329 puto
1540 3250 1637 3311 circa
1658 3248 1697 3309 id

362 3356 639 3428 observandum,
678 3359 714 3418 et
736 3358 844 3419 tinem
880 3357 983 3419 huius
1017 3358 1196 3437 scripture
1220 3357 1359 3419 conciio
1395 3357 1511 3437 gradu
1541 3356 1696 3435 requiro.

365 3460 451 3525 Sola
474 3464 568 3525 enim
592 3464 735 3537 caritas,
765 3463 826 3525 De
848 3463 1068 3526 Doctrina
1090 3463 1336 3544 Xpistiana
1360 3464 1539 3525 scribente
1562 3462 1699 3543 Augus·

245 3628 247 3634 s
362 3570 449 3641 tino,
489 3573 544 3633 est
567 3590 637 3650 que
660 3572 770 3633 vincit
793 3572 921 3643 omnia,
958 3574 993 3633 et
1016 3572 1094 3633 siue
1118 3589 1190 3650 qua
1223 3571 1330 3632 nichil
1352 3571 1473 3632 valent
1500 3570 1628 3643 omnia,
1665 3572 1700 3631 et

365 3696 446 3757 que,
459 3678 675 3758 ubicumque
697 3677 813 3750 fuerit,
829 3678 939 3740 trahit
963 3678 1073 3739 adse
1099 3678 1227 3739 omnia.
1253 3677 1382 3739 Amate
1407 3678 1610 3749 scienciam,
1635 3676 1700 3737 sed

364 3786 574 3863 anteponite
590 3785 786 3847 caritatem.
812 3782 975 3848 Sciencia
1000 3786 1029 3847 si
1052 3785 1130 3847 sola
1155 3785 1201 3846 sit
1216 3785 1337 3857 inflat,
1363 3786 1448 3864 quia
1463 3803 1551 3846 vero
1567 3784 1699 3845 caritas

363 3891 522 3962 edificat,
541 3894 733 3954 scienciam
748 3911 818 3953 non
833 3894 1008 3971 permittit
1023 3892 1153 3953 inflari.
1168 3914 1182 3948 s
1198 3890 1210 3927 ⁵
1232 3924 1276 3933 —
1298 3890 1353 3952 Ex
1368 3890 1435 3954 hoc
1460 3890 1558 3953 Ionte
1574 3890 1699 3952 salutis

365 4000 532 4078 procedit
556 4000 653 4080 quod
669 4018 775 4061 sacra
788 3997 976 4079 Scriptura
992 4000 1142 4061 crimina
1154 4001 1279 4060 narrat
1290 3998 1528 4078 quorumdam
1541 4000 1577 4060 et
1589 3998 1700 4060 adicit

364 4125 489 4186 penas,
514 4108 639 4169 volens
662 4125 790 4169 sanare
814 4107 914 4168 ulcus
939 4109 975 4167 et
998 4107 1156 4175 vulnera,
1193 4124 1262 4185 que
1285 4106 1464 4168 tradendo
1487 4105 1622 4167 mellite
1645 4123 1700 4167 ce·

367 4216 444 4275 tere
468 4214 587 4276 littere
611 4215 659 4276 ad
682 4215 797 4275 instar
817 4214 984 4275 virulenti
1009 4212 1208 4293 scorpionis
1224 4214 1525 4292 perniciosissime
1544 4212 1698 4293 gignunt.

364 4318 440 4382 Sed
463 4320 521 4382 hic
545 4321 593 4382 ad
616 4323 824 4400 sequentem
847 4320 1039 4382 articulum
1063 4320 1183 4382 aditus
1208 4320 1378 4400 aperitur.

363 4515 578 4525 ψ

475 4645 496 4711 ¹)
517 4646 643 4709 lsmou,
661 4645 793 4699 Sentent.
814 4645 864 4709 111,
883 4655 946 4708 xm,
965 4646 990 4709 8,
1008 4646 1034 4708 9,
1053 4647 1112 4698 col.
1128 4644 1256 4699 687-688.

477 4732 498 4801 ⁹)
518 4735 563 4788 Ct.
585 4736 614 4788 S.
635 4734 714 4788 Aue.
734 4734 839 4788 Sermo
857 4734 960 4800 XLIII,
979 4745 1010 4786 v.
1031 4735 1066 4787 In
1081 4734 1172 4801 oper.
1190 4736 1240 4798 Vt,
1259 4733 1320 4787 2⁵6.

474 4822 495 4889 ³)
514 4825 527 4877 l
549 4825 614 4878 Cor.
633 4825 711 4886 XIII,
732 4826 757 4877 2.

473 4912 495 4979 ⁴)
514 4914 528 4965 I
551 4914 612 4967 Cor,
635 4915 714 4977 XIII,
731 4916 757 4979 4,
777 4916 801 4969 5.

472 4998 494 5067 ὅ)
514 5004 555 5057 Ce
573 5006 667 5069 texte,
687 5004 759 5072 deta
778 5006 836 5057 cite
855 5020 913 5071 par
931 5004 1091 5068 Dominici,
1110 5020 1139 5072 p.
1154 5004 1214 5067 128,
1231 5017 1272 5056 ne
1291 5018 1324 5057 se
1342 5004 1452 5056 trouve
1464 5017 1521 5069 pas
1539 5001 1699 5054 textuelle-

364 5094 450 5146 ment
468 5093 546 5145 dans
565 5093 595 5147 le
613 5095 659 5147 De
677 5096 826 5147 Doctrina
847 5094 965 5158 Christ,
981 5095 1024 5148 du
1041 5094 1141 5147 molns
1159 5108 1239 5147 nous
1257 5106 1298 5145 ne
1315 5092 1434 5145 l'avons
1452 5106 1510 5159 pas
1523 5091 1699 5167 decousert.

365 5182 426 5234 Par
446 5182 562 5245 contre,
581 5182 603 5234 il
622 5184 670 5237 est
688 5184 805 5250 permIs
823 5184 895 5236 d'en
912 5184 1077 5237 deconvrir
1095 5183 1143 5236 les
1161 5183 1312 5235 elemento
1330 5196 1370 5235 en
1383 5180 1538 5248 plusieurs
1551 5187 1699 5247 passages

366 5270 410 5325 du
426 5272 528 5325 meme
546 5272 647 5325 tralte'.
670 5272 714 5325 CI.
736 5274 757 5335 1,
777 5282 900 5326 xxxvm
918 5275 1084 5337 etxxx1x;
1103 5272 1139 5337 II,
1158 5282 1219 5324 ω.
1238 5271 1274 5323 In
1294 5270 1385 5337 Oper.
1406 5270 1471 5336 111⁸,
1490 5269 1535 5333 ³5,
1553 5270 1597 5335 ³⁶,
1614 5269 1658 5323 64.
