4300 6117
861 905 1049 960 IOHANNIS
1071 904 1254 960 DOMINICI
1661 894 1726 956 411

393 1134 429 1194 et
452 1131 531 1192 aliis
561 1131 762 1192 nominibus
796 1129 892 1192 fictis
915 1130 1141 1192 interdumve
1177 1147 1222 1191 ex
1254 1129 1349 1192 veris
1383 1128 1540 1191 historiis
1576 1129 1727 1208 sumptis

392 1237 549 1300 archana
581 1239 711 1300 natura
745 1239 808 1300 aut
840 1237 1021 1299 hominum
1056 1239 1157 1317 gesta
1191 1237 1339 1316 obliqua
1369 1236 1427 1299 vel
1461 1237 1562 1298 recta
1595 1237 1728 1298 canunt

392 1347 508 1425 poete,
541 1363 658 1423 neque
682 1363 725 1406 ex
746 1344 814 1407 hiis
838 1347 927 1423 puto
963 1363 1024 1406 eos
1047 1362 1091 1406 ex
1114 1345 1204 1406 urbe
1233 1344 1419 1423 pellendos
1444 1346 1481 1406 et
1504 1344 1602 1405 orbe.
1641 1339 1724 1415 Sed,

393 1451 477 1530 quia
500 1470 581 1513 cum
603 1451 809 1514 infidelibus
832 1449 1030 1531 Xpistianis
1066 1451 1298 1513 conversacio
1331 1452 1489 1531 negatur,
1528 1449 1726 1530 precipitur

392 1560 438 1620 ab
473 1559 639 1621 hereticis
673 1559 864 1621 abstinere.
899 1557 1149 1621 Maledictioni
1184 1557 1303 1619 divine
1326 1549 1342 1640 ll
1379 1557 1565 1619 subiacent
1597 1575 1726 1620 nomen
1798 1555 1943 1620 Ι.118νο

391 1665 533 1728 Domini
555 1665 755 1746 polluentes
767 1664 787 1728 ¹.

499 1771 537 1834 Si
560 1773 718 1835 delectat
739 1775 865 1853 poetas
898 1772 1016 1853 legere
1051 1776 1087 1834 et
1120 1771 1308 1834 moralium
1342 1774 1509 1834 auctores
1547 1771 1725 1834 dictorum
1739 1767 1771 1833 5.

390 1882 541 1959 propter
563 1880 790 1943 dnlcedinem
811 1881 916 1959 metri
940 1883 976 1942 et
999 1879 1133 1959 eloquii
1148 1881 1381 1951 venustatem,
1405 1896 1549 1940 necnon
1571 1879 1725 1941 sciencie

390 1987 607 2068 partibiliter
629 1989 749 2050 tamen
770 1988 968 2059 veritatem,
991 1987 1156 2067 legantur
1178 1987 1294 2065 primo
1316 1981 1507 2065 Torqua
1521 1987 1615 2057 tus,
1640 1987 1725 2049 buc·

392 2095 542 2159 culicum
582 2093 822 2157 Petrache
861 2093 1123 2166 Dantisve,
1167 2092 1463 2166 Prudencii,
1502 2091 1723 2166 Sedulii,

389 2202 647 2274 Aratoris,
672 2200 920 2264 Iuvencii.
946 2199 1067 2286 Quare
1089 2200 1157 2262 hiis
1181 2200 1345 2262 omnibns
1361 2217 1529 2262 auroram
1551 2199 1725 2263 Biblie

390 2328 461 2372 non
483 2309 661 2389 premitto,
692 2308 754 2371 nbi
777 2309 883 2370 simul
905 2308 1008 2380 tides,
1031 2308 1143 2388 lepor,
1182 2307 1364 2389 hystorica
1386 2308 1522 2369 veritas
1545 2307 1725 2370 habentur

390 2421 426 2480 et
448 2419 601 2479 metrum
616 2415 950 2496 Xpistianissimum.
984 2414 1076 2475 Ala
1089 2435 1112 2476 n
1124 2434 1147 2477 u
1160 2433 1196 2475 m
1220 2413 1373 2477 dulciter
1394 2415 1512 2477 metro
1536 2419 1724 2478 canentem

390 2522 520 2586 Ovidio
534 2542 605 2586 non
619 2521 822 2604 postpono².
846 2520 1029 2584 Habemus
1052 2521 1231 2601 Xpistiani
1255 2519 1457 2602 theologum
1480 2521 1512 2583 A
1527 2534 1647 2603 ugus
1660 2523 1722 2585 ti-

389 2650 514 2703 num,
549 2631 837 2693 Ieronimum
863 2629 1092 2710 hystoricum,
1127 2627 1377 2709 philosophum
1400 2628 1721 2704 Ambrosium,

390 2738 670 2819 Gregorinm
692 2738 874 2810 moralem,
887 2736 1124 2799 doctrinalem
1148 2735 1526 2811 chrisostomum,
1550 2737 1722 2800 Nazan·

389 2865 539 2909 zenum
560 2821 865 2923 Nixennmque
890 2863 970 2906 cum
990 2843 1180 2906 Basilio
1203 2845 1473 2924 persuadentes,
1498 2844 1721 2927 Hylarium

389 2956 425 3016 et
447 2952 809 3014 Damascenum
832 2948 1041 3032 profundos,
1066 2950 1116 3012 ad
1139 2970 1279 3013 omnem
1302 2953 1490 3015 materiam
1512 2949 1721 3014 Thomam

388 3060 567 3123 subtiliter
590 3059 842 3138 disputantem,
871 3059 907 3120 et
929 3059 978 3119 ad
999 3058 1171 3131 ultimum,
1196 3059 1350 3122 morales
1373 3060 1485 3122 libros
1503 3061 1720 3124 venerabilis

388 3165 685 3238 Petrarche,
720 3165 920 3228 honorandi
944 3162 1238 3228 Certaldini
1270 3167 1395 3245 tuique
1418 3168 1648 3247 quamplures
1682 3169 1720 3230 in

388 3273 483 3337 omni
506 3275 635 3336 uberes
658 3273 839 3346 facultate,
864 3290 1027 3335 sermone
1051 3275 1222 3353 comptos,
1260 3272 1411 3337 refertos
1445 3275 1614 3348 moribus,
1647 3274 1719 3338 vir·

387 3382 524 3444 tutibus
548 3381 676 3452 ebrios,
700 3380 869 3442 fundatos
891 3378 975 3452 fide,
999 3379 1036 3440 in
1059 3378 1174 3442 Deum
1197 3381 1335 3442 animas
1357 3381 1549 3461 rapientes,
1567 3384 1602 3445 et
1625 3383 1720 3445 ultra

387 3488 455 3552 hoc
477 3484 723 3548 Tulliana
746 3487 957 3566 eloquencia
979 3487 1193 3549 redolentes.

495 3593 567 3656 Cur
588 3594 734 3656 nitimur
765 3595 804 3656 in
825 3594 975 3656 vetitum
1010 3611 1152 3674 semper
1187 3595 1420 3674 cupimusque
1448 3596 1601 3677 negata?
1639 3595 1717 3679 Eya
1731 3598 1762 3660 6.

386 3720 526 3765 mecum
548 3702 642 3782 agite
665 3704 869 3781 presentem
892 3719 1037 3762 causam
1059 3700 1128 3763 Dei
1150 3702 1398 3781 vestramque!
1423 3701 1617 3766 Presertim
1640 3705 1717 3784 qui·

386 3810 454 3871 bus
477 3808 659 3870 scribendi
681 3806 779 3869 Deus
801 3827 874 3870 non
895 3827 1047 3888 parvam
1070 3809 1220 3871 contuIIt
1241 3811 1408 3890 graciam,
1433 3813 1470 3873 et
1491 3815 1615 3890 patres
1636 3831 1718 3875 ves·

386 3918 462 3979 tros
485 3934 556 3977 non
579 3915 699 3978 hostes
722 3914 939 3996 persuadete
961 3915 1109 3995 legibus,
1134 3935 1205 3995 que
1227 3918 1364 3980 sancite
1388 3918 1425 3979 in
1448 3919 1555 3981 scolis
1576 3937 1717 3999 promo·

386 4025 467 4085 vete
490 4022 670 4103 legendos.
709 4020 804 4107 Quid
826 4023 941 4084 sinitis
976 4023 1077 4085 abire
1110 4025 1251 4103 tempus
1274 4024 1311 4085 in
1334 4025 1487 4088 vanum?
1524 4021 1646 4089 Tineis
1680 4030 1719 4089 et

385 4130 594 4210 pulveribus
617 4129 832 4192 redolendos
856 4129 962 4192 editis
984 4130 1153 4192 laudibus
1176 4131 1319 4193 codices
1343 4133 1471 4195 merito
1490 4133 1625 4213 dignos.
1650 4132 1716 4196 Illo

386 4237 479 4299 enirn
502 4236 624 4298 divino
647 4235 766 4299 edicto
792 4236 913 4298 «sicut
927 4234 1043 4299 fecisti
1059 4235 1125 4299 fiat
1141 4237 1207 4300 tibi
1224 4235 1258 4293 »³
1280 4257 1345 4301 nos
1365 4239 1557 4304 iustissime
1585 4243 1715 4321 tanget.

493 4559 514 4628 ¹)
533 4559 882 4626 ct.1.0vu.xvm,21;
901 4573 965 4627 xIx,
986 4564 1029 4616 12.

492 4646 513 4716 Υ)
530 4649 617 4703 Dans
635 4665 670 4704 sa
687 4650 823 4717 reponse
841 4653 860 4705 a
877 4652 908 4704 la
929 4652 1066 4706 ‹Lucula
1077 4672 1100 4716 ι,
1126 4654 1323 4719 Epistolurlo,
1347 4655 1369 4708 t.
1390 4654 1439 4719 IV,
1458 4656 1510 4708 lib.
1529 4656 1606 4718 XIV,
1626 4656 1714 4723 epist.

385 4737 489 4802 XXIV,
513 4753 543 4806 p.
562 4739 624 4802 232,
649 4739 711 4793 eol.
730 4739 860 4794 Salutati
884 4741 1018 4794 hesitera
1043 4741 1062 4793 a
1089 4743 1208 4797 classer
1233 4743 1334 4810 parmi
1358 4745 1403 4796 les
1429 4745 1537 4812 poetes
1562 4745 1652 4798 Alain
1675 4746 1715 4798 de

384 4827 476 4881 Lille:
513 4828 742 4882 «Peccauerunt
760 4833 898 4898 graviter
922 4830 1044 4883 Alanus
1067 4834 1160 4898 atque
1182 4834 1345 4897 Iohannes,
1371 4837 1426 4899 qui
1449 4837 1479 4886 et
1503 4834 1715 4888 Architrenius

384 4918 483 4970 dietus
500 4920 555 4981 est,
579 4919 663 4984 quod
679 4919 775 4972 libros
790 4935 866 4972 suos
877 4918 1035 4989 figmentis
1049 4923 1180 4987 poettcle
1198 4924 1228 4974 et
1245 4923 1384 4975 versibus
1403 4925 1592 4976 ediderunt».
1629 4923 1715 4978 Dans

383 5022 445 5060 nne
462 5009 552 5060 autre
568 5007 671 5071 lettre,
688 5009 709 5061 t
727 5009 777 5072 111,
796 5010 847 5062 lib.
865 5009 930 5074 ΧΠ,
949 5011 1038 5078 epist.
1056 5010 1092 5075 V,
1110 5027 1140 5078 p.
1159 5011 1220 5064 483.
1251 5011 1381 5064 Salutatl
1406 5013 1546 5082 rangeaIt
1565 5013 1656 5066 Alain
1675 5014 1715 5068 de

383 5095 461 5149 Lille
478 5098 579 5163 parmi
595 5096 643 5150 les
661 5098 778 5164 poetes.

490 5181 511 5251 ³)
530 5184 575 5238 ci.
593 5185 720 5250 Abdias,
740 5188 783 5240 15.
