4300 6117
439 910 504 971 362
821 978 824 983 ,
944 922 1103 975 LUCULA
1125 919 1264 974 NOCTIS

438 1142 552 1204 Multo
575 1144 686 1222 magis
711 1144 830 1217 ceteri,
856 1163 938 1205 nam
951 1142 1129 1215 Socrates,
1153 1145 1349 1207 instructor
1373 1144 1542 1216 Platonis,
1566 1143 1771 1207 Aristotelis

371 1228 375 1236 ’
437 1251 605 1329 magistri,
618 1254 700 1330 post
715 1250 871 1312 Esdram
887 1252 1019 1312 dicitur
1032 1251 1208 1313 docuisse.
1232 1251 1383 1314 Nostros
1400 1255 1530 1322 tamen,
1552 1271 1622 1313 non
1637 1270 1769 1323 omnes,

437 1356 609 1437 Orpheus,
633 1357 751 1430 Linus,
777 1358 932 1429 Museus,
959 1360 1046 1420 etsi
1071 1359 1151 1437 quis
1176 1358 1266 1420 alius
1291 1360 1407 1421 extitit
1429 1360 1524 1421 inter
1545 1371 1669 1439 grecos
1695 1359 1770 1438 phi-

435 1465 612 1545 losophos,
647 1466 860 1544 antiquitate
885 1466 1054 1545 temporis
1077 1469 1340 1546 precesserunt.
1378 1464 1636 1529 Verumtamen
1656 1467 1769 1527 nostri

435 1574 503 1634 viri
538 1573 739 1652 sapientes:
775 1572 942 1643 Abraam,
972 1573 1085 1645 Isaac,
1119 1572 1227 1634 Iacob
1262 1575 1299 1635 et
1329 1574 1408 1653 ipse
1444 1572 1589 1655 Moyses
1620 1571 1770 1652 prefatis

435 1680 559 1760 grecis,
577 1680 678 1741 annis
695 1683 730 1741 et
747 1681 927 1759 dignitate,
941 1680 1170 1742 inveniuntur
1185 1680 1324 1760 priores
1333 1677 1353 1742 ¹.
1371 1712 1415 1722 —
1433 1679 1515 1741 «Eo
1534 1681 1669 1760 anppe
1684 1682 1770 1741 tem-

436 1806 532 1867 pore,
557 1805 628 1866 quo
643 1786 786 1867 Moyses
809 1790 914 1848 natus
939 1790 1002 1859 est,
1027 1786 1137 1850 tuisse
1160 1788 1340 1868 reperitur
1361 1787 1521 1860 Athalas,
1544 1788 1606 1848 ille
1623 1799 1770 1866 magnus

435 1895 644 1973 astrologus
672 1926 712 1937 —-
744 1895 805 1973 qui
828 1895 942 1955 fertur
965 1895 1051 1956 celis
1080 1895 1288 1956 submisisse
1309 1895 1475 1967 lacertos,
1501 1926 1544 1935 -
1567 1892 1770 1955 Promethei

434 2000 556 2073 frater,
574 2005 755 2063 maternus
779 2020 867 2062 avus
882 1999 1054 2063 Mercurii
1076 2002 1247 2063 maioris»
1262 2001 1283 2073 ²,
1304 2001 1365 2080 qui
1384 2001 1481 2080 cepit
1505 2001 1695 2062 multarum
1714 2019 1769 2059 ar·

436 2110 529 2170 cium
544 2109 672 2170 doctor
694 2109 866 2187 plurimos
887 2109 1084 2187 discipulos
1102 2110 1256 2170 erudire.
1281 2106 1351 2170 Ubi
1368 2108 1463 2187 cepit
1479 2119 1573 2187 ergo,
1598 2111 1769 2187 regnante

435 2215 594 2289 Romulo,
609 2216 704 2277 latex
715 2214 828 2277 Israel
840 2214 1022 2295 profluere
1035 2215 1082 2277 de
1098 2214 1258 2277 tontibus
1268 2213 1477 2287 Salvatoris,
1494 2215 1545 2275 ilii
1562 2214 1684 2294 cupidi
1695 2215 1770 2274 lau·

436 2324 521 2385 dum
543 2324 621 2397 viri,
647 2341 690 2384 ex
712 2323 896 2403 prophetis
920 2324 1053 2384 sanctis
1069 2324 1195 2402 potati,
1220 2323 1534 2400 tradideruntque
1551 2321 1769 2390 nesciebant,

436 2450 529 2492 vana
552 2431 824 2510 presumpcione
848 2430 989 2491 illorum
1014 2432 1130 2491 textus
1165 2432 1200 2491 et
1232 2431 1449 2491 verbotenus
1485 2429 1663 2490 coloratos
1697 2447 1769 2487 mu·

436 2542 563 2611 tantes,
589 2541 624 2599 et
648 2540 772 2599 contra
795 2537 1033 2599 intencionem
1049 2535 1203 2617 Spiritus
1221 2535 1353 2609 Sancti,
1371 2538 1524 2598 veritate
1539 2538 1769 2615 repugnante,

436 2646 625 2725 glosantes.

439 2870 650 2877 -Μ

543 3048 564 3115 ¹)
583 3049 612 3102 S
629 3051 707 3104 ΑΗΚ.
721 3052 801 3103 AUG.
820 3053 866 3102 De
888 3050 972 3103 Civit.
991 3054 1057 3114 Dei,
1077 3050 1183 3114 XVIII,
1203 3060 1323 3112 xxxvn,
1342 3051 1385 3101 ud
1402 3064 1482 3101 sens.
1501 3047 1564 3101 597.

544 3138 563 3201 “·’)
582 3140 635 3203 ΙΙ).,
653 3142 700 3192 De
720 3139 803 3193 curt.
822 3142 887 3203 Dei,
906 3140 1012 3204 XVIII,
1033 3150 1120 3191 xxlx.
1140 3139 1206 3192 Cite
1225 3138 1469 3201 textuellement,
1488 3139 1531 3189 ad
1543 3135 1602 3200 sin.
1622 3135 1658 3187 In
1679 3133 1770 3199 oper.

437 3232 500 3294 VII,
520 3231 582 3284 599.
