4300 6117
849 976 1035 1031 IOHANNIS
1057 977 1238 1031 DOMINICI
1582 967 1587 976 ’
1647 965 1709 1029 157

371 1204 479 1280 prout
504 1202 550 1263 de
573 1201 800 1281 philosophia
824 1201 1004 1280 loquimur
1026 1200 1094 1262 hic.
1118 1200 1201 1279 lpse
1236 1217 1378 1279 quoque
1414 1198 1591 1272 Salomon,
1615 1202 1711 1280 prin·

371 1326 458 1388 ceps
493 1308 617 1388 populi
654 1309 867 1370 constitutus
901 1327 924 1370 a
959 1307 1112 1369 Domino
1144 1306 1231 1378 Deo,
1281 1309 1420 1369 tantum
1458 1309 1537 1368 iura
1574 1309 1711 1388 petivit,

374 1415 504 1495 quibus
528 1415 614 1476 dum
636 1416 748 1495 viguit
771 1433 848 1477 rem
870 1415 1053 1494 publicam
1069 1414 1236 1476 dilatavit
1251 1414 1384 1494 spacio,
1401 1414 1594 1476 virtutibus
1607 1415 1712 1478 deco·

372 1523 475 1594 ravii,
516 1523 690 1584 stabilivit
728 1523 897 1601 equitate,
938 1522 1079 1584 diviciis
1119 1522 1314 1601 ampliavit,
1353 1519 1513 1583 firmavit
1547 1540 1639 1601 pace
1677 1525 1714 1584 et

372 1629 496 1691 divino
521 1629 618 1691 cultu
641 1629 767 1692 extulit
790 1630 1011 1702 celeberime,
1038 1629 1131 1690 sicut
1153 1647 1257 1690 sacre
1287 1626 1456 1708 Regum
1491 1628 1712 1711 hystorie

375 1736 532 1798 tradunt.
556 1735 605 1798 At
628 1737 690 1799 ubi
713 1735 938 1816 philosophie
968 1737 1129 1816 gencium
1161 1736 1319 1796 animum
1346 1735 1460 1806 dedit,
1485 1739 1592 1816 parta
1626 1739 1713 1799 tem·

374 1861 461 1922 pore
487 1832 501 1925 {t
527 1842 631 1924 longo
656 1847 785 1906 cuncta
801 1845 838 1904 in
853 1844 957 1905 brevi
972 1843 1203 1922 consumpsit,
1222 1844 1524 1923 quemadmodum
1538 1844 1575 1904 in
1589 1843 1712 1905 libro
1794 1837 1824 1898 B
1840 1836 1916 1900 34⁹⁰

373 1948 691 2013 Ecclesiastes
724 1951 842 2030 ipsum
877 1969 949 2012 non
973 1951 1182 2030 ambigimus
1216 1950 1379 2026 recitare.
1413 1950 1509 2023 Ideo,
1543 1951 1598 2012 sui
1627 1950 1713 2012 mali

372 2058 547 2129 conscius,
575 2057 611 2118 in
634 2058 818 2137 parabolis
841 2057 1001 2119 divinam
1025 2055 1250 2136 Scripturam
1272 2058 1477 2136 loquentem
1499 2057 1645 2128 inducit,
1676 2059 1713 2119 et

375 2163 448 2225 ait:
477 2163 633 2225 «Meum
656 2167 711 2226 est
733 2164 920 2226 consilium
950 2167 986 2226 et
1016 2165 1165 2243 equitas,
1203 2183 1283 2225 mea
1313 2167 1368 2226 est
1401 2163 1608 2244 prudencia,
1633 2182 1712 2225 mea

374 2273 430 2332 est
452 2269 635 2343 tortitudo,
660 2289 727 2352 per
749 2291 805 2333 me
841 2284 943 2352 reges
973 2275 1131 2352 regnant,
1160 2275 1195 2333 et
1230 2272 1345 2351 legum
1380 2272 1584 2356 conditores
1618 2272 1714 2333 iusta

374 2377 581 2440 decernunt.
619 2378 689 2440 Per
721 2396 779 2440 me
813 2379 996 2458 principes
1030 2379 1209 2457 imperant
1245 2380 1283 2439 et
1316 2380 1480 2458 potentes
1515 2378 1713 2440 decernunt

375 2485 555 2547 iusticiam
575 2483 621 2547 »1.
1239 2487 1243 2492 ’

484 2573 615 2636 Refero
650 2575 853 2654 graciarum
888 2574 1048 2635 actiones
1083 2575 1168 2637 divo
1201 2573 1522 2654 Augustino&
1548 2574 1610 2653 qui
1633 2593 1713 2636 cum
1728 2583 1759 2647 3,

377 2678 538 2743 Paulo
576 2679 703 2743 Oros
717 2683 728 2742 i
742 2680 793 2743 0³
831 2682 1022 2743 obiectioni
1065 2682 1261 2761 respondet
1291 2680 1349 2742 hic
1384 2681 1555 2761 possibili,
1588 2682 1712 2743 silicet

376 2788 475 2866 quod
497 2789 660 2851 similiter
683 2791 766 2851 sunt
790 2790 920 2850 dicturi
944 2789 1101 2868 gentileS,
1137 2789 1175 2850 id
1204 2792 1282 2851 est:
1317 2789 1454 2850 tamdiu
1477 2807 1600 2850 eornm
1638 2807 1714 2850 rem

376 2896 556 2974 publicam
579 2893 720 2958 felicem
742 2895 862 2968 fuisse,
890 2896 1061 2975 quamdiu
1084 2897 1160 2956 sine
1187 2897 1263 2975 lege
1279 2894 1397 2975 Xpisti
1412 2894 1566 2957 fuerunt.
1594 2894 1715 2957 Primo

378 3020 531 3082 namque
555 3003 712 3074 cedibus,
737 3003 873 3082 rapinis
897 3005 934 3064 et
956 3003 1234 3082 depopulacioni
1257 3003 1355 3064 orbis
1379 3003 1576 3065 diviuitatis
1600 3003 1714 3082 ignari

377 3112 566 3181 vacabant,
591 3127 613 3170 a
637 3111 766 3189 quibus
790 3110 893 3172 malis
919 3112 1115 3180 cessarunt,
1148 3111 1289 3190 cognito
1312 3108 1451 3189 Xpisto.
1486 3107 1565 3171 Hoc
1595 3111 1715 3170 autem

378 3220 432 3278 esi
456 3217 503 3278 ad
526 3235 701 3278 summam
725 3236 801 3279 rem
823 3217 1007 3296 publicam
1030 3217 1220 3288 deducere,
1238 3216 1414 3290 videlicet,
1433 3235 1512 3278 eam
1527 3218 1716 3295 purgatam

382 3324 492 3395 viciis,
511 3324 790 3403 virtutibusque·
806 3324 990 3394 decorare,
1016 3324 1114 3403 quod
1129 3325 1222 3385 male
1238 3324 1347 3385 sentit
1362 3324 1523 3403 quisquis
1538 3323 1717 3385 existimat

381 3431 434 3492 rei
449 3431 593 3510 publice
608 3431 765 3510 speciem
783 3433 819 3492 et
831 3431 972 3493 culmen
988 3432 1184 3492 consistere
1200 3450 1267 3511 per
1283 3432 1337 3493 ias
1352 3430 1570 3510 nephasque,
1588 3448 1716 3509 rapere

380 3538 506 3610 aliena,
531 3538 624 3600 sicut
646 3538 698 3598 illi
722 3556 812 3618 quos
835 3537 961 3617 vulgus
984 3538 1151 3616 predicat
1173 3538 1362 3618 gloriosos:
1386 3536 1599 3609 Alexander,
1621 3535 1716 3597 Atri-

380 3663 500 3717 canus,
526 3642 755 3716 Octavianus,
779 3644 971 3725 Augustus,
996 3643 1107 3706 Iulius
1132 3637 1266 3707 Cesarb
1290 3648 1326 3707 et
1348 3646 1493 3724 reliqui;
1523 3646 1613 3706 tales
1637 3644 1716 3705 des·

380 3753 566 3814 cribuntur
587 3752 685 3831 pleni
699 3752 855 3813 naturali
871 3752 1026 3814 sciencia
1042 3752 1161 3813 luisse.
1188 3751 1366 3813 Iurabant
1380 3753 1474 3813 enim
1491 3768 1551 3813 eos
1568 3751 1715 3831 spiritus

380 3876 544 3939 nequam,
584 3859 714 3939 quibus
747 3859 992 3938 multipliciter
1028 3859 1244 3931 serviebant,
1277 3860 1473 3920 nutrientes
1512 3858 1593 3920 hinc
1631 3858 1716 3920 inde

380 3967 582 4045 principum
606 3969 641 4027 et
664 3967 879 4045 populorum
902 3968 1063 4045 peccata.

487 4070 558 4146 Set,
584 4074 652 4135 hiis
676 4072 882 4153 pocioribus
897 4074 983 4134 viris
1005 4073 1205 4135 tractandis
1220 4073 1364 4145 relictis,
1383 4073 1413 4134 si
1429 4074 1588 4134 rectores
1604 4090 1716 4151 popu·
1731 4076 1762 4139 4.

380 4179 495 4242 lorum
518 4180 623 4243 decet
645 4181 724 4242 iura
747 4197 853 4242 nosse
877 4181 1049 4241 canonica
1073 4184 1109 4241 et
1133 4180 1261 4251 civilia,
1280 4198 1349 4259 que
1369 4181 1405 4240 in
1422 4182 1561 4241 tantum
1575 4181 1715 4258 partem

380 4287 556 4367 theologie
579 4287 729 4358 nomine,
754 4287 792 4347 in
815 4289 987 4364 quantum
1011 4287 1232 4366 inspirantur
1255 4309 1277 4348 a
1299 4286 1376 4348 Deo
1399 4289 1436 4348 et
1458 4287 1617 4349 divinam
1639 4304 1716 4348 cor·

487 4628 519 4689 a)
540 4649 574 4659 -
594 4639 663 4690 que.
700 4624 731 4688 b)
755 4651 782 4660 -
805 4623 908 4676 Cesar.

493 4800 514 4866 ¹)
533 4804 689 4865 Proverb„
707 4803 786 4865 VIII,
806 4803 896 4855 15-16.

490 4889 510 4955 ⁷)
529 4890 559 4944 S.
581 4893 661 4946 Auo.
679 4894 726 4945 De
748 4892 873 4945 Ciuitate
886 4892 952 4952 Dei,
973 4891 1008 4953 II,
1028 4900 1103 4952 xxn,
1122 4900 1176 4943 xx.
1197 4889 1234 4942 In
1253 4889 1344 4957 Oper.
1362 4892 1383 4942 t.
1402 4889 1465 4941 VII.
1484 4888 1541 4941 col.
1561 4887 1605 4940 65.

490 4977 510 5045 ³)
535 4982 665 5035 PAULUS
683 4981 827 5036 Okosms.
846 4983 1055 5033 Historiarum
1081 4981 1231 5032 adversus
1244 4989 1387 5047 paganos
1401 4979 1472 5030 libri
1495 4979 1557 5039 VII,
1575 4976 1681 5030 oedie's
1700 4975 1719 5028 a

383 5069 412 5123 S.
432 5070 598 5138 Augustin;
617 5073 666 5124 cet
684 5079 819 5139 ouvrage
838 5073 884 5124 est
903 5069 1013 5138 appele
1041 5069 1269 5135 trequemment
1288 5084 1328 5121 au
1340 5069 1454 5136 Moyen
1467 5068 1540 5134 Age,
1553 5069 1719 5119 Hormesiu

382 5175 423 5212 ou
443 5158 579 5213 Ormisto
598 5163 710 5213 mundi.
737 5160 782 5214 Va
800 5159 919 5227 jusqu'a
945 5159 1007 5211 l'an
1032 5159 1094 5210 417.
1133 5157 1177 5210 Ct.
1195 5157 1230 5209 ll.
1248 5158 1417 5220 Momm,
1445 5158 1507 5209 Les
1525 5155 1657 5210 Souroes
1681 5157 1719 5208 de

382 5248 537 5302 l'Hisioire
555 5251 592 5302 de
611 5251 891 5314 Frunce,travau1
910 5248 928 5301 a
948 5249 1104 5301 consulter
1123 5262 1177 5300 sur
1195 5248 1272 5300 Paul
1290 5246 1396 5311 Orose,
1414 5247 1435 5299 t.
1454 5245 1476 5310 l,
1494 5256 1531 5298 no
1550 5245 1611 5309 130,
1629 5260 1659 5311 p.
1674 5245 1718 5297 43.
