4300 6117
414 1345 445 1407 6.

458 901 524 964 256
969 910 1129 965 LUCULA
1150 908 1290 964 NOCTIS

459 1134 580 1195 nescio
604 1135 651 1195 ob
675 1151 783 1212 quam
806 1152 962 1206 causam,
988 1152 1136 1195 carcere
1159 1134 1311 1205 clausus,
1335 1137 1371 1195 et
1386 1132 1482 1195 omni
1502 1134 1593 1204 cibo,
1608 1137 1705 1214 potu,
1723 1132 1796 1211 col·

459 1240 651 1319 loquioque
674 1241 846 1319 privatus,
871 1242 965 1302 fame
988 1241 1096 1319 periit
1120 1240 1233 1302 eciam
1257 1241 1488 1302 inconfessus.

566 1345 696 1409 Obstat
720 1359 803 1427 ergo
826 1341 1040 1409 secularium
1062 1348 1249 1410 cavillacio
1270 1348 1471 1409 litterarum
1487 1348 1610 1409 humili
1626 1349 1796 1427 simplici·

460 1455 525 1516 tati
559 1454 761 1515 divinarum
794 1452 1071 1534 scripturarum.
1111 1453 1246 1517 Scribit
1280 1456 1458 1535 siquidem
1481 1454 1699 1517 Didimus
1737 1456 1796 1516 ad

459 1561 801 1634 Alexandrum,
826 1562 857 1623 si
881 1563 1044 1624 omnibus
1068 1562 1345 1624 auctoritatibus
1369 1562 1589 1624 credendum
1608 1564 1796 1641 putamus:

462 1687 477 1719 ‹
490 1667 616 1731 Artem
628 1671 721 1732 bene
735 1670 905 1748 loquendi
919 1688 990 1731 non
1006 1670 1170 1741 diximus,
1196 1688 1311 1749 neque
1329 1670 1496 1731 facundie
1515 1669 1698 1731 rethorum
1714 1688 1797 1731 ora·

458 1779 646 1856 torumque
669 1795 817 1856 operam
838 1777 975 1847 damus,
1012 1777 1113 1837 cuius
1136 1774 1294 1837 officium
1327 1780 1381 1838 est
1403 1775 1542 1837 falsatis
1567 1777 1795 1838 sermonibus

457 1881 667 1963 figmentare
690 1884 877 1946 mendacia
901 1888 936 1944 et
959 1884 1167 1944 innocencie
1191 1883 1301 1944 fidem
1324 1882 1488 1945 conferre
1505 1884 1724 1955 criminibus,
1749 1902 1796 1945 ac

458 1991 624 2071 paricidii
639 2010 720 2053 reos
737 1992 919 2070 assignare
936 1990 1125 2069 piissimos,
1144 1990 1214 2069 qui,
1240 1990 1325 2052 dum
1341 1994 1471 2070 putant
1487 2009 1526 2052 se
1544 1991 1659 2052 aliene
1675 1992 1796 2053 laudis

459 2099 613 2159 fructum
636 2117 702 2177 per
725 2098 884 2177 iniquam
899 2098 1088 2159 victoriam
1104 2098 1276 2176 rapuisse,
1303 2099 1466 2159 nesciunt
1482 2099 1738 2159 munimentum
1755 2117 1798 2159 se

459 2224 522 2267 sue
536 2206 756 2267 consciencie
771 2205 1005 2283 perdidisse».
1025 2242 1065 2249 -
1081 2202 1179 2266 Vera
1195 2206 1305 2266 refert
1322 2208 1435 2275 autor,
1454 2205 1669 2283 quicumque
1686 2206 1798 2265 fuerit

460 2312 529 2382 ille,
569 2313 634 2373 sed
657 2312 822 2391 preclara
845 2312 948 2373 huius
974 2312 1151 2391 particule
1176 2312 1412 2384 conclusione,
1453 2312 1510 2373 ad
1545 2310 1798 2373 Damasum

460 2419 676 2481 scribentem
691 2422 851 2480 nostrum
874 2418 1135 2480 ieronimum
1158 2420 1356 2490 audiamus,
1382 2419 1428 2480 de
1452 2418 1647 2499 Scripturis
1671 2420 1797 2499 dispu-

460 2528 614 2587 tantem:
656 2526 763 2587 ‹Non
795 2527 900 2588 decet
922 2525 1118 2587 Aristotilis
1151 2529 1360 2606 argumenta
1393 2528 1613 2605 conquirere,
1649 2546 1714 2588 nec
1750 2546 1797 2588 ex

460 2633 607 2694 flumine
631 2634 777 2694 tulliane
800 2633 1007 2712 eloquencie
1031 2633 1205 2694 dicendus
1231 2636 1286 2694 est
1309 2633 1453 2705 rivulus,
1471 2653 1538 2695 nec
1557 2652 1663 2695 aures
1686 2633 1799 2720 Quin·

461 2740 589 2801 tilliani
605 2741 773 2811 flosculis,
798 2744 861 2802 aut
876 2740 1007 2801 scolari
1023 2740 1291 2801 declamacione
1307 2740 1505 2813 mulcende,
1524 2742 1589 2803 sed
1604 2743 1797 2821 pedestris,

462 2850 524 2908 aut
547 2847 754 2926 quotidiane
778 2846 1029 2918 similitudinis,
1065 2850 1129 2908 aut
1150 2848 1441 2927 lugubracionem
1473 2849 1640 2909 redolens
1674 2850 1800 2911 oracio

462 2956 666 3016 necessaria
681 2957 745 3025 est,
771 2972 841 3033 que
857 2973 933 3015 rem
948 2955 1110 3033 explicet,
1136 2973 1279 3015 sensum
1295 2955 1483 3025 ediscerat,
1509 2956 1664 3017 obscura
1685 2958 1798 3017 mani·

463 3058 631 3123 festet»¹.
649 3060 869 3123 —Delectat
892 3062 1004 3123 eciam
1028 3062 1155 3122 audire
1178 3060 1417 3140 Hugonem
1442 3063 1571 3124 devote
1595 3063 1796 3125 dicentem:

465 3168 552 3229 <Ad
576 3187 678 3229 sacre
703 3167 887 3248 Scripture
911 3169 1153 3248 cognicionem
1177 3187 1267 3247 opus
1291 3172 1345 3229 est
1374 3168 1498 3230 intima
1523 3171 1800 3249 compunctione

462 3277 587 3355 pocius
613 3293 720 3354 quam
743 3277 922 3355 profunda
946 3276 1234 3355 investigacione,
1260 3276 1422 3354 suspiriis
1443 3294 1552 3355 quam
1568 3278 1799 3357 argumentis,

452 3382 599 3444 'crebris
615 3383 803 3463 gemitibus
820 3401 927 3462 quam
944 3384 1098 3462 copiosis
1115 3383 1495 3463 argumentacionibus,
1518 3383 1674 3445 lacrimis
1690 3403 1799 3463 quam

464 3490 664 3560 sentenciis,
689 3491 857 3552 oracione
880 3509 987 3569 quam
1003 3491 1171 3561 leccione‚
1196 3490 1318 3569 gracia
1342 3490 1581 3571 lacrymarum
1606 3509 1714 3570 quam
1731 3492 1800 3552 sci·

466 3598 567 3658 encia
592 3598 802 3669 litterarum,
841 3597 1024 3659 celestium
1047 3599 1167 3675 potius
1200 3598 1504 3676 contemplacione
1537 3617 1644 3677 quam
1668 3602 1799 3661 terres-

468 3705 575 3765 trium
598 3706 839 3783 occupacione
853 3725 867 3757 ›
881 3704 902 3765 ⁴².
928 3695 943 3786 Ι
1465 3702 1469 3711 ’

466 3928 678 3935 ——.--———

572 4112 593 4179 ¹)
612 4112 643 4166 S.
662 4112 777 4165 Eusm
796 4112 883 4163 HIER.
902 4113 1002 4178 Epist.
1015 4112 1153 4164 XXXVI
1161 4112 1204 4163 ud
1220 4113 1398 4163 Damasum.
1417 4110 1451 4162 ln
1473 4108 1564 4176 Oper.
1576 4110 1599 4172 1,
1613 4110 1802 4163 coisse-m

573 4200 595 4267 π)
614 4202 739 4254 HUGoN.
757 4217 785 4253 a.
804 4201 833 4255 S.
852 4202 930 4253 Vict.
951 4200 993 4253 Ce
1011 4203 1095 4255 texte
1114 4216 1192 4253 nous
1212 4217 1230 4253 a
1250 4201 1396 4267 echappe'.
