4300 6117
842 958 1029 1014 IOHANNIS
1051 957 1232 1012 DOMINICI
1636 944 1705 1008 413

375 1186 426 1249 sic
464 1186 543 1248 vult
551 1182 571 1258 ¹,
612 1185 751 1247 nonnisi
788 1183 985 1246 acutissimi
1015 1183 1203 1263 perviique
1239 1181 1332 1243 aceti
1371 1181 1514 1243 obiectu
1555 1181 1705 1260 putatur

375 1293 544 1365 tollenda,
568 1311 677 1371 quam
699 1293 786 1372 ipse,
816 1290 894 1353 Deo
917 1292 1019 1364 teste,
1047 1289 1123 1350 vidi
1155 1290 1266 1351 ductu
1296 1288 1400 1369 parvi
1432 1288 1527 1350 culte
1549 1287 1596 1349 ab
1620 1289 1705 1350 actu

377 1399 518 1462 dicente
539 1398 724 1480 Evangelii
745 1398 912 1461 Iohannis
936 1397 1131 1469 exordium,
1155 1397 1192 1458 in
1214 1394 1349 1457 trustra
1371 1394 1485 1459 multa
1508 1393 1667 1457 concedi.

483 1506 604 1578 Nemo,
639 1508 676 1568 in
697 1504 991 1586 philosophorum
1015 1503 1274 1584 demergendus
1298 1503 1468 1583 navigans
1491 1502 1579 1574 salo,
1607 1504 1704 1564 tutus
1719 1493 1752 1558 7.

377 1615 455 1687 erit,
479 1615 548 1677 nisi
571 1614 694 1675 divina
717 1612 882 1676 doctrina
909 1630 1033 1675 eorum
1056 1611 1208 1692 dissipet
1221 1610 1470 1691 colligaciones
1494 1610 1646 1688 iniquas.
1671 1609 1705 1672 Is

378 1733 471 1802 ergo,
495 1722 532 1783 ni
554 1720 669 1792 fallor,
694 1720 976 1800 sapientissimus
1000 1717 1179 1790 Salomon,
1204 1735 1369 1780 reversus
1394 1718 1441 1778 ab
1464 1715 1590 1780 interis
1613 1735 1706 1778 mor·

377 1829 503 1891 talium
525 1828 710 1899 scelerum,
733 1827 843 1889 maris
865 1826 1028 1906 pericula
1049 1827 1183 1898 narrat,
1208 1826 1248 1886 ut
1264 1825 1425 1904 quisquis
1440 1825 1548 1887 tuerit
1562 1824 1708 1886 semitas

379 1936 455 1997 eius
470 1936 660 2016 ingressus,
683 1935 745 1997 ubi
760 1935 894 1996 viderit
917 1933 1094 1996 corruisse
1110 1933 1279 2014 gigantes,
1304 1933 1439 1994 intrare
1462 1933 1621 2012 pigmeus
1637 1949 1709 1993 non

378 2046 562 2122 presumat
577 2047 600 2104 ².
633 2041 680 2120 ⁴Iu
701 2043 780 2122 ipso
812 2060 967 2120 namque
993 2041 1096 2112 libro,
1133 2058 1239 2119 quem
1270 2038 1627 2102 Ecclesiastes
1661 2039 1708 2100 ab

380 2148 513 2212 ettectu
536 2150 672 2230 placuit
693 2168 910 2228 nuncupare,
942 2149 993 2210 ibi
1017 2147 1110 2210 enim
1134 2147 1295 2228 disputat
1317 2149 1379 2208 aut
1402 2146 1648 2218 concionatur,
1673 2147 1709 2208 et

380 2256 618 2320 Ecclesiastes
652 2257 689 2318 in
712 2259 835 2319 nostra
861 2256 981 2336 lingua
1017 2255 1422 2317 ‹concionator›
1462 2253 1710 2315 universorum

380 2364 521 2426 dicitur.
545 2363 694 2426 Fatetur
709 2363 805 2425 idem
824 2361 993 2425 Salomon
1008 2363 1240 2442 proposuisse
1264 2362 1329 2422 ‹in
1352 2361 1471 2423 auimo
1487 2378 1648 2440 querere,
1674 2361 1713 2421 et

380 2472 594 2551 investigare
620 2471 803 2551 sapienter
825 2471 872 2532 de
888 2470 1051 2532 omnibus
1068 2487 1139 2548 que
1154 2470 1245 2532 tiunt
1268 2469 1335 2530 sub
1352 2468 1428 2530 sole
1440 2467 1482 2530 »ἦ
1508 2466 1709 2546 Proposuit,

380 2579 535 2657 inquam,
560 2596 632 2640 non
653 2578 703 2640 ad
725 2578 977 2650 curiositatem,
1007 2595 1079 2638 non
1102 2576 1151 2638 ad
1173 2574 1306 2637 tamam
1330 2575 1541 2647 habendam,
1578 2591 1649 2635 non
1672 2575 1714 2634 ut

381 2686 581 2748 lucreretur
615 2704 653 2747 es
676 2685 841 2755 alienum,
880 2703 952 2746 non
975 2687 1014 2746 ut
1049 2683 1234 2762 deciperet
1260 2686 1323 2745 aut
1343 2683 1479 2762 preiret
1507 2682 1606 2753 alios,
1646 2681 1714 2743 sed

383 2792 573 2872 sapienter,
598 2793 722 2871 inquit,
746 2794 786 2855 ut
808 2793 943 2872 possim
966 2791 1169 2853 errantibus
1186 2791 1341 2862 obviare,
1368 2793 1403 2852 et
1426 2789 1650 2868 simplicibus
1667 2805 1714 2848 ne

384 2900 609 2979 decipiantur
642 2900 825 2980 prodesse.
865 2897 969 2960 Unde
1002 2900 1086 2979 post
1121 2897 1313 2977 paululum,
1339 2896 1479 2960 subdit:
1520 2893 1715 2975 «Cogitavi

383 3007 502 3068 animo
536 2992 747 3068 abstrahere
770 3024 915 3068 carnem
937 3023 1063 3078 meam,
1099 3007 1139 3067 ut
1162 3005 1316 3066 animum
1340 3023 1457 3066 meum
1481 2981 1714 3065 transferrem

383 3114 433 3176 ad
470 3114 698 3193 sapienciam,
739 3113 1008 3191 devitaremque
1042 3112 1245 3188 stulticiam,
1285 3112 1400 3174 donec
1428 3111 1590 3172 viderem
1627 3109 1716 3187 quid

385 3224 481 3288 esset
502 3221 590 3283 utile
611 3219 695 3283 tiliis
718 3221 909 3292 hominum,
947 3209 1020 3298 quo
1041 3216 1140 3281 tacto
1163 3236 1253 3298 opus
1277 3219 1332 3280 est
1366 3218 1434 3281 sub
1468 3217 1543 3279 sole
1566 3233 1716 3278 numero

385 3329 525 3395 dierum
539 3329 612 3391 vite
628 3346 692 3391 sue
707 3325 756 3389 ›³.
780 3361 823 3368 —
846 3327 902 3390 Ita
926 3328 1049 3389 dicunt
1072 3325 1251 3388 iuvenculi
1274 3325 1396 3398 nostri,
1420 3323 1717 3404 philosophorum

386 3436 496 3498 calles
518 3436 711 3509 intrantes;
736 3437 931 3497 causantur
957 3452 997 3496 se
1011 3432 1105 3495 velle
1128 3451 1259 3512 capere
1282 3435 1417 3513 captos,
1444 3431 1611 3511 capiendi
1635 3448 1718 3493 cum

385 3542 485 3618 luda,
510 3544 646 3605 utinam
668 3541 862 3604 revocandi
886 3560 966 3605 cum
983 3540 1114 3602 Paulo!
1142 3573 1181 3581 -
1205 3539 1310 3603 Dicet
1328 3540 1485 3618 insuper,
1510 3557 1583 3600 non
1606 3537 1717 3599 semel

386 3652 540 3717 tantum:
567 3648 763 3728 ‹Dediqne
786 3667 848 3711 cor
871 3667 997 3721 meum,
1022 3650 1061 3711 ut
1085 3648 1214 3711 scirem
1229 3645 1472 3726 prudenciam,
1498 3647 1609 3724 atque
1632 3644 1718 3705 doc-

387 3759 527 3830 trinam,
544 3775 757 3836 erroresque
772 3759 881 3836 atque
896 3755 1090 3819 stulticiam
1102 3774 1117 3808 ³
1130 3753 1152 3816 ⁴.
1189 3752 1231 3814 In
1252 3753 1459 3834 prudencia,
1480 3752 1590 3814 audio
1605 3749 1718 3830 philo·

388 3863 551 3946 sophiam
572 3864 760 3939 moralem;
799 3865 836 3925 in
859 3863 1033 3934 doctrina,
1057 3861 1319 3942 philosophiam
1342 3860 1560 3932 naturalem
1598 3859 1634 3919 in
1663 3876 1715 3919 er·

388 3973 530 4034 roribus
552 3971 743 4052 gentilium,
768 3971 857 4033 ritus
881 3973 917 4032 et
940 3972 1074 4044 sectas;
1100 3969 1166 4031 sed
1188 3968 1225 4029 in
1244 3967 1409 4038 stulticia,
1434 3967 1633 4028 vanitatum
1655 3965 1720 4026 ob·

388 4080 626 4152 servacioues,
662 4097 731 4158 que
755 4079 792 4139 in
814 4077 1060 4158 phisionomia,
1086 4075 1327 4157 nigromancia
1350 4076 1387 4137 et
1408 4072 1612 4135 huiusmodi
1636 4090 1719 4134 con·

389 4189 528 4250 sistunt.
564 4217 607 4228 -
630 4183 703 4248 Sed
725 4186 867 4247 demum
891 4185 995 4247 dicit:
1038 4182 1204 4245 «Cuncta
1231 4181 1404 4261 temptavi
1427 4181 1465 4242 iu
1488 4180 1717 4259 sapiencia»,

390 4295 484 4368 idest
516 4295 612 4357 bona
645 4293 847 4356 intencione
880 4294 1007 4354 motus.
1049 4289 1176 4352 ‹Dixi:
1217 4289 1360 4368 sapiens
1390 4285 1539 4360 efficiar,
1581 4289 1617 4349 et
1639 4287 1720 4366 ipsa

408 4751 411 4759 ,
497 4696 531 4758 a)
548 4693 597 4746 En
614 4700 720 4760 marge
737 4691 778 4745 de
796 4691 827 4743 la
844 4692 945 4745 meme
962 4691 1060 4744 main:
1080 4669 1159 4743 Nota
1178 4689 1261 4756 quod
1279 4689 1386 4741 auctor
1396 4686 1536 4742 decurrit
1551 4699 1609 4752 per
1623 4685 1722 4738 totam

391 4785 526 4839 litteram
543 4783 748 4836 Ecclesiastes
767 4781 940 4835 Salomonis
958 4782 990 4832 et
1007 4779 1137 4848 pulchre
1155 4792 1254 4846 usque
1272 4779 1312 4831 ad
1329 4776 1425 4830 tinem
1443 4776 1532 4829 huius
1550 4773 1685 4842 capituli.

500 4960 522 5028 ¹)
540 4962 625 5014 Pam.
644 4963 723 5014 Hier.
742 4960 813 5012 Nat.
832 4959 869 5023 11,
887 4969 971 5023 xnrx,
989 4960 1015 5012 4.

501 5048 522 5118 ¹)
542 5050 587 5104 ct.
607 5051 708 5103 Erote.
727 5051 749 5109 Ι,
769 5049 812 5103 13.

501 5137 524 5207 ³)
543 5141 627 5203 lbra,
643 5141 680 5204 11,
697 5140 723 5194 3.

500 5227 525 5296 4)
542 5232 628 5294 ibid,
645 5229 668 5294 1,
688 5231 730 5283 17.
