4300 6117
810 1032 997 1087 IOHANNIS
1019 1034 1200 1087 DOMINICI
1613 1022 1675 1085 197

339 1254 471 1336 Utique
494 1257 552 1317 vir
584 1256 835 1336 speculacione
874 1257 1000 1336 plenus
1025 1256 1190 1336 concepit
1222 1254 1337 1316 Deum
1373 1274 1452 1317 esse
1488 1256 1679 1335 quemdam

340 1364 571 1434 intellectum,
600 1364 797 1435 sublimem,
822 1364 1028 1435 inociosum,
1053 1382 1092 1425 se
1127 1365 1163 1424 et
1197 1363 1365 1424 universa
1396 1366 1679 1443 cognoscentem,

340 1473 376 1533 et
398 1472 563 1550 predicte
586 1472 801 1557 cognicionis
816 1473 936 1532 actum
952 1469 1115 1532 Verbum
1130 1471 1274 1532 vocavit
1290 1490 1298 1531 ε
1322 1473 1484 1532 nostrum
1499 1471 1677 1550 siquidem

339 1578 489 1639 verbum
512 1579 667 1639 mentale
690 1581 745 1639 est
771 1578 883 1657 ipsius
910 1578 1040 1639 mentis
1069 1578 1236 1658 cognicio.
1283 1576 1372 1639 Hec'
1389 1578 1425 1638 in
1446 1577 1523 1640 Deo
1559 1581 1594 1639 et
1629 1577 1677 1639 ad

339 1684 455 1746 Deum
466 1686 582 1746 relata
597 1685 729 1747 dicitur
756 1684 966 1757 Verbum,
991 1684 1056 1746 sed
1072 1687 1179 1764 prout
1195 1686 1342 1764 respicit
1366 1688 1559 1756 creaturas
1573 1702 1678 1746 voca·

341 1794 400 1853 tur
413 1790 543 1872 ydea,
568 1795 608 1853 ut
623 1794 772 1853 verbum
787 1794 822 1854 et
837 1792 931 1872 ydea
954 1791 1051 1871 apud
1074 1792 1192 1871 ipsum
1208 1792 1322 1853 solum
1339 1790 1510 1853 differant
1522 1792 1675 1862 racione,

340 1899 397 1995 *¹5¹
420 1899 514 1959 sicut
536 1897 945 1971 retertMacrobius,
969 1897 1030 1960 De
1055 1897 1244 1977 Sompno
1270 1896 1534 1978 Scipionis1,
1559 1899 1679 1979 posuit

341 2006 444 2068 Plato
467 2004 583 2067 Deum
618 2007 897 2085 omnipotentem
930 2008 999 2068 sub
1033 2024 1105 2085 quo
1139 2007 1271 2068 locavit
1305 2008 1498 2085 quamdam
1522 2008 1677 2068 mentem

340 2116 501 2176 eternam
524 2113 764 2175 relacionibus
786 2113 933 2192 plenam⁴
954 2116 989 2175 et
1012 2114 1058 2175 ab
1083 2114 1154 2175 alio
1178 2114 1421 2204 omnipotente
1456 2115 1679 2175 substancia·

339 2222 423 2283 liter
445 2220 660 2293 distinctam,
686 2238 792 2299 quem
808 2222 922 2282 secuti
945 2218 1152 2301 Origenes
1177 2223 1214 2282 et
1229 2219 1411 2282 Arrius².
1434 2219 1678 2282 Essencialem

340 2328 610 2389 distinccionem
634 2328 670 2388 in
693 2328 823 2388 divinis
846 2328 1018 2407 personis,
1043 2327 1153 2389 Patre
1176 2330 1211 2389 et
1235 2327 1334 2397 Filio,
1359 2329 1566 2407 posuerunt,
1584 2346 1679 2407 eque

339 2434 386 2496 de
410 2434 547 2514 Spiritu
566 2433 698 2496 Sancto
721 2432 916 2496 infideliter
938 2436 1155 2496 mencientes
1167 2428 1189 2497 ⁸.
1213 2433 1291 2497 Hec
1314 2436 1427 2496 sensit
1449 2436 1550 2514 glosa
1575 2453 1678 2514 spec·

341 2543 461 2604 tabilis
499 2543 556 2603 ad
593 2540 843 2614 Romanos,
883 2543 999 2621 primo
1037 2561 1117 2603 cum
1155 2542 1259 2604 dicit:
1309 2540 1436 2622 «Magi
1475 2541 1676 2604 Pharaonis

341 2648 550 2711 deiecerunt
567 2650 603 2709 in
619 2650 732 2712 tercio
744 2650 861 2729 signo:
878 2649 972 2711 idest
989 2650 1122 2713 noticia
1138 2651 1249 2711 tercie
1261 2668 1415 2728 persone
1429 2646 1477 2710 »⁴.
1495 2682 1537 2691 -
1554 2646 1676 2712 Simile

341 2757 422 2818 dico
446 2756 491 2818 de
516 2758 709 2818 autoritate
731 2756 912 2829 Mercurii,
927 2775 1010 2817 nam
1033 2757 1155 2819 dicere
1170 2757 1297 2818 solitus
1314 2759 1377 2829 est,
1396 2776 1476 2819 cum
1493 2756 1538 2817 de
1554 2757 1678 2817 mundi

340 2862 479 2925 fabrica
502 2864 719 2942 loqueretur,
744 2882 835 2925 unus
857 2864 955 2926 Deus
978 2865 1099 2944 genuit
1121 2883 1230 2925 unum
1252 2864 1432 2935 mundum,
1459 2865 1519 2943 qui
1543 2864 1676 2925 dicitur

340 2970 437 3032 Deus
460 2973 611 3049 propter
633 2972 688 3032 sui
711 2971 823 3050 ipsius
846 2978 1005 3033 amorem
1021 2969 1042 3032 ⁵.
1067 2970 1122 3031 Ex
1145 2971 1213 3032 hiis
1236 2971 1285 3032 ad
1308 2972 1427 3033 omnia
1464 2972 1562 3034 dicta
1586 2972 1676 3033 eius·

341 3076 423 3139 dern
446 3078 594 3157 generis,
620 3095 690 3156 que
713 3078 860 3158 allegari
883 3080 1034 3158 possunt
1058 3081 1095 3140 et
1117 3082 1201 3140 sunt
1223 3079 1386 3158 allegata,
1412 3078 1522 3140 debet
1545 3078 1676 3139 clarius

341 3184 562 3263 responderi.

450 3289 669 3353 Secundus
693 3291 886 3354 deiectus
911 3293 1007 3353 circa
1030 3293 1219 3353 materiam
1242 3294 1441 3372 argumenti
1470 3291 1600 3372 prefati
1624 3296 1678 3354 est
1694 3302 1724 3365 5,

341 3398 439 3477 quod
461 3398 573 3459 multa
597 3402 792 3460 narrantur
814 3399 861 3460 ab
885 3399 1035 3460 ethnicis
1068 3400 1177 3472 dicta,
1202 3402 1265 3461 aut
1297 3402 1379 3461 sunt
1414 3418 1537 3461 eorum
1571 3400 1677 3461 dictis

340 3506 485 3576 inserta,
510 3523 581 3583 que
604 3505 674 3584 ipsi
697 3524 814 3585 neque
837 3509 1015 3568 noverunt
1037 3524 1154 3585 neque
1170 3508 1370 3569 audierunt.
1397 3505 1456 3567 Sic
1472 3508 1679 3569 inscribitur

340 3610 511 3673 Nasoni
533 3611 626 3673 liber
648 3611 710 3673 De
731 3610 919 3684 Vetula,
944 3614 981 3674 in
1005 3632 1075 3693 quo
1099 3615 1216 3693 agitur
1239 3614 1285 3675 de
1308 3612 1382 3675 tide
1399 3614 1575 3675 catholica
1591 3614 1678 3676 satis

340 3721 423 3799 post
445 3719 587 3780 ludicra
611 3721 646 3780 et
670 3721 790 3800 turpia
812 3721 970 3793 multum,
997 3739 1103 3799 quem
1127 3723 1213 3800 ipse,
1241 3724 1278 3783 ut
1312 3722 1413 3782 stilus
1439 3722 1578 3791 clamat,
1608 3739 1680 3782 non

340 3824 459 3898 tecitss,
485 3829 520 3888 et
544 3828 646 3887 salva
669 3818 683 3911 ll
709 3845 800 3906 pace
824 3828 1077 3908 cuiuscumque
1101 3829 1154 3890 sic
1169 3829 1385 3901 mencientiS,
1411 3827 1477 3889 hec
1493 3829 1553 3888 via
1568 3827 1679 3889 iidem
1765 3832 1886 3897 Ls9v0

340 3933 577 3996 orthodoxam
589 3952 660 3995 non
676 3935 833 4006 roborat,
850 3937 916 3996 sed
932 3938 1090 4023 enervat.
1108 3934 1207 4007 Nam,
1226 3938 1316 3997 teste
1333 3935 1454 3996 divino
1471 3934 1677 4015 Augustino,

344 4148 555 4157 ..—.--——

449 4318 469 4386 ¹)
487 4322 523 4374 A.
542 4322 688 4374 MACRoB.
707 4323 744 4374 In
762 4321 862 4375 Somn.
883 4322 964 4387 Soip.
982 4323 1005 4386 I,
1022 4337 1090 4390 cap.
1113 4332 1143 4386 11,
1162 4332 1203 4374 VI.

449 4408 469 4474 ⁷)
489 4410 534 4462 ef.
553 4411 582 4463 S.
601 4409 697 4463 Tuon
727 4411 756 4461 Ι·
770 4410 804 4484 Q.
823 4411 928 4472 XXXI,
947 4427 974 4464 a.
992 4413 1010 4463 2
1029 4413 1060 4465 et
1079 4422 1109 4477 q.
1127 4411 1261 4475 XXXIX,
1280 4428 1306 4465 a.
1327 4412 1353 4464 2.

450 4498 471 4562 ⁸)
492 4500 535 4553 ci.
555 4500 608 4563 ID,
625 4503 702 4553 Ibid.
722 4502 750 4553 1³
764 4500 799 4575 Q.
817 4500 937 4564 XXXII,
956 4516 983 4553 a.
1000 4502 1018 4552 2
1036 4502 1076 4553 ad
1101 4502 1150 4553 tm.

448 4588 470 4653 ⁴)
489 4589 533 4644 Ct.
556 4590 680 4642 GbosA:
699 4592 742 4641 ad
757 4591 845 4647 Rom.
864 4591 886 4653 l,
906 4593 936 4643 et
955 4592 1054 4645 Exod.
1076 4591 1156 4654 VIII,
1178 4590 1220 4643 19.

448 4676 470 4744 ὅ)
488 4678 719 4746 Trismegistus:
747 4680 938 4733 Poemnnder
967 4695 1008 4733 ou
1031 4681 1200 4731 Pimander·
1223 4694 1278 4733 seu
1306 4682 1383 4733 iiber
1407 4683 1444 4732 de
1469 4683 1620 4746 sapientia
1648 4684 1678 4733 ei

337 4772 490 4835 potestate
507 4771 573 4831 Dei,
592 4769 701 4837 dialog.
720 4769 776 4820 IV:
797 4786 810 4811 ‹
822 4768 930 4821 Monas
948 4769 1053 4836 genuit
1080 4770 1253 4833 monadem,
1279 4770 1311 4823 et
1328 4770 1360 4821 in
1379 4784 1414 4823 se
1439 4785 1527 4822 snum
1552 4768 1676 4822 reflexit

340 4859 520 4912 ardorem».
542 4857 587 4911 cf.
604 4857 633 4910 S.
651 4856 756 4910 Tuon.
775 4858 803 4909 1²
817 4857 852 4932 Q.
870 4858 990 4921 XXXII,
1010 4874 1038 4911 a.
1058 4858 1084 4909 1.
1106 4860 1154 4910 1m,

447 4944 469 5013 ⁶)
488 4947 524 4999 G.
543 4947 703 5011 Dominici,
728 4963 768 5001 ou
786 4948 816 4999 le
832 4948 906 5009 voit,
930 4948 1037 5000 n'e‘tait
1061 4949 1149 5015 point
1175 4948 1319 5016 etranger
1345 4948 1413 5002 ila
1439 4949 1570 5015 critique
1596 4949 1674 5001 litte'·

341 5038 433 5091 raire.
453 5036 619 5089 D'ailleurs
639 5038 720 5090 cette
737 5037 919 5090 attribution
937 5037 1068 5090 tovide
1087 5037 1144 5089 des
1164 5040 1228 5090 ires
1242 5039 1312 5090 libri
1325 5040 1363 5090 ‹ie
1387 5038 1491 5091 Vetula
1510 5039 1593 5091 avait
1609 5040 1676 5097 ,tou-

339 5129 410 5194 jonr
428 5126 572 5179 recontrt.
590 5127 646 5178 des
665 5126 850 5179 inmidules.
869 5125 949 5194 Deja
967 5128 1054 5179 Btde
1072 5128 1210 5190 ecrivait,
1230 5131 1260 5179 in
1279 5129 1438 5179 Boethium
1456 5130 1493 5180 de
1517 5126 1681 5205 trinitate·¹

342 5216 560 5282 «exomendo
574 5219 620 5268 eei
631 5217 769 5269 haeresis
781 5217 960 5279 vetulorum,
968 5232 1048 5281 qnae
1055 5220 1165 5282 jurant
1175 5232 1235 5282 per
1243 5219 1353 5283 paries
1364 5218 1430 5269 Dei.
1445 5216 1488 5271 Ct.
1500 5216 1678 5281 FABRICIUS,

340 5306 483 5359 Bibliotir.
503 5305 554 5357 iai.
572 5305 625 5358 lib.
645 5306 666 5370 Ι,
684 5321 751 5372 cap.
770 5315 814 5357 xv
832 5303 880 5370 (7).
918 5305 962 5359 ci.
980 5321 1087 5372 snpra,
1105 5321 1134 5373 p.
1154 5307 1196 5359 15.
