4300 6117
466 976 535 1040 420
971 985 1133 1042 LUCULA
1155 986 1295 1042 NOCTIS

467 1211 607 1281 multas,
643 1209 801 1291 cognitas
822 1209 1013 1284 Salomoni,
1050 1211 1214 1290 quinon,
1251 1213 1345 1275 sicut
1377 1215 1567 1294 prefertur,
1592 1215 1719 1295 legerit
1743 1233 1797 1277 co·

468 1317 585 1379 dicem
600 1317 744 1391 dictum,
769 1317 806 1378 in
828 1335 900 1396 quo
923 1318 1077 1397 quidem,
1103 1318 1237 1381 saniori
1261 1321 1443 1383 sentencia
1464 1322 1574 1392 salva,
1599 1340 1671 1383 non
1685 1322 1797 1384 solnm

466 1426 521 1486 sni
555 1425 687 1486 erroris
723 1443 868 1487 causam
901 1425 1037 1505 pandit,
1074 1427 1140 1488 sed
1163 1427 1325 1507 penitens
1362 1429 1408 1490 de
1444 1428 1609 1491 obmissis
1635 1432 1672 1490 et
1706 1430 1799 1492 male

467 1531 664 1594 commissis
698 1531 765 1594 toti
795 1533 874 1594 orbi
909 1531 1103 1597 confitetur
1125 1533 1263 1595 scelera
1286 1552 1361 1605 sua,
1394 1553 1535 1598 errores
1558 1535 1656 1597 velat
1678 1538 1716 1598 et
1739 1536 1796 1598 eli·

465 1640 586 1711 minat,
611 1658 656 1702 ne
678 1639 831 1701 lectores
854 1639 1009 1701 minores
1033 1639 1171 1702 inliciat
1186 1641 1296 1720 atque
1311 1641 1465 1714 laborat,
1490 1644 1529 1703 ut
1544 1643 1601 1704 sui
1625 1643 1796 1723 exemplis

465 1748 630 1818 munitus,
647 1765 751 1809 nemo
768 1745 814 1808 de
831 1749 950 1808 cetero
965 1747 1084 1809 cadat.
1108 1747 1266 1827 ideoque
1281 1748 1369 1828 quid
1384 1747 1565 1810 fiendum¹
1581 1750 1637 1822 sit,
1663 1750 1796 1828 quidve

464 1854 671 1926 timendum,
703 1853 741 1915 in
764 1853 956 1915 novissimo
978 1853 1062 1915 libri
1097 1854 1288 1938 concludit,
1313 1855 1457 1918 dicens:
1498 1854 1608 1917 «Hiis
1631 1857 1794 1935 amplius,

464 1963 517 2024 fili
539 1962 596 2034 mi,
621 1979 666 2022 ne
688 1959 861 2040 requiras.
898 1959 1069 2023 Faciendi
1091 1961 1212 2041 plures
1235 1961 1347 2024 libros
1370 1962 1488 2024 nullus
1514 1964 1569 2024 est
1591 1963 1691 2038 tinis3
1728 1962 1796 2026 fre-

464 2087 649 2149 quensque
672 2067 872 2138 meditacio,
898 2067 1015 2129 carnis
1038 2068 1094 2129 est
1117 2066 1282 2131 affliccio.
1321 2068 1446 2131 Finem
1469 2070 1641 2148 loquendi
1674 2089 1795 2132 omnes

464 2177 602 2257 pariter
624 2173 821 2237 audiamus.
846 2173 961 2236 Deum
983 2175 1077 2247 time,
1103 2178 1139 2237 et
1162 2176 1334 2238 mandata
1357 2177 1433 2238 eius
1459 2177 1629 2251 observa;
1654 2177 1722 2238 hoc
1743 2179 1797 2239 est

463 2285 558 2348 enim
581 2282 824 2346 omnishomo.
849 2280 985 2344 Cuncta
1009 2300 1079 2362 que
1107 2280 1197 2344 liunt
1214 2282 1345 2345 aducet
1360 2282 1457 2344 Deus
1480 2284 1518 2344 in
1534 2283 1706 2346 iudicium
1728 2302 1795 2363 pro

464 2391 558 2454 omni
590 2393 721 2461 errato,
755 2388 831 2451 sive
853 2389 995 2460 bonum,
1030 2389 1107 2450 sive
1139 2389 1272 2450 malum
1300 2390 1346 2451 sit
1360 2411 1374 2446 s
1388 2389 1409 2451 ².
1448 2422 1491 2430 -
1529 2389 1599 2452 Per
1624 2389 1797 2470 Spiritum

464 2498 634 2560 Sanctum
667 2487 882 2558 insinuatum
915 2499 973 2557 sat
997 2497 1051 2557 est
1074 2496 1234 2558 curiosos
1268 2496 1444 2559 arcendos
1469 2516 1491 2557 a
1514 2497 1696 2576 gentilium
1726 2498 1795 2560 lec·

463 2607 565 2677 cione
580 2605 763 2674 librorum,
788 2621 965 2682 posseque
981 2621 1105 2665 eorum
1120 2603 1305 2683 opiniones
1320 2604 1436 2665 minus
1452 2605 1656 2684 periculose
1671 2604 1796 2667 videre

462 2713 617 2774 larinate
638 2708 747 2773 licas³
769 2709 806 2771 in
827 2710 920 2771 libro
943 2707 1095 2789 pretato,
1133 2713 1169 2771 et
1200 2709 1268 2770 hiis
1295 2711 1376 2790 plus
1399 2729 1471 2772 non
1494 2710 1749 2790 requirendum
1773 2730 1796 2773 a

463 2837 688 2900 quocumque
710 2816 909 2897 Xpistiano,
946 2817 1007 2896 qui
1031 2817 1097 2878 sub
1121 2819 1206 2878 nota
1228 2816 1294 2878 filii
1322 2818 1503 2898 sapiencie
1525 2819 1639 2898 possit
1662 2819 1792 2888 notari,

464 2947 543 2990 cum
565 2927 667 2988 dicit:
696 2922 804 2985 ‹Hiis
827 2924 989 3004 amplius,
1014 2922 1089 2994 filii,
1114 2942 1160 2985 ne
1184 2923 1387 3003 requiras».
1420 2923 1520 2998 Nam,
1545 2943 1616 2987 non
1640 2925 1796 3004 scripse·

463 3038 546 3097 runt
567 3035 619 3095 illi
641 3033 719 3094 zelo
742 3031 904 3093 veritatis
927 3031 1099 3102 docende,
1135 3031 1202 3092 sed
1224 3031 1421 3111 cupiditate
1444 3031 1663 3110 acquirende
1686 3030 1792 3104 lame,

462 3143 520 3204 vel
552 3141 687 3202 emulos
719 3137 959 3219 impugnandi,
994 3140 1058 3200 aut
1091 3139 1267 3217 opinionis
1291 3157 1414 3200 errore
1436 3139 1495 3200 vel
1530 3157 1639 3201 causa
1671 3139 1796 3218 aliqua

461 3249 602 3332 prolate
625 3247 766 3309 tuende.
805 3245 891 3306 Ideo
915 3245 1056 3307 subdit:
1094 3242 1292 3307 «Faciendi
1316 3246 1437 3325 plures
1461 3246 1572 3307 libros
1596 3245 1714 3308 nullus
1738 3249 1797 3309 est

461 3358 543 3419 linis
559 3377 587 3417 ».
611 3353 685 3418 Sed
709 3353 796 3432 quid
817 3351 970 3414 intendit
993 3352 1030 3414 in
1053 3354 1130 3414 tota
1155 3352 1325 3415 concione
1349 3371 1424 3425 sua,
1449 3352 1532 3415 sciri
1555 3355 1732 3432 peroptat,
1758 3356 1798 3416 et

461 3465 528 3527 ait:
570 3462 723 3524 «Finem
745 3458 916 3539 loquendi
947 3459 1061 3521 omnis
1086 3459 1223 3538 pariter
1253 3459 1482 3532 audiamus»,
1518 3463 1592 3522 tam
1622 3460 1795 3532 ethnicos,

460 3589 613 3652 qnorum
636 3571 754 3630 sectas
777 3567 952 3647 tetigerat,
987 3583 1095 3645 quam
1118 3564 1256 3639 fideles,
1293 3584 1383 3645 quos
1407 3567 1634 3637 instruxerat,
1658 3585 1798 3630 vocans

461 3679 510 3741 ad
533 3696 643 3740 unum
665 3675 759 3737 ovile
782 3677 818 3736 et
841 3692 949 3735 unum
971 3675 1172 3753 pastorem.
1191 3672 1352 3757 —Quod
1375 3676 1494 3737 autem
1516 3673 1797 3755 intelligenciam

461 3788 598 3850 certam
620 3782 800 3844 humilitas
822 3780 1034 3860 puritasque
1057 3780 1289 3854 consciencie,
1324 3781 1361 3841 in
1383 3781 1619 3842 observancia
1646 3782 1799 3844 manda·

459 3895 578 3956 torum
602 3889 770 3969 reposita,
795 3888 995 3960 antecedat,
1030 3877 1252 3949 demonstrat¹
1276 3890 1312 3949 et
1335 3888 1441 3950 dicit:
1484 3885 1627 3950 «Deum
1651 3889 1736 3950 time
1752 3879 1795 3971 ΙΙ,

460 4002 497 4062 et
519 3998 692 4061 mandata
715 3996 790 4058 eins
814 3996 977 4067 observa,
1001 3994 1069 4056 hoc
1093 3997 1147 4056 est
1172 3994 1266 4056 enim
1281 3995 1395 4056 omnis
1418 3993 1524 4056 homo
1538 4014 1566 4067 ›,
1594 3995 1656 4074 qui
1677 3997 1798 4076 preci·

460 4126 531 4188 pue
554 4105 699 4168 racione
721 4121 745 4164 a
760 4102 876 4166 beluis
899 4103 955 4164 est
976 4101 1177 4163 distinctus.
1203 4099 1323 4184 Quare
1347 4119 1412 4163 nec
1435 4102 1592 4181 proprie,
1617 4104 1657 4164 ut
1680 4100 1796 4166 Lac-

460 4213 615 4277 tancii
649 4215 732 4274 utar
766 4209 949 4272 sentencia
983 4209 1159 4271 adversus
1184 4207 1459 4287 Epicurum,
1497 4208 1591 4271 libro
1614 4209 1729 4281 tertio,
1755 4213 1797 4273 ni

459 4321 574 4394 fallor,
618 4319 877 4380 Divinarum
921 4315 1277 4378 Institucionum
1323 4315 1513 4394 loquentis,
1562 4315 1615 4377 illi
1659 4316 1798 4392 hostes,

458 4427 622 4490 veritatis
646 4426 766 4487 divine
788 4425 903 4486 solum
924 4422 1140 4502 quibusdam
1156 4423 1330 4484 virtutum
1353 4422 1645 4486 similitudinibus
1668 4423 1797 4486 adum-

459 4535 554 4598 brati
576 4532 737 4596 homines
761 4534 845 4593 sunt
866 4529 1019 4604 dicendi,
1056 4529 1124 4591 nisi
1147 4530 1311 4591 fortassis
1335 4531 1501 4592 locuntur
1524 4530 1622 4608 quod
1645 4549 1715 4592 non
1736 4535 1800 4594 est

458 4749 671 4759 .-—---

566 4902 586 4971 ¹)
606 4904 665 4957 Sur
679 4901 827 4967 fiendum,
846 4898 884 4953 ci.
902 4914 1007 4968 snpra,
1025 4915 1055 4967 p.
1074 4898 1118 4962 26,
1136 4913 1167 4951 n.
1187 4898 1211 4952 1.

565 4991 586 5059 ²)
605 4992 650 5046 Cf.
669 4993 779 5056 Enete,
798 4989 864 5052 XII,
883 4989 926 5052 12,
945 4989 988 5052 1³,
1007 4988 1050 5042 14.

521 5148 524 5154 Ι
565 5079 762 5149 ¹')l>ent·etre
780 5082 874 5133 estce
892 5093 953 5132 nne
971 5078 1056 5132 tante
1073 5079 1114 5131 de
1140 5079 1258 5146 copiste
1281 5093 1360 5146 pour
1389 5076 1495 5147 legas?
1525 5077 1550 5129 11
1576 5079 1626 5131 est
1642 5078 1712 5132 urai
1729 5093 1799 5146 que

457 5174 535 5226 dans
552 5174 577 5224 P
595 5172 620 5224 L
639 5188 690 5226 ces
709 5173 791 5226 deux
802 5172 883 5224 mots
904 5169 1061 5235 «fomute
1076 5171 1177 5222 linas»
1198 5171 1269 5222 soni
1282 5168 1413 5221 annules
1427 5183 1484 5235 par
1496 5167 1552 5220 des
1567 5167 1671 5234 points
1684 5168 1798 5236 places

457 5263 651 5316 endessons.
