4300 6117
804 982 991 1037 IOHANNIS
1014 982 1195 1036 DOMINICI
1603 970 1668 1034 227

336 1224 393 1267 me
416 1206 639 1279 consulebas,
665 1226 745 1269 cum
767 1207 890 1286 petisti
914 1225 961 1267 an
985 1205 1052 1267 tibi
1073 1206 1200 1267 liceret
1223 1206 1352 1267 litteris
1368 1206 1591 1268 secularibus
1608 1206 1670 1269 uti.

335 1312 519 1394 Respondi
552 1314 618 1376 tibi
647 1315 846 1393 periculum
878 1313 1072 1384 imminere,
1098 1313 1130 1373 si
1166 1331 1245 1375 cum
1280 1311 1441 1375 hostibus
1477 1313 1548 1374 tuis
1576 1314 1673 1375 solus

335 1422 528 1483 morareris
552 1420 706 1482 inermis.
732 1419 811 1505 Quo
835 1420 884 1482 ad
907 1420 1060 1500 primum
1084 1418 1322 1499 vituperabile
1338 1420 1404 1481 tibi
1420 1420 1572 1482 maxime
1584 1418 1672 1493 iore,

335 1527 368 1589 si
390 1527 610 1590 habitaveris
634 1529 763 1607 sponte
786 1546 866 1590 cum
888 1525 1221 1606 blasphemantibus
1245 1524 1360 1588 Deum
1379 1528 1488 1599 tuum,
1514 1545 1621 1588 unum
1639 1530 1675 1589 et

336 1652 470 1706 verum,
493 1652 600 1713 quem
624 1636 660 1696 te
681 1634 905 1696 incessanter
927 1633 1078 1695 laudare
1102 1635 1255 1713 oportet.
1290 1631 1369 1717 Quo
1393 1633 1441 1694 ad
1464 1633 1670 1707 secundum,

336 1741 488 1803 mortale
509 1759 596 1802 vero
620 1741 795 1803 adherere
819 1740 984 1820 superbis
1006 1739 1045 1800 in
1067 1738 1273 1801 Acharonte
1289 1739 1504 1819 dampnatis,
1523 1758 1675 1819 quorum

337 1850 393 1910 est
424 1866 491 1928 per
528 1849 686 1909 taustum
720 1850 756 1909 et
790 1848 950 1926 iniquum
985 1848 1160 1908 tumorem
1207 1846 1350 1909 sibimet
1384 1848 1528 1926 aperire
1556 1848 1676 1910 aditus

336 1954 545 2016 animarum.
570 1953 649 2039 Quo
672 1955 721 2016 ad
744 1956 894 2016 tercium
917 1954 969 2015 sic
991 1972 1058 2033 per
1082 1953 1250 2016 mortales
1281 1954 1528 2033 cogitaciones,
1554 1973 1577 2015 a
1601 1956 1677 2033 qui-

337 2063 405 2124 bus
427 2062 490 2123 illa
513 2061 677 2123 doctrina
699 2062 874 2141 procedit,
899 2079 965 2141 per
987 2061 1179 2122 scienciam
1215 2060 1428 2121 virulentam
1463 2079 1571 2140 quam
1606 2064 1678 2123 tra·

338 2168 438 2242 dunt,
461 2187 527 2249 per
548 2168 657 2229 tinem
679 2169 823 2231 letalem
845 2185 952 2247 quem
975 2166 1168 2240 advehunt,
1193 2167 1258 2229 tibi
1282 2168 1479 2229 monstravi
1507 2167 1606 2247 quod
1628 2169 1677 2231 ad

338 2275 540 2337 doctrinam
562 2275 744 2355 gentilium
767 2293 838 2336 non
861 2274 1063 2336 accedas».

447 2380 519 2444 Sed
553 2400 619 2461 per
655 2382 776 2461 aliqua
823 2381 1057 2462 particularia
1107 2380 1241 2442 monita
1289 2380 1448 2443 eiusdem
1494 2382 1675 2461 sapientis,
1690 2377 1721 2440 4.

338 2508 458 2571 ymmo
483 2487 638 2567 Spiritus
668 2486 802 2561 Sancti,
828 2488 978 2551 celerius
1002 2487 1256 2549 discurramus.
1281 2486 1342 2549 Ait
1372 2488 1464 2549 enim
1495 2489 1531 2549 tn
1561 2490 1677 2569 capi·

340 2596 428 2657 tulo
461 2594 528 2657 2⁰:
556 2594 630 2657 «Si
653 2596 747 2657 enim
774 2596 994 2675 sapienciam
1024 2595 1257 2667 invocaveris,
1291 2598 1327 2657 et
1356 2595 1584 2657 inclinaveris
1616 2614 1679 2658 cor

338 2706 440 2765 tuum
468 2702 675 2784 prudencie,
706 2703 737 2765 si
761 2693 775 2785 Η
812 2702 986 2781 quesieris
1021 2702 1120 2763 illam
1151 2701 1254 2780 quasi
1288 2702 1486 2781 pecuniam,
1521 2707 1557 2765 et
1587 2698 1961 2765 sicutB51'0L67vo

339 2809 528 2873 thesauros
553 2809 723 2872 effoderis
747 2810 854 2879 illam,
879 2812 963 2871 tunc
987 2808 1162 2888 intelliges
1179 2809 1342 2870 timorem
1357 2808 1500 2871 Domini
1516 2812 1552 2871 et
1567 2811 1680 2872 scien·

340 2918 433 2979 ciam
464 2916 531 2978 Dei
553 2917 721 2989 invenies,
747 2918 832 2995 quia
854 2915 1026 2977 Dominus
1050 2917 1115 2977 dat
1138 2916 1357 2995 sapienciam
1385 2920 1421 2978 et
1446 2934 1489 2978 ex
1512 2934 1574 2978 ore
1604 2918 1680 2980 eius

340 3024 498 3087 sciencia
522 3025 557 3085 et
580 3023 779 3104 prudencia
799 3020 840 3085 ›¹.
868 3055 906 3065 -
931 3022 979 3084 Et
1001 3023 1164 3101 sequitur
1192 3023 1238 3084 de
1267 3024 1441 3103 opposita,
1472 3042 1580 3103 quam
1610 3044 1681 3086 non

342 3131 406 3192 dat
436 3130 626 3192 Dominus:
659 3129 737 3193 «Ut
761 3130 899 3192 eruaris
922 3148 944 3191 a
968 3130 1117 3191 muliere
1140 3130 1266 3202 aliena,
1287 3133 1323 3191 et
1344 3132 1391 3192 ab
1411 3133 1591 3203 extranea,
1610 3150 1680 3211 que

340 3238 455 3300 mollit
473 3255 655 3300 sermones
679 3255 773 3311 suos,
798 3240 834 3299 et
857 3235 1026 3315 relinquit
1049 3236 1178 3298 ducem
1201 3238 1402 3316 pubertatis
1426 3256 1498 3309 sue,
1524 3242 1560 3299 et
1583 3238 1681 3317 pacti

340 3344 408 3406 Dei
439 3345 494 3406 sui
523 3344 637 3407 oblita
669 3347 733 3407 est.
765 3344 940 3406 inclinata
963 3345 1018 3405 est
1041 3344 1090 3405 ad
1114 3345 1264 3405 mortem
1289 3344 1416 3405 domus
1452 3345 1537 3416 eius,
1563 3349 1598 3407 et
1633 3346 1681 3407 ad

340 3452 474 3513 inieros
509 3452 635 3513 semite
664 3452 769 3512 illius.
795 3449 926 3513 Omnes
951 3451 1012 3529 qui
1036 3451 1281 3529 ingredientur
1301 3451 1349 3511 ad
1371 3470 1450 3512 eam
1471 3470 1541 3512 non
1562 3470 1681 3514 rever·

342 3562 471 3631 tentur,
486 3577 552 3620 nec
568 3557 840 3638 apprehendent
863 3558 1008 3619 semitas
1031 3558 1105 3618 vite
1124 3556 1166 3617 ³².
1193 3588 1235 3598 -
1259 3556 1403 3619 Certum
1427 3562 1482 3620 est
1498 3558 1596 3637 quod
1611 3578 1681 3620 non

340 3667 415 3746 agit
437 3666 484 3728 de
506 3665 655 3728 muliere
679 3665 823 3737 carnali,
841 3683 921 3726 cum
941 3682 1033 3743 eque
1056 3664 1103 3726 sit
1128 3663 1325 3726 cavendum
1349 3667 1396 3727 ab
1420 3665 1491 3737 illa,
1517 3684 1587 3745 que
1610 3685 1681 3728 non

341 3773 466 3836 habuit
489 3774 615 3844 virum,
640 3772 733 3834 sicut
756 3772 802 3833 ab
819 3772 880 3833 illa
905 3789 975 3850 que
995 3770 1132 3832 dudum
1156 3772 1305 3851 accepit.
1373 3852 1377 3859 Ι

448 3879 538 3941 Item
560 3880 597 3940 in
619 3880 734 3942 veteri
756 3869 834 3958 lege
858 3897 929 3940 non
952 3879 1019 3940 tuit
1043 3881 1116 3939 tam
1140 3881 1241 3940 arcte
1263 3878 1465 3958 prohibitus
1481 3880 1680 3942 meretricis
1695 3874 1726 3937 5.

342 3987 536 4067 amplexus,
568 3987 661 4048 sicut
691 3986 727 4046 in
761 4003 864 4058 novo,
901 4003 981 4046 cum
1016 3985 1140 4057 Iudas,
1182 4004 1272 4047 unus
1312 4004 1355 4047 ex
1391 3986 1581 4048 duodecim
1619 4006 1680 4067 pa·

342 4093 518 4166 triarchis,
544 4093 738 4155 accesserit
760 4094 904 4172 impune
930 4092 979 4153 ad
1015 4094 1182 4165 scortum,
1210 4093 1303 4154 sicut
1330 4096 1455 4155 narrat
1483 4092 1679 4173 Scriptura,

342 4219 414 4261 non
436 4200 607 4262 adiuncta
631 4200 738 4280 culpa
761 4217 827 4261 nec
850 4216 953 4286 pena.
992 4196 1059 4259 Est
1083 4198 1190 4278 igitur
1227 4197 1284 4259 hic
1317 4200 1445 4261 mulier
1477 4184 1680 4261 hereticalis

343 4307 517 4379 doctrina,
542 4308 634 4368 sicut
668 4306 828 4368 meminit
859 4303 1000 4377 Glosa⁸,
1025 4323 1095 4384 que
1130 4306 1167 4365 in
1201 4308 1353 4368 materia
1386 4325 1466 4368 cum
1499 4306 1681 4368 mundana

344 4414 550 4476 concordat.

450 4520 583 4583 Iterum
607 4520 759 4582 consulit
782 4519 819 4580 in
843 4518 1030 4597 capitulo
1054 4518 1222 4597 quinto:
1256 4518 1358 4580 «Fili
1382 4521 1438 4593 mi,
1463 4519 1611 4583 attende
1632 4519 1680 4581 ad
1694 4514 1725 4575 6·

452 4887 473 4954 ¹)
492 4890 646 4952 Pr0verh.,
665 4889 702 4953 11,
720 4890 778 4943 3-6.

451 4976 472 5044 ⁷)
491 4979 632 5041 lbtd.,11,
652 4979 746 5032 1⁶·19.

451 5064 473 5134 ⁸)
491 5068 608 5121 Gtosll.
646 5068 774 5121 «Potest
798 5082 856 5135 per
879 5069 1042 5121 mulierem
1066 5068 1294 5121 haereticorum
1323 5068 1461 5134 pravitas
1495 5066 1634 5134 intelligi,
1659 5081 1678 5119 a

343 5156 467 5211 Christo
480 5158 680 5224 Ecclesiaqne
697 5158 806 5220 aliena,
828 5171 909 5223 qnae
927 5156 1057 5210 mollitie
1075 5156 1270 5224 eloquentiae
1288 5157 1320 5208 et
1337 5156 1441 5224 lingua
1454 5155 1675 5209 blandimentis

344 5247 441 5301 corda
462 5246 673 5300 innocentium
691 5247 805 5313 decipit
824 5246 906 5299 etc.»
