4300 6117
855 910 1042 964 IOHANNIS
1065 910 1248 965 DOMINICI
1650 899 1715 962 295

382 1136 418 1197 et
440 1151 528 1195 vera
552 1133 736 1205 diiudicet,
760 1153 833 1195 non
856 1134 1119 1213 improbamus:
1148 1133 1342 1213 geometria
1367 1135 1403 1195 et
1425 1133 1562 1195 musica
1583 1132 1718 1194 habent

380 1240 418 1301 in
441 1259 506 1302 sua
530 1241 687 1302 sciencia
709 1241 916 1313 veritatem;
942 1240 1009 1302 sed
1031 1259 1105 1301 non
1127 1242 1183 1301 est
1205 1239 1363 1301 sciencia
1385 1239 1447 1301 illa
1462 1238 1618 1319 pietatis.
1644 1236 1718 1300 Sci·

382 1346 484 1410 encia
506 1347 651 1427 pietatis
675 1351 730 1409 est
752 1365 858 1410 nosse
880 1348 998 1427 legere
1015 1344 1222 1426 Scripturas
1245 1348 1281 1408 et
1296 1346 1495 1427 intelligere
1511 1346 1717 1427 prophetas,

382 1455 419 1515 in
452 1454 648 1533 Evangelio
683 1454 842 1525 credere,
878 1452 1072 1534 Apostolos
1108 1472 1180 1515 non
1214 1454 1388 1534 ignorare.
1429 1452 1719 1515 Gramaticornm

382 1563 502 1623 autem
526 1562 691 1623 doctrina
713 1562 834 1640 potest
857 1561 972 1623 eciam
994 1558 1175 1639 proficere
1193 1551 1207 1643 {t
1227 1560 1276 1621 ad
1297 1561 1417 1633 vitam,
1442 1560 1528 1622 dum
1551 1561 1660 1622 fuerit
1682 1560 1719 1621 in

382 1668 546 1730 meliores
569 1686 654 1730 usus
678 1671 863 1747 assumpta
874 1688 901 1729 2.
925 1666 1003 1729 Hec
1018 1667 1217 1729 Ieronimus
1228 1664 1248 1729 ¹.
1267 1700 1307 1709 —
1325 1666 1396 1730 Ubi
1410 1668 1527 1748 glosat
1543 1668 1589 1729 de
1604 1669 1718 1729 astro·

383 1775 501 1837 nomia
524 1794 596 1837 non
618 1773 705 1837 iacit
729 1776 958 1846 mencionem,
983 1775 1068 1853 quia
1091 1774 1157 1836 hec
1182 1776 1271 1837 abiit
1293 1775 1331 1835 in
1347 1774 1629 1837 dissuetudinem
1652 1792 1719 1853 per

383 1885 518 1945 textum
536 1880 702 1943 Gracia
713 1882 772 1955 ni,
788 1890 884 1943 XXVI
900 1881 941 1966 Q.
953 1880 983 1943 2.
999 1880 1157 1954 Hiis...,
1175 1882 1327 1944 dicentis
1341 1883 1390 1944 ad
1405 1882 1594 1944 materiam
1612 1882 1717 1943 satis:

385 1988 621 2068 <Antequam
644 1988 876 2068 Evangelium
900 1988 1126 2061 claresceret,
1159 1990 1272 2050 multa
1302 1990 1613 2068 permittebantur,
1649 2006 1719 2067 que

383 2098 544 2175 tempore
559 2094 785 2175 perfectioris
801 2095 990 2175 discipline
1003 2086 1017 2178 Η
1031 2097 1175 2175 penitus
1190 2098 1274 2157 sunt
1290 2096 1510 2157 eliminata».
1525 2125 1564 2135 —
1578 2094 1625 2156 Et
1637 2097 1719 2174 post

383 2220 516 2283 pauca:
542 2221 558 2254 ‹
574 2200 633 2264 Sic
657 2207 693 2264 et
717 2204 874 2265 sortibus
897 2202 1006 2263 nichil
1029 2202 1116 2264 mali
1138 2202 1255 2265 inesse
1271 2206 1501 2265 monstratur.
1526 2201 1720 2264 Prohiben-

382 2314 442 2373 tur
464 2313 585 2372 tamen
608 2310 786 2382 fidelibus,
810 2328 857 2371 ne
879 2310 946 2371 sub
970 2308 1038 2371 hac
1061 2310 1182 2387 specie
1206 2310 1453 2382 divinacionis,
1478 2310 1528 2371 ad
1551 2310 1720 2389 antiquos

382 2418 562 2499 ydolatrie
578 2417 695 2479 cultus
719 2417 921 2478 redirent».
941 2450 980 2459 —
998 2414 1102 2477 Unde
1125 2417 1342 2495 quibusdam
1366 2417 1661 2479 constellaciones
1685 2420 1721 2478 et

383 2525 585 2585 futurorum
621 2524 721 2603 signa
744 2523 1028 2586 custodientibus
1052 2521 1247 2603 Apostolus
1270 2524 1340 2586 ait:
1380 2542 1396 2575 ‹
1409 2523 1494 2586 Dies
1518 2524 1720 2585 observatis

384 2633 420 2693 et
442 2648 583 2693 menses
606 2633 643 2692 et
666 2649 779 2692 annos
802 2632 838 2693 et
861 2633 1034 2709 tempora,
1070 2630 1165 2693 unde
1189 2630 1296 2692 timeo
1320 2648 1365 2691 ne
1393 2632 1486 2692 forte
1510 2631 1586 2692 sine
1610 2649 1721 2692 causa

383 2736 625 2799 laboraverim
661 2737 704 2798 in'
718 2738 821 2800 vobis
837 2756 852 2790 a
866 2736 887 2799 ².
927 2736 987 2798 Sic
1012 2740 1048 2800 et
1070 2737 1290 2800 astronomia
1318 2755 1381 2800 seu
1404 2738 1598 2817 astrologia
1622 2738 1720 2816 apud

384 2844 579 2907 catholicos
603 2845 640 2905 in
664 2844 946 2906 dissuetudinem
968 2843 1067 2914 abiit,
1093 2845 1178 2923 quia
1200 2844 1315 2906 Deum
1338 2845 1487 2924 propria
1511 2844 1720 2906 curiositate

384 2950 451 3013 hiis
475 2951 579 3013 nimis
604 2954 707 3012 erant
723 2952 858 3021 intenti,
883 2951 999 3012 minus
1012 2951 1193 3013 vacabant
1208 2950 1286 3023 hiis,
1311 2970 1381 3031 que
1396 2952 1504 3013 saluti
1520 2952 1720 3013 animarum

385 3060 488 3120 erant
512 3058 749 3120 accomodata
764 3079 791 3119 r.
827 3056 904 3119 Hec
929 3056 1236 3120 Gracianus³.
1287 3060 1294 3078 ⁴

496 3164 658 3227 Sciencia
681 3183 777 3237 vero,
803 3182 872 3244 que
895 3166 1007 3227 robur
1029 3166 1149 3246 gracie
1179 3167 1326 3244 prestat,
1352 3168 1407 3226 est
1438 3166 1551 3226 omnis
1584 3167 1718 3227 veritas
1733 3162 1786 3226 23.

386 3273 554 3335 divinitus
578 3272 748 3334 revelata.
773 3270 826 3333 De
850 3272 914 3334 tali
936 3272 1096 3351 loquitur
1119 3290 1205 3351 sepe
1236 3268 1505 3333 Testamentum
1528 3276 1719 3351 utrumque

385 3383 422 3441 et
444 3380 559 3441 sancti
582 3379 758 3441 doctores.
784 3377 842 3440 Ad
864 3378 932 3441 hoc
955 3378 1045 3440 illud
1068 3379 1207 3441 tendit:
1235 3378 1382 3463 «Quam
1405 3379 1525 3440 dulcia
1554 3378 1718 3441 faucibus

385 3486 472 3548 meis
496 3486 638 3564 eloquia
662 3489 733 3559 tna,
759 3504 867 3565 super
890 3487 959 3547 mel
983 3487 1037 3547 ori
1058 3505 1138 3548 meo
1155 3484 1212 3547 ›⁴!
1248 3521 1290 3530 -
1324 3485 1372 3547 Et
1394 3485 1500 3548 illud:
1527 3485 1720 3548 «Lucerna

384 3594 537 3673 pedibus
561 3594 650 3655 meis
672 3593 822 3655 verbum
847 3596 955 3663 tuum,
981 3596 1018 3655 et
1040 3594 1162 3654 lumen
1184 3592 1319 3655 semitis
1343 3591 1493 3656 meis»⁶.
1519 3629 1561 3637 -
1585 3592 1633 3654 Et
1654 3593 1718 3655 ite·

385 3718 488 3761 rum:
513 3700 700 3780 «Ignitum
723 3700 904 3779 eloquium
927 3702 1027 3762 tuum
1057 3700 1288 3761 vehementer
1322 3703 1357 3762 et
1392 3718 1517 3762 servus
1549 3703 1631 3762 tuus
1666 3700 1718 3761 di·

384 3808 470 3869 lexit
485 3806 574 3868 illud
590 3804 637 3868 »⁶.
656 3840 695 3849 —-
719 3805 818 3879 Item,
835 3806 1006 3868 Dominus
1024 3807 1091 3869 ait:
1120 3806 1227 3868 «Non
1247 3807 1284 3867 iu
1298 3809 1375 3868 solo
1390 3826 1483 3888 pane
1499 3808 1588 3869 vivit
1602 3807 1718 3881 homo,

379 3914 451 3976 sed
466 3916 503 3975 in
517 3914 614 3976 omni
627 3914 748 3985 verbo,
762 3914 861 3992 quod
876 3914 1042 3994 procedit
1057 3932 1101 3975 ex
1118 3932 1181 3976 ore
1196 3912 1273 3976 Deo
1285 3934 1300 3967 »
1312 3912 1331 3976 ².
1351 3947 1391 3955 —
1408 3913 1550 3976 Adhuc:
1571 3912 1720 3976 «Verba

386 4039 455 4100 que
469 4033 552 4101 ergo
566 4021 703 4100 loquor,
721 4022 867 4100 spiritus
885 4024 921 4083 et
935 4023 1010 4083 vita
1025 4020 1072 4082 »⁸.
1089 4054 1132 4063 -
1147 4019 1250 4083 Unde
1265 4020 1402 4092 Petrus,
1416 4022 1655 4101 interrogatus
1672 4041 1719 4083 an

492 4460 513 4527 ¹)
532 4462 561 4515 S.
580 4462 695 4516 EUsEB.
718 4462 850 4516 HIERON.
884 4463 1047 4516 Commeat.
1075 4466 1106 4516 ia
1133 4464 1233 4530 Epist.
1261 4466 1304 4515 ad
1332 4462 1437 4525 Titum,
1460 4477 1527 4530 cap.
1548 4465 1573 4527 1,
1592 4479 1673 4516 vers.
1693 4463 1718 4515 2.

385 4551 420 4603 In
441 4551 532 4619 Oper.
553 4554 575 4604 t.
596 4550 660 4609 VII.
681 4553 738 4604 col.
758 4552 818 4605 593.

493 4638 563 4706 ²)S.
582 4642 689 4703 PAUL,
709 4643 751 4694 ad
771 4641 893 4703 Coloss„
913 4642 963 4704 IV,
983 4643 1025 4695 10.

493 4726 513 4793 ³)
533 4731 687 4783 GRAT1AN.
708 4731 780 4797 Cap.
801 4730 876 4784 Sors
894 4746 954 4783 non
973 4733 1093 4797 aliquid
1109 4732 1131 4784 1.
1150 4731 1275 4804 Quaest.
1296 4732 1332 4784 11.
1352 4732 1451 4785 Causa
1469 4732 1574 4785 xxv1.

492 4817 513 4883 ¹)
533 4819 577 4872 CI.
597 4820 710 4873 Psalm.
731 4818 859 4883 CXVIII,
880 4820 939 4873 103.

492 4906 512 4975 ὁ)
531 4912 621 4973 ruta..
642 4910 701 4962 105.

490 4996 512 5062 ⁴³)
530 5001 616 5062 Ibin,
641 5000 701 5052 140.

495 5085 514 5152 τ)
533 5088 562 5142 S.
581 5090 715 5152 Mirm,
734 5090 828 5153 1V,4.

492 5175 513 5244 Β)
532 5178 562 5231 S.
581 5180 701 5243 ioum,
720 5180 770 5242 VI,
787 5180 831 5233 64.
