4300 6117
851 1013 1039 1067 1oflauu1s
1061 1013 1244 1066 Douuucr
1649 1002 1717 1067 289

380 1239 495 1299 natur.
532 1270 575 1279 -
610 1235 706 1299 Satis
730 1236 796 1299 hec
820 1237 1011 1309 conclusio,
1048 1236 1185 1299 iuribus
1209 1234 1312 1307 freta,
1345 1255 1410 1316 per
1433 1234 1716 1316 Gregorium

381 1344 417 1405 in
444 1342 661 1425 Dyalogo
697 1344 973 1407 demonstratur.
1012 1343 1075 1406 Ait
1098 1344 1191 1405 enim
1214 1344 1370 1422 quedam
1395 1343 1516 1423 regula
1550 1344 1637 1405 iuris
1671 1344 1716 1404 in

382 1449 541 1513 Sexto:
586 1451 924 1531 «Ignorancia
957 1449 1107 1523 facti,
1143 1470 1237 1513 non
1267 1451 1415 1522 iuris,
1454 1453 1715 1512 excusat».

381 1557 512 1637 Utique
536 1558 687 1620 credunt
723 1557 902 1637 simplices
934 1558 1077 1619 unicum
1109 1559 1186 1619 fore
1209 1556 1371 1619 Ecclesie
1393 1558 1588 1637 legitimum
1611 1575 1716 1636 spon·

382 1683 468 1734 sum,
493 1667 533 1726 ut
549 1665 628 1726 iura
643 1665 776 1737 volunt,
802 1683 909 1744 quem
932 1666 1056 1726 dicunt
1082 1665 1189 1726 istum
1205 1664 1264 1727 vel
1285 1666 1385 1725 illum
1408 1683 1515 1743 quern
1531 1662 1718 1744 Scriptura

382 1789 453 1832 non
475 1774 586 1834 notat.

488 1878 572 1940 Pari
588 1880 695 1941 modo
718 1880 754 1940 in
778 1880 960 1940 erroribus
981 1879 1184 1939 errancium
1208 1879 1457 1941 consideratur
1478 1880 1716 1940 intencio:
1733 1876 1785 1938 15.

382 2004 429 2046 an
463 1986 599 2047 scilicet
634 1987 836 2048 temeritate
875 2004 938 2047 seu
962 1986 1211 2047 obstinacione
1234 1984 1367 2058 sedata,
1402 1988 1461 2047 vel
1491 1985 1648 2065 quadam
1672 1986 1719 2047 sit

381 2092 610 2172 simplicitate
626 2092 777 2154 delusa?
814 2091 901 2176 Quis
927 2093 1020 2153 enim
1044 2093 1176 2154 dixerit
1199 2092 1297 2154 velut
1319 2093 1504 2174 ydolatras
1528 2092 1718 2171 dampnari

383 2217 453 2267 eos.
479 2200 540 2277 qui
564 2201 656 2261 forte
680 2199 829 2261 audiunt
853 2200 980 2261 missas
1004 2199 1245 2261 hereticorum
1266 2200 1418 2270 illorum,
1455 2201 1516 2279 qui
1540 2199 1577 2260 in
1599 2218 1718 2261 sacra·

382 2308 540 2367 mentum
564 2306 653 2367 illud
676 2309 794 2368 mente
817 2325 888 2367 non
912 2308 1073 2379 credunt,
1097 2305 1313 2387 Bellangarii
1336 2306 1469 2368 famam
1485 2307 1583 2383 apud
1606 2326 1645 2369 se
1665 2326 1718 2368 re·

383 2406 569 2485 tinentes‘,
594 2414 680 2475 licet
703 2416 750 2475 ab
775 2417 876 2475 extra
900 2414 1066 2475 catholici
1090 2415 1330 2493 reputentur?

490 2518 633 2582 Erroris
658 2521 772 2582 eciam
793 2521 985 2601 plurimum
1009 2524 1064 2582 est
1103 2523 1308 2583 materia
1338 2521 1584 2601 ponderanda.
1625 2521 1720 2606 Quid
1735 2515 1786 2576 16·

384 2626 468 2687 mihi
492 2630 529 2688 et
550 2629 679 2707 gracie,
717 2628 747 2689 si
771 2628 949 2707 quispiam
984 2647 1057 2690 non
1079 2630 1158 2690 vult
1186 2627 1335 2690 credere
1359 2628 1545 2691 Platonem
1577 2630 1719 2708 virgini-

384 2735 495 2794 tatem
518 2752 692 2823 seryasse‚
728 2736 857 2795 bovem
880 2735 1046 2805 locutam,
1084 2733 1271 2797 Castorem
1295 2740 1331 2797 et
1354 2735 1535 2797 Pollucem
1559 2736 1718 2807 sudasse,

385 2845 420 2902 et
445 2843 565 2902 cetera
587 2842 700 2903 multa
724 2859 794 2920 que
818 2842 949 2903 ethnici
972 2842 1135 2903 scribunt
1157 2840 1321 2904 fortassis
1346 2846 1410 2904 et⁸
1433 2862 1520 2904 vera
1530 2842 1551 2903 ².

494 2946 585 3009 Dico
608 2949 716 3027 igitur
738 2967 804 3028 per
827 2952 1096 3010 sacrosanctam
1120 2952 1272 3011 matrem
1288 2948 1488 3011 Ecclesiam
1510 2951 1582 3011 iam
1603 2939 1788 3011 ceter-17.

385 3054 541 3115 miriatos
575 3074 654 3116 esse
680 3055 851 3117 articulos
887 3056 1088 3118 credendos
1121 3059 1158 3117 et
1181 3074 1251 3116 non
1286 3057 1460 3118 tenendos
1495 3057 1720 3137 dampnatos.

386 3164 495 3239 atque
521 3180 596 3233 nos,
633 3164 680 3223 ab
703 3160 859 3223 infancia
883 3163 976 3224 inter
997 3162 1117 3242 Xpisti
1140 3164 1301 3225 membra
1336 3166 1499 3237 nutritos,
1535 3164 1619 3225 ideo
1651 3183 1723 3225 non

387 3286 599 3329 excusamur
622 3288 703 3331 cum
719 3267 841 3341 Paulo,
867 3268 1045 3348 Cipriano‚
1071 3270 1266 3342 leronimo,
1291 3260 1306 3352 ΙΙ
1324 3269 1522 3351 Augustino
1539 3274 1576 3332 et
1592 3272 1721 3333 ceteris
1735 3259 1764 3322 L
1779 3257 1855 3322 85νο
1878 3257 1908 3318 Β
1924 3256 1971 3318 68'

386 3376 528 3447 sanctis,
554 3376 614 3454 qui
632 3381 822 3438 evaseruut
847 3395 890 3437 ex
905 3376 1064 3449 ethnicis,
1090 3396 1213 3439 eorum
1228 3377 1383 3439 farxati³
1404 3380 1605 3440 sentenciis.
1629 3377 1721 3439 Nam

385 3486 467 3562 post
490 3483 708 3561 baptismum
744 3486 958 3564 susceptum,
995 3486 1152 3546 autnon
1185 3484 1347 3564 legerunt
1382 3486 1493 3547 libros
1529 3486 1720 3565 gentilium,

386 3585 449 3650 aut
484 3607 554 3650 non
575 3590 675 3668 prius
700 3608 807 3669 quarn
841 3593 960 3652 essent
980 3589 1151 3653 fidelibus
1174 3590 1320 3654 Litteris
1349 3592 1479 3654 edocti.
1517 3591 1591 3653 Nec
1615 3591 1722 3654 hodie

386 3696 464 3775 ipse
487 3696 645 3758 arbitror
676 3696 1002 3776 reprehendendos,
1038 3699 1101 3777 qui
1124 3699 1243 3760 sciunt
1274 3699 1414 3761 litteras
1437 3700 1528 3771 illas,
1565 3702 1628 3761 aut
1650 3700 1721 3779 qui,

386 3806 469 3882 post
491 3822 677 3865 sacrarum
700 3803 918 3866 Litterarum
941 3805 1062 3867 studia
1085 3807 1121 3866 et
1144 3805 1232 3867 fidei
1261 3804 1495 3891 fundamenta
1517 3807 1624 3885 plene
1647 3825 1722 3868 sus·

388 3913 503 3990 cepta,
544 3912 690 3973 realiter
726 3911 774 3972 ad
811 3911 953 3974 illorum
989 3932 1151 3975 errorum
1186 3913 1437 3993 extirpandum
1459 3932 1637 3976 venenum
1660 3914 1723 3974 ali-

388 4018 533 4096 quando
557 4018 693 4098 legunt;
732 4018 806 4089 sed,
833 4038 893 4081 eos
929 4038 1012 4081 reor
1035 4019 1282 4094 refrenandos,
1321 4023 1381 4099 qui
1412 4025 1606 4101 antequam
1629 4022 1723 4082 lacte

387 4125 530 4186 alantur
561 4126 764 4198 infancium,
802 4128 901 4206 prius
937 4145 1045 4205 quam
1073 4128 1279 4206 acceperint
1315 4128 1451 4199 dentes,
1488 4147 1559 4190 non
1594 4146 1724 4207 panem

388 4249 483 4310 aqua
505 4236 540 4293 et
562 4232 642 4311 igne
666 4233 843 4306 tenellum,
882 4233 947 4295 sed
968 4254 1093 4296 verum
1116 4233 1346 4296 durissimum
1377 4239 1413 4296 et
1440 4235 1654 4315 indigestum
1686 4236 1724 4297 in

389 4356 508 4400 escam
531 4340 655 4417 utique
675 4340 800 4402 mortis
824 4345 1019 4403 assumunt.
1062 4340 1132 4403 Ubi
1156 4342 1250 4403 enim
1278 4343 1399 4421 inopia
1422 4343 1479 4403 vel
1503 4343 1616 4404 eciam
1641 4361 1724 4402 ava·

389 4446 478 4507 ricia
500 4446 704 4524 quempiam
728 4449 823 4527 cogit
844 4450 927 4528 post
948 4448 1105 4528 pueriles
1130 4468 1242 4509 annos
1266 4448 1439 4511 decursos
1457 4450 1566 4510 lucris
1590 4453 1724 4527 tempo-

389 4553 525 4615 ralibus
548 4553 719 4615 insudare
742 4554 945 4633 querendis,
972 4559 1008 4617 et
1030 4557 1060 4617 si
1085 4556 1206 4634 aliqua
1230 4557 1504 4635 presumpcione
1521 4557 1579 4617 vel
1600 4557 1726 4617 auditu

496 4810 529 4871 u)
549 4824 583 4854 =
602 4809 706 4860 etiam.

498 4930 518 4994 ¹)
536 4934 619 4986 Pour
637 4934 821 5002 Berengurit.
855 4934 937 4987 Pour
955 4934 1121 5001 Berenger,
1153 4934 1205 5001 qui
1232 4935 1408 5001 pretendait
1438 4950 1499 5001 que
1526 4936 1556 4987 le
1574 4949 1666 5001 corps
1685 4935 1727 4987 du

391 5021 494 5075 Christ
512 5022 619 5075 n’etait
637 5038 693 5089 pas
712 5024 867 5076 vraiment
885 5024 1014 5089 present
1033 5024 1111 5075 dans
1129 5024 1353 5087 l’Eucharistie,
1378 5025 1455 5077 mais
1479 5040 1541 5092 qne
1567 5039 1602 5076 ce
1620 5024 1727 5076 n'etait

391 5111 484 5178 qo'nn
498 5112 594 5179 signe.
612 5111 656 5164 cf.
670 5111 700 5165 S.
715 5108 859 5175 Tuom,
873 5112 955 5165 Sum.
973 5111 1070 5165 Theot
1084 5112 1150 5175 111⁸,
1169 5112 1203 5185 Q.
1216 5113 1536 5186 LXX111‚1,ad3etQ.
1548 5113 1727 5176 Lxxxv‚1.

499 5196 519 5265 ²)
539 5199 584 5254 Cf.
604 5202 674 5268 plus
693 5201 768 5254 haut
786 5202 833 5254 les
852 5202 996 5270 prodigus
1016 5203 1180 5269 rapportes
1199 5217 1257 5268 par
1275 5201 1440 5265 Tite-Live,
1458 5218 1488 5269 p.
1509 5203 1569 5265 124,
1590 5202 1650 5254 125,

459 5346 466 5374 'k
498 5286 519 5355 ¹³)
537 5291 620 5343 Pour
636 5288 736 5353 sarcit
753 5306 793 5343 ou
807 5289 897 5354 sorti.

1591 5412 1617 5452 19
