4300 6117
848 965 1036 1020 IOHANNIS
1058 964 1240 1019 DOMINICI

827 1730 1030 1845 [CAPUT
1063 1730 1249 1837 XXX]

483 2094 679 2181 [N]oticia
702 2103 981 2165 terminorum
1007 2121 1090 2164 non
1118 2102 1251 2163 minus
1281 2119 1373 2164 esse
1396 2102 1643 2165 necessaria
1664 2103 1705 2163 in

370 2209 586 2289 principio
608 2210 718 2271 artis
742 2210 975 2271 cuiuslibet
1004 2209 1275 2288 acquirendo,
1300 2227 1422 2288 quam
1450 2210 1562 2272 tides
1592 2210 1704 2288 prin·

370 2316 596 2394 cipiorum,
627 2316 719 2377 sine
750 2334 831 2395 qua
859 2335 993 2396 neque
1021 2316 1249 2396 precipere
1272 2316 1439 2378 valebit
1461 2316 1702 2389 addiscens,

371 2422 442 2500 qui
464 2440 539 2501 per
562 2424 786 2502 supposita
809 2423 1025 2502 principia
1049 2424 1315 2501 importetur.

480 2615 546 2679 Est
568 2620 690 2679 autem
711 2617 777 2679 hec
809 2619 941 2680 noticia
969 2620 1109 2698 triplex.
1156 2618 1277 2681 Prima
1312 2622 1367 2681 est
1401 2618 1704 2700 significativa
1724 2617 1753 2682 1.

368 2724 501 2798 vocis;
536 2724 707 2796 secunda,
745 2724 984 2787 diffinitiva
1016 2727 1093 2798 rei,
1128 2728 1165 2787 et
1197 2728 1310 2788 tercia
1340 2727 1612 2789 declarativa
1646 2726 1702 2787 in·

368 2830 567 2893 tellectus
590 2850 736 2894 vocem
760 2833 1051 2912 exprimentis.

455 3025 576 3088 Prima
586 3027 720 3089 noticia
732 3028 883 3108 requirit
903 3029 1082 3108 singulare
1104 3030 1258 3110 ydioma‚
1277 3030 1370 3091 enim
1381 3030 1487 3092 aliter
1500 3030 1703 3092 nominatur

368 3151 426 3194 res
453 3135 490 3195 in
520 3134 664 3207 hebreo,
687 3135 793 3196 aliter
826 3136 863 3197 in
896 3147 1012 3215 greco,
1036 3136 1140 3215 longe
1174 3138 1279 3198 aliter
1313 3138 1349 3197 in
1383 3138 1505 3199 latino.
1552 3135 1705 3217 Oportet

366 3240 499 3319 itaque,
524 3242 555 3302 si
578 3253 750 3320 grecanas
773 3242 946 3303 sciencias
970 3243 1168 3322 intelligere
1192 3244 1305 3305 eciam
1341 3242 1619 3323 superficialiter
1642 3245 1702 3305 de·

365 3347 485 3418 lactat,
498 3361 642 3428 grecum
658 3367 858 3410 sermonem
875 3350 1045 3411 scientem
1060 3369 1117 3411 me
1141 3350 1290 3412 latinum
1307 3350 1539 3431 interpretem
1556 3351 1703 3412 habere.

364 3452 520 3516 Ydioma
546 3458 667 3517 autem
690 3456 811 3517 divine
835 3455 966 3535 Pagine
991 3475 1061 3518 non
1084 3458 1195 3519 traxit
1216 3476 1239 3518 a
1262 3458 1502 3520 mundialibus
1519 3458 1700 3538 originem,

365 3562 431 3622 sed
456 3562 486 3623 si
511 3580 583 3640 qua
605 3562 754 3642 propria
777 3562 916 3624 locucio
940 3566 995 3624 est
1018 3564 1054 3624 in
1088 3564 1168 3637 illis,
1208 3565 1255 3625 ab
1289 3566 1359 3626 ista
1382 3566 1440 3627 vel
1473 3567 1599 3627 autore
1639 3584 1702 3626 suo

365 3668 550 3729 exordium
573 3669 723 3747 accepit.
771 3668 925 3748 Propter
957 3670 1034 3742 hoc,
1061 3671 1097 3731 in
1135 3671 1245 3733 libro
1283 3669 1522 3751 Sapiencie.
1560 3674 1615 3734 est
1637 3690 1703 3751 per

365 3772 591 3837 Salomonem
607 3776 780 3855 scriptum
797 3795 804 3836 :
834 3794 849 3828 ‹
868 3774 1022 3855 Spiritus
1046 3776 1189 3839 Domini
1204 3778 1357 3857 replevit
1373 3781 1496 3841 orbem
1512 3781 1701 3853 terrarum,

365 3883 401 3942 et
423 3882 490 3944 hoc
517 3882 614 3961 quod
638 3882 796 3944 continet
818 3884 938 3944 omnia
961 3884 1154 3945 scienciam
1177 3883 1288 3946 habet
1301 3886 1400 3948 vocis
1416 3905 1431 3940 »
1445 3884 1466 3947 ¹.
1503 3884 1591 3948 Cum
1608 3888 1701 3947 enim

363 3989 535 4050 scribitur
557 3990 594 4049 in
618 3987 786 4061 Genesi,
819 3990 917 4068 quod
949 3991 1100 4053 adduxit
1132 3991 1304 4053 Dominus
1340 3994 1389 4054 ad
1420 3992 1539 4054 Adam
1572 3995 1702 4055 cuncta

363 4096 565 4157 animancia
595 4098 700 4167 terre,
725 4098 765 4157 ut
796 4097 936 4159 videret
969 4116 1041 4176 quo
1070 4100 1213 4160 nomine
1244 4100 1445 4180 appellaret
1477 4100 1540 4160 illa
1555 4099 1576 4160 ².
1622 4098 1701 4161 Hoc

361 4204 482 4263 autem
505 4201 742 4283 phylosophia
765 4202 896 4265 docere
920 4222 991 4265 non
1014 4208 1143 4284 potest,
1168 4206 1235 4267 sed
1257 4207 1411 4287 ipsamet
1442 4226 1548 4269 sacra
1582 4205 1701 4285 Scrip-

361 4312 453 4380 tura,
478 4310 579 4371 cuius
603 4328 782 4390 unapars
806 4314 860 4373 est
891 4311 1041 4374 alterius
1065 4312 1174 4391 glosa,
1199 4315 1235 4375 in
1265 4314 1353 4376 locis
1384 4314 1548 4393 pluribus
1582 4314 1701 4376 decla-

362 4417 431 4476 rat.

472 4521 613 4584 Noticia
644 4525 803 4585 secunda
836 4525 873 4585 in
911 4543 1030 4586 rerum
1066 4525 1357 4601 diffinicionibus‚
1383 4547 1453 4608 que
1491 4547 1558 4610 per
1593 4548 1699 4591 voces
1716 4538 1746 4604 2,

359 4628 610 4707 importantur,
636 4632 807 4703 consistit,
834 4632 939 4693 etde
963 4631 1031 4693 hiis
1057 4633 1197 4695 duobus
1221 4636 1486 4713 quodammodo
1506 4639 1698 4700 'consuevit

360 4753 382 4796 a
404 4736 620 4797 scolastibus
644 4738 726 4809 dici,
751 4738 850 4815 quod
873 4738 1005 4818 duplex
1034 4744 1089 4801 est
1125 4739 1310 4814 diffinicio
1334 4743 1536 4805 videlicet:
1574 4746 1700 4823 quid

362 4949 573 4958 ———-.

466 5128 490 5196 ¹)
509 5131 554 5185 ef.
575 5131 718 5198 sapient„
735 5134 758 5195 1,
777 5135 804 5186 7.

465 5217 486 5287 'l
506 5220 549 5274 Ci.
571 5222 687 5285 Genea,
705 5223 741 5287 11,
762 5222 803 5276 19.
