4300 6117
845 907 1035 962 IOHANNIS
1056 908 1242 962 DOMINICI
1650 898 1717 961 249

375 1131 503 1191 contra
527 1131 715 1208 negantem
739 1149 809 1210 que
833 1149 944 1211 supra
968 1131 1107 1193 credita
1132 1133 1214 1193 sunt
1238 1133 1274 1192 et
1297 1132 1346 1193 ibi
1370 1131 1518 1210 probari
1541 1149 1612 1192 non
1635 1149 1716 1211 pos·

381 1238 473 1297 sunt.

486 1341 556 1404 Per
578 1343 671 1406 hanc
695 1347 816 1406 autem
839 1345 935 1407 viam
958 1346 1161 1407 naturalem
1182 1346 1341 1407 habetur
1352 1363 1542 1426 processus
1556 1364 1578 1405 a
1594 1363 1714 1405 nume·
1732 1344 1782 1407 11.

377 1449 427 1510 ris
450 1450 500 1511 ad
524 1453 665 1513 ceteras
689 1454 796 1523 artes,
822 1454 869 1515 ab
893 1453 1032 1515 artibus
1055 1453 1104 1515 ad
1127 1453 1311 1534 phisicam,
1326 1470 1392 1532 per
1408 1470 1516 1532 quam
1532 1452 1581 1519 ad
1604 1456 1714 1513 meta·

374 1556 550 1635 phisicam
586 1559 673 1631 itur,
711 1578 782 1637 que
813 1560 1018 1622 nominatur
1049 1559 1276 1641 philosophia
1308 1561 1424 1641 prima
1457 1558 1643 1640 dignitate,
1680 1560 1716 1619 et

383 1664 509 1726 ultima
530 1669 694 1745 tempore
716 1667 775 1728 vel
798 1670 905 1740 etate,
931 1668 1042 1729 cuius·
1054 1668 1180 1729 ultima
1204 1667 1386 1730 conclusio
1410 1669 1477 1729 est:
1503 1664 1601 1727 Unus
1630 1678 1714 1745 ergo

359 1769 549 1852 'princeps
560 1770 581 1833 ¹.
605 1770 736 1835 Notum
759 1778 814 1836 est
848 1777 978 1845 autem,
1004 1776 1131 1837 eadem
1169 1775 1325 1837 sciencia
1348 1774 1505 1836 naturali
1527 1772 1713 1853 prodente,

377 1898 458 1941 cum
478 1882 630 1960 propter
653 1881 741 1960 quid
763 1884 1044 1962 unumquodque
1068 1885 1105 1944 et
1127 1882 1216 1944 illud
1239 1882 1350 1962 magis
1365 1881 1386 1955 ²,
1412 1882 1510 1961 quod
1536 1899 1579 1942 eo
1602 1880 1715 1959 quoli-

376 1987 439 2048 bet
472 2000 556 2068 ergo
585 1980 647 2050 'est
681 1990 793 2068 magis
828 1992 914 2051 nota
951 1990 1009 2051 vel
1043 1991 1178 2062 minus,
1212 2009 1283 2070 quo
1318 1990 1430 2070 magis
1464 1989 1522 2051 vel
1544 1987 1659 2049 minus
1692 2006 1715 2048 a

374 2094 500 2173 primis
524 2095 711 2175 principiis
735 2097 810 2158 suis
833 2098 981 2160 recedit.
1027 2096 1082 2159 Ex
1110 2116 1181 2177 quo
1216 2098 1403 2159 evidenter
1436 2095 1590 2158 habetur
1622 2094 1715 2156 hanc

377 2219 456 2262 esse
481 2203 635 2264 maxime
659 2207 806 2266 notam:
830 2202 945 2267 Omne
969 2208 1083 2268 totum
1120 2208 1174 2267 est
1208 2205 1322 2266 maius
1358 2223 1424 2266 sua
1459 2205 1584 2282 parte;
1608 2202 1715 2263 istam

373 2326 462 2370 vero
483 2310 655 2372 minime:
695 2308 794 2373 Unus
829 2324 923 2392 ergo,
959 2314 1139 2392 princeps.
1186 2311 1306 2373 Prima
1343 2312 1436 2373 enim
1471 2313 1526 2372 est
1561 2309 1714 2371 sciencie

372 2415 559 2485 naturalis,
584 2419 700 2496 primo
723 2420 901 2499 principio
925 2420 1066 2481 iuncta:
1092 2420 1251 2481 secunda
1281 2438 1368 2481 vero
1403 2419 1450 2479 ab
1474 2417 1535 2478 illa
1563 2416 1715 2477 maxime

374 2522 519 2586 distat...
567 2522 677 2587 Haud
701 2525 850 2611 dubium
871 2529 1032 2589 remanet
1054 2538 1148 2607 ergo,
1174 2528 1272 2606 quod
1294 2544 1361 2606 per
1383 2526 1479 2586 viam
1501 2523 1711 2591 naturalem,

376 2647 568 2708 processus
592 2634 630 2694 in
652 2632 777 2704 Deum,
799 2636 908 2714 prout
930 2635 990 2696 via
1003 2633 1179 2696 naturalis
1195 2636 1347 2696 vocatur
1361 2632 1540 2693 mundane
1561 2628 1715 2691 sciencie

376 2756 528 2811 summa,
554 2740 722 2802 continue
744 2741 859 2803 minus
884 2744 1020 2803 certam
1043 2743 1198 2803 mentem
1221 2739 1412 2802 humanam
1436 2738 1580 2817 reliquit
1596 2739 1632 2797 et
1654 2754 1715 2797 va·

374 2846 558 2909 cillantem
582 2848 694 2928 magis
708 2846 744 2910 ³:
769 2849 821 2909 ita
843 2850 892 2918 ut,
919 2867 999 2910 cum
1021 2848 1162 2910 venerit
1185 2849 1233 2910 ad
1256 2848 1419 2909 ultimum
1442 2863 1597 2926 passum,
1622 2843 1716 2905 inter

374 2953 658 3017 affirmationem
689 2958 726 3017 et
756 2957 985 3036 negacionem
1019 2956 1173 3017 maxime
1205 2956 1315 3017 nutet.
1363 2954 1485 3025 Porro,
1520 2952 1581 3031 qui
1616 2950 1715 3012 venit

372 3062 421 3123 ab
455 3061 518 3123 illa
548 3081 613 3123 sua
649 3064 766 3143 prima
800 3064 986 3125 notissima
1023 3064 1104 3124 luce
1138 3062 1187 3124 ad
1219 3062 1447 3143 longinquam
1473 3059 1581 3129 illam,
1606 3076 1715 3137 quam

374 3168 506 3230 intueri
540 3170 674 3249 nequit,
700 3170 797 3250 talpe
836 3170 958 3233 oculos
992 3170 1138 3243 habens,
1164 3170 1229 3232 sed
1261 3172 1392 3249 putans
1416 3186 1455 3229 se
1477 3166 1608 3229 intueri
1632 3184 1712 3226 cum

373 3275 465 3349 luce,
490 3295 561 3355 quo
585 3294 651 3339 suo
674 3296 782 3339 sensu
804 3278 988 3357 hucusque
1012 3277 1227 3357 pervenerit,
1250 3277 1287 3338 in
1320 3275 1522 3337 tetrissimis
1553 3272 1711 3335 tenebris

374 3384 577 3462 requiescit,
603 3389 638 3446 et
662 3384 785 3446 dicens
809 3403 849 3447 se
872 3386 1081 3464 sapientem,
1106 3384 1217 3446 stulta
1239 3382 1336 3445 tacta
1359 3385 1446 3445 est...
1461 3380 1482 3444 ⁴.

486 3489 566 3553 Hoc
605 3495 726 3553 autem
763 3510 899 3554 summe
923 3495 1029 3554 nocet
1066 3492 1259 3554 humilitati
1293 3491 1389 3563 tidei,
1428 3490 1579 3571 propter
1613 3484 1710 3566 quod
1725 3494 1777 3557 12,

347 3598 539 3675 'sequitur
561 3598 823 3679 philosophiam
847 3598 949 3671 hanc,
975 3617 1046 3678 que
1067 3602 1172 3680 putat
1196 3601 1310 3661 solum
1334 3598 1470 3660 racioni
1499 3594 1709 3676 parendum,
1747 3662 1754 3675 ι

374 3703 426 3764 illi
447 3706 616 3767 resistere
640 3706 840 3784 plurimum,
866 3724 936 3785 que
960 3707 1060 3768 iubet
1083 3706 1197 3768 solum
1221 3709 1436 3778 sanctorum,
1452 3721 1570 3785 ymmo
1592 3701 1713 3763 divine

372 3813 590 3877 auctoritati.
616 3792 826 3878 cedendum.
851 3812 898 3875 Et
921 3814 988 3875 hoc
1013 3817 1091 3875 erat
1114 3814 1351 3894 probandum.
1371 3846 1411 3853 —
1434 3811 1524 3872 Nam
1548 3810 1712 3890 phyloso-

373 3920 458 4002 phia
483 3922 661 3984 catholica
684 3923 794 3984 habet
817 3922 989 3983 insertum
1012 3921 1227 4000 principium
1251 3939 1316 4000 per
1339 3938 1378 3981 se
1412 3922 1543 3990 notum,
1569 3935 1612 3979 ex
1642 3933 1714 3996 quo

373 4029 559 4091 credenda
593 4030 804 4109 procedunt,
841 4029 937 4090 unde
971 4030 1140 4091 continue
1176 4026 1269 4090 tides
1314 4028 1469 4089 validior
1513 4026 1712 4087 roboretur.

374 4135 594 4216 Principium
628 4140 683 4198 est
715 4139 835 4198 autem
859 4137 977 4198 istud:
1012 4132 1112 4197 Unus
1150 4137 1206 4197 est
1239 4134 1346 4205 Deus,
1372 4135 1457 4213 quia
1492 4134 1626 4195 inserta
1661 4135 1716 4194 est

375 4244 553 4306 mentibus
575 4243 758 4306 hominum
780 4244 994 4305 naturaliter
1017 4243 1095 4304 veri
1118 4242 1204 4304 boni
1229 4242 1417 4321 cupiditas.
1464 4240 1601 4302 Natura
1629 4258 1715 4302 vero

373 4369 446 4412 non
468 4349 584 4413 fertur
607 4351 641 4412 in
667 4350 786 4412 nichil.
832 4349 925 4412 Hinc
951 4353 1006 4412 est
1028 4348 1126 4428 quod
1150 4349 1226 4411 sive
1250 4347 1486 4430 Epycurus,
1520 4351 1560 4409 ut
1582 4346 1715 4409 cudere

374 4618 588 4629 .—

481 4836 503 4903 ¹)
521 4837 664 4890 Allnsion
684 4837 703 4889 i
721 4838 752 4889 la
771 4836 950 4889 conclusion
967 4836 1135 4889 d'Aristoie
1155 4835 1255 4889 suria
1274 4834 1427 4888 necessite'
1451 4834 1542 4887 d'une
1560 4832 1714 4900 premiere

378 4942 481 4982 cause.
501 4927 547 4980 Ci.
564 4926 620 4979 XII
640 4927 777 4992 Metaplr.
795 4926 865 4978 lect.
884 4926 919 4977 V.

479 5013 566 5081 ²)Ct.
585 5014 690 5067 AmsT.
710 5016 738 5067 11
757 5015 932 5081 Metaphys.
949 5015 980 5068 S.
1000 5012 1055 5067 m.
1075 5014 1144 5067 lect.
1163 5015 1203 5076 11;
1223 5013 1324 5076 Didot,
1343 5013 1395 5065 lib.
1415 5012 1436 5076 l,
1456 5026 1522 5079 cap.
1541 5021 1560 5075 1,
1578 5027 1608 5063 n.
1629 5012 1653 5064 5.

480 5102 503 5171 ³)
522 5104 566 5158 ef.
586 5104 616 5158 S.
635 5102 740 5156 Tuom.
760 5104 789 5155 1²
804 5103 838 5176 Q.
861 5104 883 5155 1.
902 5119 929 5156 a.
950 5106 974 5156 1.

478 5192 502 5259 ⁴)
521 5193 565 5248 Ct.
584 5194 613 5247 S.
641 5195 740 5257 Pam,
752 5196 802 5245 ud
819 5194 907 5251 Rom.
929 5194 951 5257 1,
970 5193 1014 5245 22.
