4300 6117
831 928 1018 982 IOHANNIS
1040 929 1221 982 DOMINICI
1627 917 1690 980 441

354 1155 601 1217 observanciis
624 1155 770 1235 apertis.
795 1187 838 1194 —
862 1153 1112 1232 Dampnantur
1134 1153 1362 1216 oracionibus
1387 1152 1504 1232 impiis
1535 1152 1595 1231 pio
1620 1170 1692 1213 ser·

355 1281 460 1324 mone
482 1263 700 1324 verbotenus
723 1260 810 1332 Deo,
834 1260 900 1322 sed
923 1260 1069 1322 realiter
1093 1260 1284 1322 demonum
1308 1260 1444 1321 catenis
1465 1259 1587 1320 relatis
1611 1259 1692 1320 obs·

353 1370 525 1441 tiuantur,
564 1368 729 1450 dyaboiis
765 1370 940 1446 preeunte
974 1368 1087 1428 multo
1122 1367 1220 1428 cultu
1254 1364 1390 1428 nefarie
1415 1366 1630 1437 convocatis,
1656 1369 1692 1427 et

354 1477 503 1537 tandem
524 1476 638 1538 eciam
662 1475 908 1554 temporaliter
930 1475 1128 1553 puniuntur
1150 1492 1272 1535 omnes
1297 1474 1440 1553 decepti
1464 1492 1486 1534 a
1509 1474 1581 1535 suis
1611 1491 1690 1552 pre·

352 1583 456 1644 sidiis
480 1584 515 1644 et
539 1583 587 1644 ad
610 1582 817 1661 iniquitates
831 1585 846 1615 ⁸
869 1581 1041 1661 plurimas
1064 1581 1227 1660 plurimis
1253 1581 1469 1642 convocatis
1492 1580 1570 1641 Non
1597 1581 1690 1642 enim

353 1689 464 1750 habet
487 1708 546 1751 ars
572 1687 678 1769 Stigis
703 1681 853 1749 rivulisb
875 1687 993 1766 plena,
1018 1688 1104 1749 solis
1128 1686 1313 1748 catholicis
1337 1687 1484 1757 viribus,
1507 1690 1571 1748 aut
1585 1685 1690 1766 Xpis·

354 1797 632 1858 tianissimorum
654 1796 912 1874 imperatorum
935 1795 1054 1856 edicto
1085 1796 1141 1855 est
1170 1794 1372 1866 maledicta,
1397 1795 1463 1856 sed
1492 1793 1689 1856 infidelium

352 1903 490 1983 legibus
514 1904 718 1965 interdicta.

461 2008 614 2072 Exstant
636 2009 853 2071 excusatorii
884 2009 996 2071 libelli
1018 2007 1082 2070 De
1104 2007 1262 2087 Magia
1284 2005 1421 2068 Lucii
1445 2007 1686 2088 Apulegii,
1703 2002 1732 2066 8.

350 2135 443 2196 quos
467 2117 593 2178 habuit
628 2134 667 2178 se
703 2115 836 2178 tuendo
870 2115 969 2195 apud
993 2116 1220 2195 magistratus
1256 2115 1302 2177 de
1325 2116 1442 2195 magia
1469 2113 1687 2178 diffamatus.

353 2223 450 2285 Satis
473 2223 541 2285 hoc
565 2224 732 2302 exprimit
754 2222 1033 2302 Augustinus
1065 2223 1103 2283 in
1126 2222 1215 2283 locis
1239 2223 1412 2301 pluribus,
1451 2223 1603 2284 maxime
1626 2222 1688 2285 De
1753 2273 1756 2280 .

349 2329 569 2392 CIvitate
592 2328 676 2392 Dei
700 2348 810 2409 opere
832 2327 945 2391 inito¹.
985 2327 1104 2400 Plura,
1131 2330 1224 2391 sicut
1246 2328 1437 2408 prefertur,
1459 2330 1652 2409 predicunt
1667 2321 1683 2413 {i
1763 2323 1906 2387 L127⁹⁰

350 2437 473 2499 futura
496 2438 643 2516 spiritus
667 2437 761 2509 mali,
788 2436 887 2497 cuius
911 2436 964 2498 rei
987 2455 1098 2498 causa
1122 2437 1237 2498 edidit
1260 2437 1305 2497 de
1322 2437 1548 2498 divinacione
1568 2438 1687 2499 demo-

351 2563 437 2605 num
460 2544 649 2606 doctorum
672 2544 855 2614 maximus,
879 2543 1010 2623 loquor
1031 2541 1276 2622 Augustinum,
1300 2542 1362 2604 De
1385 2543 1686 2607 Divinacione

351 2651 599 2713 demonum
622 2651 754 2712 librum
776 2649 952 2711 famosum
963 2649 984 2711 ².
1011 2681 1049 2690 —
1068 2649 1147 2711 Non
1170 2650 1312 2730 ambigo
1335 2650 1459 2711 divina
1481 2653 1548 2713 sub
1572 2651 1687 2712 multi·

351 2758 440 2838 plici
455 2758 575 2837 specie
593 2758 748 2836 quedam
773 2775 852 2819 esse
869 2775 1051 2836 responsa,
1077 2760 1113 2818 et
1129 2758 1247 2818 omnia
1263 2757 1461 2819 maiestatis
1480 2759 1688 2820 reverencia

351 2866 470 2945 digua,
494 2883 566 2925 non
588 2865 703 2926 solum
725 2865 763 2925 in
786 2865 900 2926 sacris
916 2862 1061 2925 Litteris
1086 2864 1346 2937 commendata,
1372 2865 1438 2926 sed
1452 2866 1583 2926 nostris
1600 2868 1686 2927 tem·

350 2973 499 3051 poribus
521 2973 665 3034 usitata.
706 2971 747 3032 Iu
768 2969 898 3050 Xpisto
932 2989 1097 3049 namque,
1120 2972 1160 3032 ut
1184 2972 1327 3033 interim
1350 2972 1475 3033 sileam
1498 2974 1684 3051 quosdam,

350 3098 441 3159 quos
463 3097 611 3158 possum
626 3078 761 3140 habere
777 3080 974 3160 suspectos,
988 3079 1170 3140 undecimc
1185 3082 1308 3140 natam
1322 3079 1592 3158 simplicemque
1606 3092 1684 3160 cog·

349 3187 433 3247 novi
462 3186 628 3266 puellam,
665 3204 734 3265 que
763 3185 938 3247 continuis
972 3185 1102 3246 diebus
1127 3176 1140 3268 Η
1166 3186 1298 3246 mensis
1328 3187 1433 3246 unius
1468 3188 1504 3248 et
1538 3187 1684 3266 singulis

349 3293 531 3372 precipuis
555 3290 657 3354 iestis
680 3292 834 3354 duorum
853 3292 1036 3363 mensium,
1061 3290 1122 3352 illo
1140 3293 1346 3354 immediate
1362 3293 1480 3371 primo
1495 3293 1683 3373 completo„

350 3400 531 3461 interdum
554 3399 706 3460 maxime
729 3399 818 3460 hora
842 3399 1084 3460 sacratissime
1108 3399 1225 3470 misse,
1263 3417 1337 3478 qua
1359 3397 1472 3461 ferme
1506 3401 1603 3461 nullo
1627 3401 1686 3462 die

351 3507 508 3578 carebat,
544 3509 661 3585 rapta,
697 3524 792 3567 nunc
815 3506 864 3574 ad
887 3506 1037 3567 delicias
1061 3506 1234 3585 paradisi,
1270 3524 1366 3567 nunc
1389 3507 1437 3567 ad
1460 3508 1686 3587 purgatorias

350 3632 470 3692 penas,
496 3614 676 3675 interdum
706 3614 755 3674 ad
786 3612 966 3679 audituma
990 3611 1185 3674 infancium
1211 3613 1321 3684 limbi,
1354 3617 1391 3674 et
1422 3614 1511 3674 alias
1536 3614 1584 3676 ad
1607 3614 1687 3675 hor-

350 3739 450 3782 rores
473 3720 612 3790 inferni,
649 3721 740 3780 mira
765 3719 956 3791 referebat,
994 3719 1121 3780 ordine
1151 3721 1260 3791 recto,
1298 3720 1345 3781 ad
1382 3737 1507 3780 sensus
1542 3739 1688 3783 reversa

348 3828 488 3906 absque
522 3827 706 3889 intellectu
729 3844 834 3905 ⁴pene
870 3827 1124 3905 cuiuscumque
1153 3825 1238 3887 mihi
1261 3827 1376 3888 relati.
1417 3825 1688 3890 Accomodabat

350 3933 517 4012 equidem
551 3932 663 3995 fidem
697 3934 803 3995 dictis
833 3934 1013 4012 stupenda
1035 3933 1073 3993 in
1095 3933 1221 3994 melius
1245 3933 1402 3994 mutacio
1425 3934 1499 3994 vite
1528 3981 1535 4005 ,
1571 3935 1687 3996 occui-

350 4043 467 4106 torum
491 4041 665 4102 revelatio
689 4043 799 4111 certa,
825 4043 862 4102 et
884 4042 1086 4101 futurorum
1109 4042 1264 4119 probata
1280 4041 1414 4102 veritas
1438 4040 1685 4114 archanorum,

347 4166 488 4209 necnon
510 4166 660 4227 operum
683 4149 860 4209 bonorum
884 4148 945 4226 pia
968 4147 1125 4226 sequela,
1160 4148 1286 4226 procul
1310 4147 1413 4208 malis
1440 4148 1686 4227 spiritualibus

454 4572 486 4631 α)
514 4571 546 4630 -l-
575 4568 648 4621 suis.
686 4569 717 4630 b)
745 4585 780 4613 =
805 4565 1014 4634 proficientes.
1057 4568 1086 4628 c)
1113 4581 1147 4612 =
1172 4565 1355 4631 iniquitatis.
1401 4569 1434 4629 d)
1459 4583 1492 4612 =
1518 4569 1682 4622 undenam.

347 4658 526 4720 υῑὴω

453 4830 475 4898 ¹)
494 4831 618 4885 S.AU1<.
637 4831 718 4886 Auo.
743 4835 789 4886 De
810 4833 870 4886 αν.
890 4837 956 4896 Dei,
974 4833 1053 4894 VIII,
1072 4841 1138 4883 nx.
1164 4831 1315 4898 Apuleius
1340 4833 1424 4886 avait
1448 4833 1497 4885 ete
1516 4833 1626 4886 accuse'
1645 4834 1685 4886 de

347 4923 445 4989 magie
471 4922 585 4988 aupres
611 4922 655 4974 du
681 4921 784 4988 prefet
809 4923 977 4990 d'Afrique,
998 4922 1153 4975 Claudius.
1192 4920 1273 4974 C'est
1291 4937 1370 4988 pour
1390 4937 1424 4975 se
1442 4920 1593 4976 defendre
1612 4923 1685 4988 qu'il

348 5025 493 5078 composa
519 5026 576 5064 son
604 5018 740 5078 ouvrage
768 5012 795 5063 si
819 5028 928 5076 connu,
952 5013 1103 5079 Apologia
1122 5011 1190 5063 sive
1209 5012 1246 5062 de
1265 5012 1371 5079 Magia
1398 5008 1464 5078 [Ed.
1484 5011 1684 5075 Hildebrand,

350 5100 426 5153 1842.

429 5096 476 5255 l²)
495 5188 524 5242 S.
543 5188 622 5243 Aua
637 5190 717 5243 Auo.
737 5191 772 5242 In
793 5188 882 5257 Oper.
901 5193 922 5243 t.
941 5190 991 5255 VI,
1010 5191 1067 5244 col.
1085 5191 1146 5244 581.
