4300 6117
453 960 519 1023 392
962 973 1122 1027 LUCULA
1145 971 1284 1027 NOCTIS

449 1213 516 1275 pro
528 1195 607 1257 luce
623 1195 742 1257 littere
758 1199 840 1258 sunt
855 1197 983 1276 posita.
999 1228 1041 1238 —-
1053 1195 1147 1259 Hinc
1158 1195 1387 1277 Augustinus,
1404 1198 1466 1259 ubi
1482 1216 1602 1276 supra,
1621 1199 1688 1260 ait:
1710 1195 1787 1259 «At

448 1320 535 1364 vero
573 1315 658 1382 gens
697 1303 768 1374 illa,
804 1303 864 1365 ille
901 1304 1064 1383 populus,
1104 1304 1166 1365 illa
1204 1302 1348 1377 Civitas,
1389 1305 1450 1366 illa
1491 1306 1705 1384 respublica,
1734 1305 1787 1366 illi

448 1409 644 1481 Israhelite,
682 1411 812 1489 quibus
848 1412 987 1472 credita
1020 1414 1104 1472 sunt
1138 1412 1280 1491 eloquia
1314 1411 1401 1483 Dei,
1440 1413 1538 1475 nullo
1575 1412 1682 1474 modo
1720 1430 1787 1492 per

448 1516 798 1597 pseudo-prophetas
833 1536 913 1579 cum
935 1519 1031 1580 veris
1054 1519 1239 1599 prophetis
1268 1519 1451 1599 parilitate
1483 1519 1632 1582 licencie
1664 1517 1786 1581 contu·

447 1624 589 1695 derunt,
625 1624 690 1686 sed
713 1626 911 1687 concordes
934 1627 1029 1689 inter
1051 1644 1091 1687 se
1114 1629 1224 1704 atque
1246 1627 1283 1693 in
1306 1627 1403 1690 nullo
1437 1627 1703 1697 dissencientes,
1729 1643 1785 1687 sa-

449 1749 592 1793 crarum
614 1729 833 1794 Litterarum
863 1751 1012 1795 veraces
1048 1735 1096 1795 ab
1128 1734 1179 1795 eis
1217 1734 1504 1815 agnoscebantur
1534 1738 1571 1795 et
1615 1734 1785 1795 teneban-

446 1844 507 1902 tur
544 1842 724 1902 auctores.
771 1839 843 1920 Ipsi
883 1841 977 1902 enim
1006 1843 1110 1902 erant
1142 1840 1354 1920 philosophi,
1392 1840 1458 1903 hoc
1498 1844 1561 1912 est.
1600 1843 1781 1902 amatores

447 1948 638 2027 sapiencie,
650 1948 719 2026 ipsi
742 1948 932 2026 sapientes.
957 1948 1026 2027 ipsi
1038 1947 1201 2028 theologi,
1227 1949 1297 2028 ipsi
1312 1948 1496 2028 prophete,
1522 1948 1590 2027 ipsi
1614 1948 1781 2010 doctores

447 2055 639 2134 probitatis
664 2057 772 2133 atque
795 2055 951 2135 pletatis.
976 2053 1199 2140 Quicumque
1223 2056 1419 2118 secundum
1438 2055 1517 2117 illos
1542 2055 1671 2134 sapuit,
1696 2054 1784 2115 vixit

448 2181 519 2224 non
542 2161 739 2224 secundum
759 2160 929 2232 homines,
947 2163 1012 2224 sed
1035 2162 1232 2224 secundum
1254 2161 1378 2235 Deum,
1396 2163 1457 2241 qui
1481 2181 1547 2242 per
1564 2180 1625 2223 eos
1641 2162 1780 2224 locutus

447 2272 502 2330 est
512 2267 531 2341 ¹,
548 2270 668 2348 sapuit
684 2272 720 2331 et
734 2269 832 2330 vixit.
858 2268 921 2341 Ibi,
939 2270 970 2331 si
984 2269 1204 2348 prohibitum
1224 2274 1279 2331 est
1299 2270 1532 2349 sacrilegium,
1550 2268 1647 2330 Deus
1664 2267 1783 2347 prohi-

447 2377 535 2437 buit.
550 2374 589 2437 Si
600 2376 777 2438 dictum«
793 2374 941 2437 Honora
953 2379 1094 2456 patrem
1107 2380 1142 2438 et
1153 2380 1304 2438 matrem
1315 2380 1414 2438 tuam
1425 2399 1439 2430 »
1450 2377 1471 2449 2,
1505 2375 1602 2437 Deus
1614 2375 1726 2437 iussit.
1745 2372 1783 2436 Si

448 2484 601 2545 dictum:
619 2482 725 2545 ‹Non
733 2483 958 2545 mechaberis
974 2481 1015 2555 »3,
1031 2519 1072 2527 -
1086 2501 1101 2534 ‹<
1115 2503 1186 2546 non
1201 2483 1430 2545 homicidium
1442 2481 1554 2544 facies
1565 2481 1607 2555 »⁴,
1624 2515 1663 2522 —
1682 2499 1696 2532 t
1712 2500 1782 2543 non

451 2591 658 2652 furaberis»
676 2589 697 2663 ³,
723 2593 759 2654 et
774 2593 895 2652 cetera
918 2591 1131 2662 huiusmodi,
1157 2609 1228 2652 non
1249 2590 1315 2652 hec
1340 2608 1405 2652 ora
1427 2591 1592 2661 humana,
1617 2589 1683 2650 sed
1703 2607 1782 2650 ora·

449 2698 531 2760 cula
552 2696 629 2769 Dei,
654 2697 847 2759 fuderunt»
860 2697 881 2758 ¹⁵.
907 2697 1066 2776 Ideoque
1090 2715 1161 2758 non
1183 2716 1313 2776 parum
1333 2697 1533 2769 interesset,
1558 2697 1588 2757 si
1610 2714 1700 2758 vasa
1717 2714 1784 2775 per

450 2823 521 2885 que
550 2805 691 2867 locutus
722 2807 778 2866 est
805 2804 912 2875 Deus,
947 2803 1100 2866 fuissent
1131 2804 1322 2875 immunda,
1359 2805 1452 2867 stcut
1481 2803 1683 2883 philosophi
1716 2821 1783 2882 per

451 2931 542 2991 quos
565 2912 706 2974 locutus
730 2916 785 2973 est
807 2911 984 2993 dyabolus
1009 2914 1071 2973 aut
1094 2916 1372 2990 presumptuosa
1394 2911 1512 2973 racio:
1542 2929 1634 2977 nam,
1658 2909 1709 2972 ibi
1731 2910 1783 2972 lo·

451 3020 573 3099 quitur
595 3018 702 3089 Deus,
735 3020 796 3097 qui
820 3037 890 3080 non
913 3021 1085 3098 gravatur
1107 3019 1273 3099 propriis,
1305 3037 1371 3080 nec
1400 3018 1583 3098 polficitur
1613 3017 1782 3080 sordibus

448 3127 585 3188 alienis.
618 3122 755 3186 Tamen
783 3144 905 3187 omnes
939 3129 1083 3187 sanctos
1114 3123 1233 3198 luisse,
1265 3127 1359 3187 inter
1387 3144 1477 3205 quos
1512 3122 1681 3186 Salomon
1710 3142 1782 3185 non

449 3235 564 3296 minus
598 3231 718 3312 fulget,
751 3233 787 3294 in
814 3233 907 3294 libro
936 3232 1177 3314 Apocalypsis
1205 3232 1333 3312 pandit
1361 3232 1569 3294 Iohannes
1596 3229 1783 3292 XXIIII²

447 3341 607 3402 seniores
631 3341 849 3412 describens,
882 3341 943 3418 qui
971 3341 1060 3402 dant
1084 3339 1256 3402 honorem
1280 3344 1315 3402 et
1338 3341 1487 3420 gloriam
1509 3339 1645 3401 viventi
1668 3339 1705 3400 in
1728 3357 1781 3399 se·

449 3449 530 3509 cula
554 3444 786 3508 seculorumi.
813 3483 853 3492 —
879 3446 939 3508 Hii
963 3448 1067 3519 enim,
1092 3450 1240 3509 auctore
1263 3447 1504 3518 Ieronimo‚
1533 3446 1666 3508 veteris
1696 3441 1780 3506 Tes-

447 3555 597 3616 tamenti
632 3555 827 3634 scriptores
861 3552 1022 3616 fuerunt.
1061 3586 1100 3594 -
1139 3552 1309 3616 Sanctum
1342 3553 1496 3632 denique
1525 3553 1562 3614 in
1594 3553 1706 3614 libro
1730 3552 1780 3613 de

448 3660 561 3742 Cayn
584 3664 625 3723 et
661 3660 767 3723 Abel
802 3661 962 3741 appellat
998 3680 1079 3722 eum
1113 3660 1359 3723 Ambrosius
1374 3659 1395 3723 ⁸.
1443 3659 1647 3723 Attestatur
1684 3660 1779 3721 idem

448 3767 555 3839 Deus,
581 3769 626 3830 de
650 3769 779 3830 futuris
802 3769 961 3846 loquens,
985 3769 1145 3848 psalmus
1166 3766 1384 3829 LXXXVIII
1397 3767 1419 3830 ⁹.

448 3982 661 3990 —-——-—-

554 4167 586 4228 o)
614 4164 663 4216 En
687 4173 801 4232 marge,
827 4164 909 4218 deux
933 4165 993 4217 lois
1019 4165 1157 4230 re'pete's:
1186 4163 1381 4218 Salomonem
1408 4178 1476 4217 esse
1502 4165 1642 4217 sanctum
1667 4164 1781 4230 triplici

435 4253 622 4306 ¹ostenditur
640 4252 826 4307 testimonio.

556 4427 576 4495 ¹)
595 4430 626 4483 S.
644 4431 720 4484 Luc.
738 4432 760 4494 I,
779 4432 823 4493 55,
841 4432 884 4488 70,

555 4517 576 4584 ²)
596 4519 640 4573 cf.
660 4521 757 4572 Exod.
776 4519 840 4584 XX,
860 4521 902 4572 12.

555 4606 578 4675 3)
597 4610 682 4673 totu,
701 4609 765 4672 xit,
784 4611 827 4661 14.

554 4697 578 4763 ⁴)
597 4698 626 4752 S.
645 4700 779 4764 Murra,
797 4698 876 4765 XIX,
897 4700 939 4753 18.

555 4785 575 4850 ¹³)
594 4788 624 4841 S.
643 4788 751 4852 PAUL„
769 4789 1021 4853 odRom.,X111,
1040 4788 1066 4842 9.

554 4875 576 4941 ὓ)
594 4877 624 4930 S.
642 4878 721 4932 Aur.
739 4878 820 4932 Auo.
845 4879 891 4930 De
919 4877 1003 4931 civit.
1028 4879 1094 4941 Dei,
1122 4877 1227 4942 XVIII,
1252 4888 1313 4942 XLI,
1339 4880 1379 4932 ad
1406 4879 1462 4931 litt.
1490 4879 1526 4930 In
1556 4878 1647 4946 Oper.
1675 4881 1695 4932 t.
1715 4880 1781 4945 vn,

447 4967 588 5020 col.601.

556 5053 576 5122 ἶ)
596 5056 640 5109 ef.
660 5058 766 5123 Apoo.,
783 5058 833 5118 1v,
854 5058 880 5112 9.

555 5144 576 5211 ⁸)
596 5145 625 5199 S.
644 5147 794 5209 AMBROS„
812 5148 858 5200 Do
879 5147 953 5200 Cain
972 5150 1002 5201 et
1019 5147 1106 5200 Abel.
1126 5148 1161 5200 In
1182 5147 1271 5214 oper.
1291 5149 1312 5211 1,
1331 5147 1391 5202 33³.

554 5233 576 5301 ⁹)
595 5236 641 5289 cf.
662 5237 776 5288 Psalm.
794 5236 979 5300 LXXXVIII,
997 5237 1042 5299 36,
1063 5237 1106 5291 37.
