4300 6117
465 876 533 938 346
984 886 1143 939 LUCULA
1165 883 1304 939 NOCTIS

397 1109 447 1174 12.
560 1109 665 1171 Clara
682 1112 765 1171 sunt
780 1110 845 1172 hec
862 1110 1017 1181 cuilibet,
1034 1129 1270 1189 personarum
1284 1112 1501 1190 accepcione
1515 1110 1691 1188 deposita,
1706 1108 1796 1170 lide·

462 1218 544 1278 liter
556 1217 617 1277 illa
630 1219 666 1278 et
677 1218 746 1278 ista
758 1218 896 1296 legenti.
911 1216 967 1277 Illi
979 1235 1106 1296 nempe
1119 1217 1277 1278 homines
1290 1218 1411 1288 seculi,
1426 1217 1488 1296 qui
1500 1217 1672 1295 precipue
1684 1219 1794 1278 nomi-

462 1326 593 1385 nantur
615 1326 730 1403 poete,
755 1324 817 1385 ubi
833 1325 981 1385 crimina
1002 1327 1160 1395 narrant,
1185 1325 1375 1404 presertim
1390 1324 1559 1395 carnalia,
1577 1322 1714 1403 fingunt
1730 1326 1796 1385 aut

463 1431 616 1492 recitant
630 1433 759 1492 cuncta
777 1432 942 1501 obscena,
960 1449 1029 1510 que
1045 1434 1196 1510 possunt
1211 1431 1259 1492 ad
1275 1431 1461 1493 libidinem
1484 1431 1644 1503 incitare,
1669 1431 1794 1510 pocius

462 1540 559 1599 artes
585 1539 743 1599 texentes
768 1537 912 1601 amandi
935 1556 1043 1617 quam
1066 1538 1287 1600 illecebrosis
1312 1538 1494 1600 amoribus
1518 1538 1722 1599 necessaria
1738 1555 1792 1597 re·

460 1644 579 1705 media
602 1644 861 1716 ministrantes;
887 1646 932 1715 et,
954 1645 985 1705 si
1000 1644 1104 1705 huius
1121 1643 1244 1706 diffusi
1259 1645 1405 1707 sceleris
1421 1644 1618 1723 aliquando
1634 1644 1793 1723 aliquam

460 1751 637 1813 ulcionem
662 1754 855 1830 apponunt,
885 1768 966 1812 mox
989 1752 1105 1829 ipsam
1130 1750 1344 1821 discurrunt,
1369 1751 1438 1814 nisi
1461 1752 1499 1811 in
1521 1752 1599 1830 ipsa
1620 1769 1715 1830 pena
1731 1750 1793 1811 ali·

461 1876 532 1937 qua
556 1858 759 1937 petulancia
793 1859 907 1937 possit
931 1858 1088 1919 describi
1119 1859 1211 1919 sicut
1238 1858 1285 1919 de
1313 1858 1414 1920 rethe
1437 1856 1600 1930 Volcani,
1639 1856 1792 1917 Pirrami

460 1984 557 2037 nece,
584 1966 619 2025 et
641 1964 843 2026 hqusmodi
859 1968 996 2044 absque
1012 1983 1161 2027 numero
1180 1963 1340 2036 Ovidius,
1357 1961 1582 2035 Terrencius,
1608 1960 1790 2045 Tragicos,

350 2058 351 2063 ἵ
460 2071 653 2151 Apulegius
678 2076 712 2133 et
736 2072 831 2133 mille
847 2072 972 2133 talium
993 2071 1090 2134 iacto
1107 2074 1293 2134 testantur.
1318 2070 1454 2133 Verum
1480 2072 1635 2133 <divina
1650 2071 1792 2150 eloquia

460 2181 569 2251 casta,
586 2181 772 2259 argentum
789 2180 868 2257 igne
884 2180 1132 2250 examinatum,
1151 2181 1362 2241 convertens
1377 2180 1514 2240 animas
1529 2202 1543 2234 »
1557 2176 1569 2215 1
1584 2196 1697 2258 penas
1714 2178 1792 2239 des·

459 2286 574 2357 cribit,
610 2304 681 2346 non
702 2285 848 2357 scelera,
884 2288 924 2346 ut
946 2286 1131 2346 libidinem
1154 2286 1266 2365 pellat
1301 2287 1337 2348 et
1360 2286 1562 2348 severitatis
1601 2286 1722 2346 divine
1750 2286 1790 2346 ti·

459 2410 595 2455 morem
618 2392 654 2452 in
677 2393 850 2454 lectorum
874 2392 1052 2453 mentibus
1076 2390 1180 2454 ferat.

393 2497 443 2565 13.
565 2498 645 2560 Hac
673 2498 816 2560 racione
840 2499 1004 2578 procedit
1032 2498 1165 2560 lucenti
1192 2502 1239 2570 ut,
1271 2499 1332 2578 qui
1360 2500 1474 2560 minus
1505 2498 1688 2559 continent
1718 2516 1790 2557 ma·

458 2606 557 2684 gisve
590 2605 704 2667 dediti
728 2608 811 2666 sunt
833 2606 1046 2685 corruptelis
1071 2606 1247 2677 obscenis,
1273 2606 1353 2685 plus
1380 2605 1515 2666 distent
1538 2607 1585 2667 ab
1608 2605 1791 2666 intellectu

458 2708 676 2773 Litterarum
713 2714 933 2784 sanctarum,
974 2730 1064 2791 quas
1101 2732 1174 2775 non
1209 2731 1337 2792 parum
1369 2714 1641 2791 contempnunt,
1685 2729 1789 2772 vene-

458 2821 579 2880 rantes
602 2819 681 2879 illas
720 2831 897 2899 nugaces,
942 2837 1094 2898 quarum
1138 2820 1359 2881 intellectum
1400 2837 1439 2880 se
1481 2820 1609 2898 putant
1651 2818 1786 2880 babere

457 2926 663 2987 accionibus
697 2926 884 3005 scripturis
917 2926 987 2987 illis
1023 2929 1218 2988 consortes.
1266 2924 1400 2987 Contra
1430 2944 1517 2988 vero
1554 2925 1789 2995 honestiores,

458 3032 508 3093 eis
547 3032 716 3111 neglectis
754 3032 811 3093 vel
849 3033 961 3094 eciam
1006 3033 1137 3112 spretis
1182 3033 1333 3104 divinis,
1380 3031 1528 3113 inhyant
1571 3050 1613 3093 eo
1659 3031 1790 3092 clarius

456 3138 730 3217 intelligenciam
765 3140 956 3211 consecuti,
982 3157 1053 3219 quo
1076 3142 1160 3201 sunt
1182 3140 1359 3209 iustiores,
1385 3140 1471 3218 quin
1493 3139 1614 3200 velata
1639 3141 1694 3199 est
1718 3138 1789 3199 cui·

457 3263 608 3324 cumque
625 3247 734 3307 menti
749 3247 900 3325 profane
921 3248 957 3307 et
972 3247 1096 3325 patulo
1112 3248 1301 3318 innocenti,
1327 3247 1419 3308 sicut
1442 3245 1563 3325 placet
1585 3244 1734 3307 Iohan
1746 3244 1791 3305 ni

457 3351 708 3425 Cassiano,
750 3351 790 3437 Q.
815 3352 841 3424 I,
876 3352 938 3413 De
962 3351 1218 3415 Institutis
1245 3351 1593 3421 Monachorum,
1626 3371 1655 3413 c.
1680 3350 1724 3412 33
1755 3353 1792 3413 et

456 3477 485 3519 c.
503 3457 555 3531 34,
573 3462 610 3520 et
632 3458 907 3520 Collatione
931 3458 1075 3519 III²Ex
1097 3459 1282 3531 Decem,
1306 3461 1369 3521 ubi
1384 3459 1451 3521 hoc
1468 3461 1603 3521 tractat
1618 3457 1789 3528 ditiuse²;

454 3566 512 3627 vel
535 3567 617 3629 ideo
642 3569 694 3628 tot
710 3567 823 3646 tropis
839 3566 989 3637 velatur,
1017 3569 1087 3627 «ut
1108 3567 1145 3627 in
1169 3566 1295 3630 eadem
1319 3567 1497 3628 sententia
1519 3566 1625 3627 aliter
1649 3565 1789 3637 doctus,

454 3674 559 3734 aliter
573 3674 710 3735 senciat
727 3672 922 3735 indoctus»
949 3674 1041 3734 sicut
1061 3674 1181 3753 placet
1204 3673 1432 3735 Ieronimo
1455 3673 1511 3734 ad
1532 3670 1791 3734 Paulinum³

455 3779 774 3860 etAugustino
795 3778 944 3852 XVIIII,
969 3779 1232 3843 c.xllibriDe
1257 3779 1348 3840 Civ.
1372 3777 1488 3853 Deit,
1513 3782 1577 3841 aut
1600 3780 1726 3851 eciam,
1752 3782 1792 3840 ut

452 3887 578 3966 paucis
604 3886 786 3949 elementis
811 3888 924 3952 multa
946 3890 1172 3949 sacramenta
1201 3889 1237 3949 et
1259 3886 1467 3949 veneranda
1490 3887 1651 3948 misteria
1676 3886 1789 3948 inclu-

454 3994 558 4055 deret
582 3992 736 4073 Spiritus
754 3992 915 4065 Sanctus,
942 3994 1119 4055 mencium
1142 3992 1292 4056 effector
1316 3996 1506 4055 castarum.

387 4102 437 4166 14.
558 4099 693 4161 sivero
707 4100 920 4162 amatorium
934 4100 1155 4162 canticorum
1170 4101 1326 4162 obicitur
1339 4119 1482 4161 carmen
1495 4100 1586 4171 dico,
1603 4119 1683 4161 cum
1694 4101 1790 4160 Iero-

453 4206 549 4268 nimo
573 4206 661 4267 illud
684 4226 756 4268 non
780 4226 859 4269 esse
882 4207 949 4267 nisi
973 4226 995 4267 a
1019 4208 1105 4269 viris
1121 4208 1254 4269 adultis
1270 4207 1467 4287 legendum,
1493 4207 1592 4286 quod
1608 4207 1654 4268 de
1670 4207 1788 4285 poetis

454 4313 565 4374 seculi
580 4313 708 4375 vellem
727 4332 848 4376 eorum
871 4313 1079 4377 defensores
1096 4312 1211 4376 fateri.
1232 4313 1377 4375 Utinam
1401 4316 1510 4377 etiam
1524 4314 1673 4376 videant
1697 4313 1791 4375 illud

454 4508 667 4516 n——a

560 4630 581 4696 ¹)
601 4631 644 4685 cl.
661 4632 851 4697 psalm.,X1,
872 4633 898 4685 7.

559 4718 579 4787 ⁹)
600 4720 644 4774 ΟΞ.
664 4721 805 4774 Cassum.
836 4722 883 4773 De
907 4722 1059 4774 Institutis
1087 4720 1214 4773 Coenob.
1245 4721 1311 4773 Lib.
1336 4720 1372 4785 V,
1400 4736 1467 4788 cap.
1495 4732 1597 4774 xxxm
1622 4723 1654 4775 et
1679 4732 1789 4782 xxxw,

454 4811 561 4863 Collut.
582 4810 632 4874 ΙΙΙ,
651 4826 717 4877 cap.
736 4820 788 4873 xv,
808 4820 871 4861 xvr.
1525 4829 1528 4836 ·

559 4897 579 4963 ³¹)
599 4899 628 4952 S.
646 4900 761 4953 EUSEB.
780 4899 911 4952 Hfflnort.
940 4900 1039 4967 Epist.
1059 4902 1102 4952 ad
1118 4900 1289 4964 Paulinum,
1308 4903 1345 4954 de
1363 4902 1464 4954 studio
1483 4901 1721 4967 seripturarum.
1753 4901 1788 4952 In

453 4988 547 5055 Oper.
566 4989 587 5052 I,
607 4990 665 5042 col.
684 4988 745 5051 549,
765 4985 783 5055 5
800 4988 826 5041 9.

558 5076 580 5141 ⁴)
599 5077 628 5130 S.
647 5077 726 5130 Ami.
739 5078 821 5130 Auo.
842 5080 889 5131 De
907 5077 993 5131 curt.
1008 5081 1075 5139 Dei,
1094 5078 1226 5141 xlx,x1,
1245 5081 1285 5133 ou
1302 5080 1324 5131 il
1342 5080 1448 5133 donne
1466 5079 1514 5133 les
1531 5080 1676 5133 diverses
1694 5081 1787 5133 inter-

450 5168 625 5234 pretations
643 5168 686 5219 du
704 5168 768 5219 mot
790 5165 911 5219 Ciuitas.
931 5168 967 5220 In
988 5167 1079 5235 Oper.
1098 5168 1121 5220 t.
1141 5167 1211 5232 vn;
1230 5168 1366 5222 c01.637.
