<?xml version="1.0" encoding="UTF-8"?>
<!DOCTYPE html PUBLIC "-//W3C//DTD XHTML 1.0 Transitional//EN"
    "http://www.w3.org/TR/xhtml1/DTD/xhtml1-transitional.dtd">
<html xmlns="http://www.w3.org/1999/xhtml" xml:lang="en" lang="en">
 <head>
  <title>
</title>
<meta http-equiv="Content-Type" content="text/html;charset=utf-8" />
  <meta name='ocr-system' content='tesseract 3.04.00' />
  <meta name='ocr-capabilities' content='ocr_page ocr_carea ocr_par ocr_line ocrx_word'/>
</head>
<body>
  <div class='ocr_page' id='page_1' title='image "./luculanoctis00domigoog_0283.png"; bbox 0 0 4300 6117; ppageno 0'>
   <div class='ocr_carea' id='block_1_1' title="bbox 828 967 1689 1031">
    <p class='ocr_par' dir='ltr' id='par_1_1' title="bbox 828 967 1689 1031">
     <span class='ocr_line' id='line_1_1' title="bbox 828 967 1689 1031; baseline 0 -1"><span class='ocrx_word' id='word_1_1' title='bbox 828 976 1015 1031; x_wconf 80' lang='lat' dir='ltr'>IOHANNIS</span> <span class='ocrx_word' id='word_1_2' title='bbox 1036 976 1218 1031; x_wconf 71' lang='lat' dir='ltr'><strong>bonnuel</strong></span> <span class='ocrx_word' id='word_1_3' title='bbox 1624 967 1689 1031; x_wconf 84' lang='grc'><strong>159</strong></span> 
     </span>
    </p>
   </div>
   <div class='ocr_carea' id='block_1_2' title="bbox 353 1199 1899 4493">
    <p class='ocr_par' dir='ltr' id='par_1_2' title="bbox 354 1199 1803 2778">
     <span class='ocr_line' id='line_1_2' title="bbox 357 1199 1688 1280; baseline 0.001 -19"><span class='ocrx_word' id='word_1_4' title='bbox 357 1199 444 1261; x_wconf 84' lang='lat' dir='ltr'><strong>nihil</strong></span> <span class='ocrx_word' id='word_1_5' title='bbox 467 1199 537 1261; x_wconf 85' lang='lat' dir='ltr'><strong>sibi</strong></span> <span class='ocrx_word' id='word_1_6' title='bbox 559 1200 668 1262; x_wconf 88' lang='lat' dir='ltr'><strong>licere</strong></span> <span class='ocrx_word' id='word_1_7' title='bbox 690 1200 858 1280; x_wconf 90' lang='lat' dir='ltr'><strong>princeps</strong></span> <span class='ocrx_word' id='word_1_8' title='bbox 884 1201 1059 1280; x_wconf 86' lang='lat' dir='ltr'><strong>opinetur,</strong></span> <span class='ocrx_word' id='word_1_9' title='bbox 1085 1200 1228 1280; x_wconf 89' lang='lat' dir='ltr'><strong>quoda</strong></span> <span class='ocrx_word' id='word_1_10' title='bbox 1258 1200 1397 1262; x_wconf 87' lang='lat' dir='ltr'><strong>iusticie</strong></span> <span class='ocrx_word' id='word_1_11' title='bbox 1429 1201 1587 1280; x_wconf 86' lang='lat' dir='ltr'><strong>equitate</strong></span> <span class='ocrx_word' id='word_1_12' title='bbox 1618 1200 1688 1262; x_wconf 91' lang='lat' dir='ltr'><strong>dis·</strong></span> 
     </span>
     <span class='ocr_line' id='line_1_3' title="bbox 358 1304 1690 1388; baseline 0.002 -20"><span class='ocrx_word' id='word_1_13' title='bbox 358 1307 492 1372; x_wconf 89' lang='lat' dir='ltr'><strong>cordet.</strong></span> <span class='ocrx_word' id='word_1_14' title='bbox 515 1304 583 1369; x_wconf 87' lang='lat' dir='ltr'><strong>Est</strong></span> <span class='ocrx_word' id='word_1_15' title='bbox 597 1306 690 1368; x_wconf 91' lang='lat' dir='ltr'><strong>enim</strong></span> <span class='ocrx_word' id='word_1_16' title='bbox 705 1308 883 1388; x_wconf 84' lang='lat' dir='ltr'><strong>princeps,</strong></span> <span class='ocrx_word' id='word_1_17' title='bbox 900 1309 940 1369; x_wconf 88' lang='lat' dir='ltr'><strong>ut</strong></span> <span class='ocrx_word' id='word_1_18' title='bbox 957 1307 1118 1370; x_wconf 89' lang='lat' dir='ltr'><strong>nonnulli</strong></span> <span class='ocrx_word' id='word_1_19' title='bbox 1133 1307 1351 1380; x_wconf 85' lang='lat' dir='ltr'><strong>describunt,</strong></span> <span class='ocrx_word' id='word_1_20' title='bbox 1368 1309 1528 1386; x_wconf 87' lang='lat' dir='ltr'><strong>potestas</strong></span> <span class='ocrx_word' id='word_1_21' title='bbox 1544 1307 1690 1386; x_wconf 89' lang='lat' dir='ltr'><strong>publica</strong></span> 
     </span>
     <span class='ocr_line' id='line_1_4' title="bbox 357 1412 1689 1495; baseline 0 -19"><span class='ocrx_word' id='word_1_22' title='bbox 357 1413 452 1476; x_wconf 91' lang='lat' dir='ltr'><strong>etin</strong></span> <span class='ocrx_word' id='word_1_23' title='bbox 475 1415 581 1476; x_wconf 89' lang='lat' dir='ltr'><strong>terris</strong></span> <span class='ocrx_word' id='word_1_24' title='bbox 604 1414 759 1493; x_wconf 86' lang='lat' dir='ltr'><strong>quedam</strong></span> <span class='ocrx_word' id='word_1_25' title='bbox 783 1414 902 1476; x_wconf 86' lang='lat' dir='ltr'><strong>divine</strong></span> <span class='ocrx_word' id='word_1_26' title='bbox 925 1414 1123 1477; x_wconf 88' lang='lat' dir='ltr'><strong>maiestatis</strong></span> <span class='ocrx_word' id='word_1_27' title='bbox 1146 1425 1283 1495; x_wconf 80' lang='lat' dir='ltr'><strong>ymago.</strong></span> <span class='ocrx_word' id='word_1_28' title='bbox 1311 1412 1458 1476; x_wconf 89' lang='lat' dir='ltr'><strong>Divinas</strong></span> <span class='ocrx_word' id='word_1_29' title='bbox 1492 1426 1574 1494; x_wconf 80' lang='lat' dir='ltr'><strong>ergo</strong></span> <span class='ocrx_word' id='word_1_30' title='bbox 1609 1433 1689 1494; x_wconf 91' lang='lat' dir='ltr'><strong>pre·</strong></span> 
     </span>
     <span class='ocr_line' id='line_1_5' title="bbox 357 1519 1690 1601; baseline 0.002 -20"><span class='ocrx_word' id='word_1_31' title='bbox 357 1520 462 1599; x_wconf 85' lang='lat' dir='ltr'><strong>cipue</strong></span> <span class='ocrx_word' id='word_1_32' title='bbox 483 1521 578 1600; x_wconf 80' lang='lat' dir='ltr'><strong>leges</strong></span> <span class='ocrx_word' id='word_1_33' title='bbox 602 1523 744 1600; x_wconf 89' lang='lat' dir='ltr'><strong>oportet</strong></span> <span class='ocrx_word' id='word_1_34' title='bbox 766 1521 965 1601; x_wconf 84' lang='lat' dir='ltr'><strong>principem</strong></span> <span class='ocrx_word' id='word_1_35' title='bbox 988 1522 1091 1592; x_wconf 88' lang='lat' dir='ltr'><strong>scire.</strong></span> <span class='ocrx_word' id='word_1_36' title='bbox 1115 1523 1155 1582; x_wconf 90' lang='lat' dir='ltr'><strong>ut</strong></span> <span class='ocrx_word' id='word_1_37' title='bbox 1177 1521 1271 1582; x_wconf 88' lang='lat' dir='ltr'><strong>illius</strong></span> <span class='ocrx_word' id='word_1_38' title='bbox 1302 1519 1482 1592; x_wconf 86' lang='lat' dir='ltr'><strong>honorem.</strong></span> <span class='ocrx_word' id='word_1_39' title='bbox 1511 1521 1611 1583; x_wconf 89' lang='lat' dir='ltr'><strong>cuius</strong></span> <span class='ocrx_word' id='word_1_40' title='bbox 1635 1523 1690 1583; x_wconf 90' lang='lat' dir='ltr'><strong>est</strong></span> 
     </span>
     <span class='ocr_line' id='line_1_6' title="bbox 356 1626 1689 1708; baseline 0 -18"><span class='ocrx_word' id='word_1_41' title='bbox 356 1640 492 1708; x_wconf 81' lang='lat' dir='ltr'><strong>ymago,</strong></span> <span class='ocrx_word' id='word_1_42' title='bbox 507 1630 703 1692; x_wconf 91' lang='lat' dir='ltr'><strong>conservet.</strong></span> <span class='ocrx_word' id='word_1_43' title='bbox 712 1661 751 1670; x_wconf 90' lang='lat'><strong>—-·</strong></span> <span class='ocrx_word' id='word_1_44' title='bbox 762 1626 928 1691; x_wconf 90' lang='lat' dir='ltr'><strong>Omnium</strong></span> <span class='ocrx_word' id='word_1_45' title='bbox 944 1629 1037 1690; x_wconf 89' lang='lat' dir='ltr'><strong>enim</strong></span> <span class='ocrx_word' id='word_1_46' title='bbox 1052 1647 1173 1691; x_wconf 88' lang='lat' dir='ltr'><strong>rerum</strong></span> <span class='ocrx_word' id='word_1_47' title='bbox 1189 1628 1390 1690; x_wconf 87' lang='lat' dir='ltr'><strong>divinarum</strong></span> <span class='ocrx_word' id='word_1_48' title='bbox 1404 1630 1440 1690; x_wconf 98' lang='lat' dir='ltr'><strong>et</strong></span> <span class='ocrx_word' id='word_1_49' title='bbox 1453 1628 1689 1690; x_wconf 85' lang='lat' dir='ltr'><strong>humanarum</strong></span> 
     </span>
     <span class='ocr_line' id='line_1_7' title="bbox 356 1733 1688 1816; baseline 0.002 -21"><span class='ocrx_word' id='word_1_50' title='bbox 356 1734 467 1815; x_wconf 83' lang='lat' dir='ltr'><strong>legem</strong></span> <span class='ocrx_word' id='word_1_51' title='bbox 513 1737 713 1816; x_wconf 90' lang='lat' dir='ltr'><strong>compotem</strong></span> <span class='ocrx_word' id='word_1_52' title='bbox 756 1754 836 1798; x_wconf 90' lang='lat' dir='ltr'><strong>esse</strong></span> <span class='ocrx_word' id='word_1_53' title='bbox 876 1734 1060 1816; x_wconf 88' lang='lat' dir='ltr'><strong>Crisippus</strong></span> <span class='ocrx_word' id='word_1_54' title='bbox 1105 1736 1258 1798; x_wconf 90' lang='lat' dir='ltr'><strong>asseruit</strong></span> <span class='ocrx_word' id='word_1_55' title='bbox 1274 1733 1295 1796; x_wconf 82' lang='lat'><strong>¹.</strong></span> <span class='ocrx_word' id='word_1_56' title='bbox 1340 1733 1465 1797; x_wconf 86' lang='lat' dir='ltr'><strong>Voluit</strong></span> <span class='ocrx_word' id='word_1_57' title='bbox 1492 1736 1586 1798; x_wconf 88' lang='lat' dir='ltr'><strong>enim</strong></span> <span class='ocrx_word' id='word_1_58' title='bbox 1620 1735 1688 1797; x_wconf 90' lang='lat' dir='ltr'><strong>sub</strong></span> 
     </span>
     <span class='ocr_line' id='line_1_8' title="bbox 356 1842 1689 1922; baseline 0.001 -19"><span class='ocrx_word' id='word_1_59' title='bbox 356 1843 497 1904; x_wconf 88' lang='lat' dir='ltr'><strong>nomine</strong></span> <span class='ocrx_word' id='word_1_60' title='bbox 528 1842 616 1922; x_wconf 80' lang='lat' dir='ltr'><strong>legis</strong></span> <span class='ocrx_word' id='word_1_61' title='bbox 648 1843 955 1922; x_wconf 84' lang='lat' dir='ltr'><strong>comprehendere</strong></span> <span class='ocrx_word' id='word_1_62' title='bbox 986 1843 1192 1922; x_wconf 81' lang='lat' dir='ltr'><strong>equitatem,</strong></span> <span class='ocrx_word' id='word_1_63' title='bbox 1218 1860 1297 1922; x_wconf 86' lang='lat' dir='ltr'><strong>que,</strong></span> <span class='ocrx_word' id='word_1_64' title='bbox 1322 1846 1361 1905; x_wconf 89' lang='lat' dir='ltr'><strong>ut</strong></span> <span class='ocrx_word' id='word_1_65' title='bbox 1395 1845 1561 1905; x_wconf 87' lang='lat' dir='ltr'><strong>asserunt</strong></span> <span class='ocrx_word' id='word_1_66' title='bbox 1586 1843 1689 1904; x_wconf 85' lang='lat' dir='ltr'><strong>iuris·</strong></span> 
     </span>
     <span class='ocr_line' id='line_1_9' title="bbox 356 1950 1689 2029; baseline -0.001 -18"><span class='ocrx_word' id='word_1_67' title='bbox 356 1950 522 2028; x_wconf 81' lang='lat' dir='ltr'><strong>risperiti‚</strong></span> <span class='ocrx_word' id='word_1_68' title='bbox 547 1969 668 2012; x_wconf 89' lang='lat' dir='ltr'><strong>rerum</strong></span> <span class='ocrx_word' id='word_1_69' title='bbox 692 1950 946 2013; x_wconf 90' lang='lat' dir='ltr'><strong>conveniencia</strong></span> <span class='ocrx_word' id='word_1_70' title='bbox 970 1952 1033 2024; x_wconf 86' lang='lat' dir='ltr'><strong>est,</strong></span> <span class='ocrx_word' id='word_1_71' title='bbox 1060 1968 1129 2029; x_wconf 85' lang='lat' dir='ltr'><strong>que</strong></span> <span class='ocrx_word' id='word_1_72' title='bbox 1146 1954 1276 2011; x_wconf 88' lang='lat' dir='ltr'><strong>cuncta</strong></span> <span class='ocrx_word' id='word_1_73' title='bbox 1297 1951 1528 2029; x_wconf 87' lang='lat' dir='ltr'><strong>coequiperat</strong></span> <span class='ocrx_word' id='word_1_74' title='bbox 1545 1951 1689 2012; x_wconf 84' lang='lat' dir='ltr'><strong>racione</strong></span> 
     </span>
     <span class='ocr_line' id='line_1_10' title="bbox 355 2056 1687 2137; baseline 0 -19"><span class='ocrx_word' id='word_1_75' title='bbox 355 2059 392 2119; x_wconf 93' lang='lat' dir='ltr'><strong>et</strong></span> <span class='ocrx_word' id='word_1_76' title='bbox 421 2057 459 2117; x_wconf 91' lang='lat' dir='ltr'><strong>in</strong></span> <span class='ocrx_word' id='word_1_77' title='bbox 495 2057 643 2136; x_wconf 86' lang='lat' dir='ltr'><strong>paribus</strong></span> <span class='ocrx_word' id='word_1_78' title='bbox 677 2059 786 2119; x_wconf 88' lang='lat' dir='ltr'><strong>rebus</strong></span> <span class='ocrx_word' id='word_1_79' title='bbox 815 2058 919 2137; x_wconf 92' lang='lat' dir='ltr'><strong>paria</strong></span> <span class='ocrx_word' id='word_1_80' title='bbox 948 2059 1027 2120; x_wconf 86' lang='lat' dir='ltr'><strong>iura</strong></span> <span class='ocrx_word' id='word_1_81' title='bbox 1057 2058 1252 2130; x_wconf 84' lang='lat' dir='ltr'><strong>desiderat,</strong></span> <span class='ocrx_word' id='word_1_82' title='bbox 1276 2057 1313 2118; x_wconf 92' lang='lat' dir='ltr'><strong>in</strong></span> <span class='ocrx_word' id='word_1_83' title='bbox 1344 2075 1466 2119; x_wconf 89' lang='lat' dir='ltr'><strong>omnes</strong></span> <span class='ocrx_word' id='word_1_84' title='bbox 1501 2056 1687 2136; x_wconf 83' lang='lat' dir='ltr'><strong>equabilis.</strong></span> 
     </span>
     <span class='ocr_line' id='line_1_11' title="bbox 355 2163 1688 2244; baseline 0.001 -18"><span class='ocrx_word' id='word_1_85' title='bbox 355 2165 517 2227; x_wconf 85' lang='lat' dir='ltr'><strong>tribuens</strong></span> <span class='ocrx_word' id='word_1_86' title='bbox 541 2164 732 2243; x_wconf 89' lang='lat' dir='ltr'><strong>unicuique</strong></span> <span class='ocrx_word' id='word_1_87' title='bbox 756 2165 853 2244; x_wconf 89' lang='lat' dir='ltr'><strong>quod</strong></span> <span class='ocrx_word' id='word_1_88' title='bbox 883 2183 987 2227; x_wconf 88' lang='lat' dir='ltr'><strong>suum</strong></span> <span class='ocrx_word' id='word_1_89' title='bbox 1017 2167 1082 2226; x_wconf 89' lang='lat' dir='ltr'><strong>est.</strong></span> <span class='ocrx_word' id='word_1_90' title='bbox 1106 2163 1176 2226; x_wconf 91' lang='lat' dir='ltr'><strong>Ubi</strong></span> <span class='ocrx_word' id='word_1_91' title='bbox 1206 2167 1327 2227; x_wconf 87' lang='lat' dir='ltr'><strong>autem</strong></span> <span class='ocrx_word' id='word_1_92' title='bbox 1362 2164 1493 2226; x_wconf 88' lang='lat' dir='ltr'><strong>dicitur</strong></span> <span class='ocrx_word' id='word_1_93' title='bbox 1519 2165 1688 2244; x_wconf 91' lang='lat' dir='ltr'><strong>princeps</strong></span> 
     </span>
     <span class='ocr_line' id='line_1_12' title="bbox 354 2271 1803 2351; baseline -0.001 -19"><span class='ocrx_word' id='word_1_94' title='bbox 354 2271 441 2351; x_wconf 81' lang='lat' dir='ltr'><strong>legis</strong></span> <span class='ocrx_word' id='word_1_95' title='bbox 464 2273 614 2334; x_wconf 85' lang='lat' dir='ltr'><strong>nexibus</strong></span> <span class='ocrx_word' id='word_1_96' title='bbox 637 2271 832 2344; x_wconf 85' lang='lat' dir='ltr'><strong>absolutus,</strong></span> <span class='ocrx_word' id='word_1_97' title='bbox 859 2290 930 2334; x_wconf 88' lang='lat' dir='ltr'><strong>non</strong></span> <span class='ocrx_word' id='word_1_98' title='bbox 952 2272 1004 2334; x_wconf 92' lang='lat' dir='ltr'><strong>sic</strong></span> <span class='ocrx_word' id='word_1_99' title='bbox 1028 2272 1178 2351; x_wconf 83' lang='lat' dir='ltr'><strong>capitur,</strong></span> <span class='ocrx_word' id='word_1_100' title='bbox 1203 2274 1243 2334; x_wconf 90' lang='lat' dir='ltr'><strong>ut</strong></span> <span class='ocrx_word' id='word_1_101' title='bbox 1269 2271 1354 2331; x_wconf 90' lang='lat' dir='ltr'><strong>mali</strong></span> <span class='ocrx_word' id='word_1_102' title='bbox 1383 2289 1493 2350; x_wconf 89' lang='lat' dir='ltr'><strong>opere</strong></span> <span class='ocrx_word' id='word_1_103' title='bbox 1526 2271 1688 2345; x_wconf 78' lang='lat' dir='ltr'><strong>credunt,</strong></span> <span class='ocrx_word' id='word_1_104' title='bbox 1798 2291 1803 2300; x_wconf 87' lang='lat'><em>·</em></span> 
     </span>
     <span class='ocr_line' id='line_1_13' title="bbox 356 2377 1686 2458; baseline -0.002 -18"><span class='ocrx_word' id='word_1_105' title='bbox 356 2378 455 2458; x_wconf 89' lang='lat' dir='ltr'><strong>quod</strong></span> <span class='ocrx_word' id='word_1_106' title='bbox 470 2379 503 2440; x_wconf 92' lang='lat' dir='ltr'><strong>ei</strong></span> <span class='ocrx_word' id='word_1_107' title='bbox 519 2378 641 2458; x_wconf 88' lang='lat' dir='ltr'><strong>iniqua</strong></span> <span class='ocrx_word' id='word_1_108' title='bbox 652 2379 795 2450; x_wconf 85' lang='lat' dir='ltr'><strong>liceant,</strong></span> <span class='ocrx_word' id='word_1_109' title='bbox 812 2379 879 2441; x_wconf 89' lang='lat' dir='ltr'><strong>sed</strong></span> <span class='ocrx_word' id='word_1_110' title='bbox 894 2379 979 2458; x_wconf 89' lang='lat' dir='ltr'><strong>quia</strong></span> <span class='ocrx_word' id='word_1_111' title='bbox 994 2379 1024 2440; x_wconf 94' lang='lat' dir='ltr'><strong>is</strong></span> <span class='ocrx_word' id='word_1_112' title='bbox 1041 2397 1121 2441; x_wconf 89' lang='lat' dir='ltr'><strong>esse</strong></span> <span class='ocrx_word' id='word_1_113' title='bbox 1144 2379 1254 2441; x_wconf 87' lang='lat' dir='ltr'><strong>debet</strong></span> <span class='ocrx_word' id='word_1_114' title='bbox 1269 2377 1331 2457; x_wconf 90' lang='lat' dir='ltr'><strong>qui</strong></span> <span class='ocrx_word' id='word_1_115' title='bbox 1346 2397 1418 2440; x_wconf 91' lang='lat' dir='ltr'><strong>non</strong></span> <span class='ocrx_word' id='word_1_116' title='bbox 1441 2378 1569 2440; x_wconf 89' lang='lat' dir='ltr'><strong>timore</strong></span> <span class='ocrx_word' id='word_1_117' title='bbox 1585 2396 1686 2457; x_wconf 84' lang='lat' dir='ltr'><strong>pene,</strong></span> 
     </span>
     <span class='ocr_line' id='line_1_14' title="bbox 355 2485 1686 2565; baseline 0 -19"><span class='ocrx_word' id='word_1_118' title='bbox 355 2485 421 2548; x_wconf 90' lang='lat' dir='ltr'><strong>sed</strong></span> <span class='ocrx_word' id='word_1_119' title='bbox 443 2503 565 2547; x_wconf 89' lang='lat' dir='ltr'><strong>amore</strong></span> <span class='ocrx_word' id='word_1_120' title='bbox 597 2485 736 2548; x_wconf 88' lang='lat' dir='ltr'><strong>iusticie</strong></span> <span class='ocrx_word' id='word_1_121' title='bbox 767 2486 962 2565; x_wconf 86' lang='lat' dir='ltr'><strong>equitatem</strong></span> <span class='ocrx_word' id='word_1_122' title='bbox 993 2485 1099 2556; x_wconf 83' lang='lat' dir='ltr'><strong>colat.</strong></span> <span class='ocrx_word' id='word_1_123' title='bbox 1124 2487 1176 2548; x_wconf 90' lang='lat' dir='ltr'><strong>rei</strong></span> <span class='ocrx_word' id='word_1_124' title='bbox 1206 2485 1349 2564; x_wconf 91' lang='lat' dir='ltr'><strong>publice</strong></span> <span class='ocrx_word' id='word_1_125' title='bbox 1383 2487 1552 2564; x_wconf 89' lang='lat' dir='ltr'><strong>procuret</strong></span> <span class='ocrx_word' id='word_1_126' title='bbox 1576 2485 1686 2557; x_wconf 84' lang='lat' dir='ltr'><strong>utilia,</strong></span> 
     </span>
     <span class='ocr_line' id='line_1_15' title="bbox 355 2591 1688 2670; baseline 0 -17"><span class='ocrx_word' id='word_1_127' title='bbox 355 2592 420 2654; x_wconf 90' lang='lat' dir='ltr'><strong>sed</strong></span> <span class='ocrx_word' id='word_1_128' title='bbox 442 2592 613 2654; x_wconf 86' lang='lat' dir='ltr'><strong>mandata</strong></span> <span class='ocrx_word' id='word_1_129' title='bbox 635 2591 793 2654; x_wconf 84' lang='lat' dir='ltr'><strong>honestis</strong></span> <span class='ocrx_word' id='word_1_130' title='bbox 834 2595 869 2654; x_wconf 89' lang='lat' dir='ltr'><strong>et</strong></span> <span class='ocrx_word' id='word_1_131' title='bbox 903 2593 940 2653; x_wconf 92' lang='lat' dir='ltr'><strong>in</strong></span> <span class='ocrx_word' id='word_1_132' title='bbox 969 2593 1133 2654; x_wconf 88' lang='lat' dir='ltr'><strong>omnibus</strong></span> <span class='ocrx_word' id='word_1_133' title='bbox 1163 2593 1315 2654; x_wconf 86' lang='lat' dir='ltr'><strong>aliorum</strong></span> <span class='ocrx_word' id='word_1_134' title='bbox 1336 2592 1523 2654; x_wconf 89' lang='lat' dir='ltr'><strong>commoda</strong></span> <span class='ocrx_word' id='word_1_135' title='bbox 1547 2593 1688 2670; x_wconf 89' lang='lat' dir='ltr'><strong>private</strong></span> 
     </span>
     <span class='ocr_line' id='line_1_16' title="bbox 355 2699 726 2778; baseline 0 -18"><span class='ocrx_word' id='word_1_136' title='bbox 355 2701 514 2778; x_wconf 74' lang='lat' dir='ltr'><strong>preferat</strong></span> <span class='ocrx_word' id='word_1_137' title='bbox 536 2699 726 2761; x_wconf 87' lang='lat' dir='ltr'><strong>voluntati.</strong></span> 
     </span>
    </p>

    <p class='ocr_par' dir='ltr' id='par_1_3' title="bbox 353 2804 1732 4258">
     <span class='ocr_line' id='line_1_17' title="bbox 461 2804 1732 2885; baseline -0.002 -17"><span class='ocrx_word' id='word_1_138' title='bbox 461 2804 617 2885; x_wconf 88' lang='lat' dir='ltr'><strong>Oportet</strong></span> <span class='ocrx_word' id='word_1_139' title='bbox 653 2807 740 2868; x_wconf 87' lang='lat' dir='ltr'><strong>item</strong></span> <span class='ocrx_word' id='word_1_140' title='bbox 778 2824 918 2868; x_wconf 88' lang='lat' dir='ltr'><strong>omnem</strong></span> <span class='ocrx_word' id='word_1_141' title='bbox 955 2806 1154 2885; x_wconf 86' lang='lat' dir='ltr'><strong>principem</strong></span> <span class='ocrx_word' id='word_1_142' title='bbox 1193 2824 1273 2868; x_wconf 89' lang='lat' dir='ltr'><strong>esse</strong></span> <span class='ocrx_word' id='word_1_143' title='bbox 1310 2807 1544 2876; x_wconf 79' lang='lat' dir='ltr'><strong>constantem,</strong></span> <span class='ocrx_word' id='word_1_144' title='bbox 1581 2823 1686 2884; x_wconf 89' lang='lat' dir='ltr'><strong>quem</strong></span> <span class='ocrx_word' id='word_1_145' title='bbox 1701 2813 1732 2877; x_wconf 80' lang='grc'><strong>7,</strong></span> 
     </span>
     <span class='ocr_line' id='line_1_18' title="bbox 354 2913 1687 2993; baseline 0.001 -20"><span class='ocrx_word' id='word_1_146' title='bbox 354 2914 458 2974; x_wconf 83' lang='lat' dir='ltr'><strong>favor</strong></span> <span class='ocrx_word' id='word_1_147' title='bbox 479 2913 537 2975; x_wconf 90' lang='lat' dir='ltr'><strong>vel</strong></span> <span class='ocrx_word' id='word_1_148' title='bbox 560 2913 692 2984; x_wconf 89' lang='lat' dir='ltr'><strong>odium,</strong></span> <span class='ocrx_word' id='word_1_149' title='bbox 718 2931 828 2984; x_wconf 84' lang='lat' dir='ltr'><strong>amor.</strong></span> <span class='ocrx_word' id='word_1_150' title='bbox 853 2931 935 2993; x_wconf 90' lang='lat' dir='ltr'><strong>spes</strong></span> <span class='ocrx_word' id='word_1_151' title='bbox 960 2916 1022 2975; x_wconf 89' lang='lat' dir='ltr'><strong>aut</strong></span> <span class='ocrx_word' id='word_1_152' title='bbox 1045 2914 1161 2984; x_wconf 81' lang='lat' dir='ltr'><strong>timor.</strong></span> <span class='ocrx_word' id='word_1_153' title='bbox 1185 2915 1248 2975; x_wconf 86' lang='lat' dir='ltr'><strong>aut</strong></span> <span class='ocrx_word' id='word_1_154' title='bbox 1271 2913 1396 2992; x_wconf 89' lang='lat' dir='ltr'><strong>quevis</strong></span> <span class='ocrx_word' id='word_1_155' title='bbox 1421 2913 1599 2993; x_wconf 85' lang='lat' dir='ltr'><strong>cupiditas</strong></span> <span class='ocrx_word' id='word_1_156' title='bbox 1615 2931 1687 2974; x_wconf 88' lang='lat' dir='ltr'><strong>non</strong></span> 
     </span>
     <span class='ocr_line' id='line_1_19' title="bbox 356 3018 1686 3099; baseline -0.002 -17"><span class='ocrx_word' id='word_1_157' title='bbox 356 3021 576 3082; x_wconf 89' lang='lat' dir='ltr'><strong>concuciant.</strong></span> <span class='ocrx_word' id='word_1_158' title='bbox 602 3018 714 3082; x_wconf 90' lang='lat' dir='ltr'><strong>Simul</strong></span> <span class='ocrx_word' id='word_1_159' title='bbox 737 3021 830 3082; x_wconf 92' lang='lat' dir='ltr'><strong>enim</strong></span> <span class='ocrx_word' id='word_1_160' title='bbox 862 3021 932 3082; x_wconf 89' lang='lat' dir='ltr'><strong>ista</strong></span> <span class='ocrx_word' id='word_1_161' title='bbox 963 3020 1087 3081; x_wconf 90' lang='lat' dir='ltr'><strong>mundi</strong></span> <span class='ocrx_word' id='word_1_162' title='bbox 1119 3023 1239 3082; x_wconf 88' lang='lat' dir='ltr'><strong>rector</strong></span> <span class='ocrx_word' id='word_1_163' title='bbox 1275 3020 1396 3099; x_wconf 87' lang='lat' dir='ltr'><strong>posuit</strong></span> <span class='ocrx_word' id='word_1_164' title='bbox 1433 3018 1540 3091; x_wconf 85' lang='lat' dir='ltr'><strong>Deus,</strong></span> <span class='ocrx_word' id='word_1_165' title='bbox 1566 3019 1686 3081; x_wconf 88' lang='lat' dir='ltr'><strong>odium</strong></span> 
     </span>
     <span class='ocr_line' id='line_1_20' title="bbox 355 3125 1687 3207; baseline 0 -19"><span class='ocrx_word' id='word_1_166' title='bbox 355 3128 464 3206; x_wconf 89' lang='lat' dir='ltr'><strong>atque</strong></span> <span class='ocrx_word' id='word_1_167' title='bbox 498 3139 654 3207; x_wconf 84' lang='lat' dir='ltr'><strong>regnum,</strong></span> <span class='ocrx_word' id='word_1_168' title='bbox 686 3131 722 3189; x_wconf 89' lang='lat' dir='ltr'><strong>et</strong></span> <span class='ocrx_word' id='word_1_169' title='bbox 753 3127 814 3206; x_wconf 92' lang='lat' dir='ltr'><strong>qui</strong></span> <span class='ocrx_word' id='word_1_170' title='bbox 842 3127 964 3189; x_wconf 90' lang='lat' dir='ltr'><strong>odium</strong></span> <span class='ocrx_word' id='word_1_171' title='bbox 998 3127 1102 3188; x_wconf 90' lang='lat' dir='ltr'><strong>nimis</strong></span> <span class='ocrx_word' id='word_1_172' title='bbox 1140 3127 1249 3198; x_wconf 87' lang='lat' dir='ltr'><strong>timet.</strong></span> <span class='ocrx_word' id='word_1_173' title='bbox 1274 3139 1423 3207; x_wconf 82' lang='lat' dir='ltr'><strong>regnare</strong></span> <span class='ocrx_word' id='word_1_174' title='bbox 1454 3127 1577 3188; x_wconf 88' lang='lat' dir='ltr'><strong>nescit.</strong></span> <span class='ocrx_word' id='word_1_175' title='bbox 1609 3125 1687 3188; x_wconf 89' lang='lat' dir='ltr'><strong>Hec</strong></span> 
     </span>
     <span class='ocr_line' id='line_1_21' title="bbox 356 3232 1687 3314; baseline 0.001 -20"><span class='ocrx_word' id='word_1_176' title='bbox 356 3236 474 3296; x_wconf 85' lang='lat' dir='ltr'><strong>autem</strong></span> <span class='ocrx_word' id='word_1_177' title='bbox 498 3235 705 3296; x_wconf 88' lang='lat' dir='ltr'><strong>constancia</strong></span> <span class='ocrx_word' id='word_1_178' title='bbox 728 3234 899 3314; x_wconf 86' lang='lat' dir='ltr'><strong>precipue</strong></span> <span class='ocrx_word' id='word_1_179' title='bbox 923 3236 1083 3296; x_wconf 90' lang='lat' dir='ltr'><strong>rectores</strong></span> <span class='ocrx_word' id='word_1_180' title='bbox 1104 3232 1227 3295; x_wconf 76' lang='lat' dir='ltr'><strong>firmat</strong></span> <span class='ocrx_word' id='word_1_181' title='bbox 1249 3233 1297 3295; x_wconf 91' lang='lat' dir='ltr'><strong>ad</strong></span> <span class='ocrx_word' id='word_1_182' title='bbox 1321 3233 1388 3294; x_wconf 94' lang='lat' dir='ltr'><strong>hoc</strong></span> <span class='ocrx_word' id='word_1_183' title='bbox 1411 3253 1520 3296; x_wconf 85' lang='lat' dir='ltr'><strong>unum</strong></span> <span class='ocrx_word' id='word_1_184' title='bbox 1542 3237 1582 3296; x_wconf 89' lang='lat' dir='ltr'><strong>ut</strong></span> <span class='ocrx_word' id='word_1_185' title='bbox 1605 3234 1687 3297; x_wconf 90' lang='lat' dir='ltr'><strong>sub·</strong></span> 
     </span>
     <span class='ocr_line' id='line_1_22' title="bbox 356 3338 1688 3420; baseline -0.001 -18"><span class='ocrx_word' id='word_1_186' title='bbox 356 3341 439 3402; x_wconf 91' lang='lat' dir='ltr'><strong>ditis</strong></span> <span class='ocrx_word' id='word_1_187' title='bbox 461 3341 637 3403; x_wconf 88' lang='lat' dir='ltr'><strong>universis</strong></span> <span class='ocrx_word' id='word_1_188' title='bbox 659 3342 871 3403; x_wconf 89' lang='lat' dir='ltr'><strong>intendant:</strong></span> <span class='ocrx_word' id='word_1_189' title='bbox 896 3338 1047 3420; x_wconf 83' lang='lat' dir='ltr'><strong>perlecti</strong></span> <span class='ocrx_word' id='word_1_190' title='bbox 1072 3341 1226 3420; x_wconf 85' lang='lat' dir='ltr'><strong>quidem,</strong></span> <span class='ocrx_word' id='word_1_191' title='bbox 1251 3341 1282 3403; x_wconf 94' lang='lat' dir='ltr'><strong>si</strong></span> <span class='ocrx_word' id='word_1_192' title='bbox 1305 3342 1420 3403; x_wconf 89' lang='lat' dir='ltr'><strong>solum</strong></span> <span class='ocrx_word' id='word_1_193' title='bbox 1450 3341 1517 3403; x_wconf 91' lang='lat' dir='ltr'><strong>hoc</strong></span> <span class='ocrx_word' id='word_1_194' title='bbox 1554 3341 1688 3402; x_wconf 92' lang='lat' dir='ltr'><strong>medio·</strong></span> 
     </span>
     <span class='ocr_line' id='line_1_23' title="bbox 356 3446 1689 3528; baseline -0.001 -19"><span class='ocrx_word' id='word_1_195' title='bbox 356 3449 465 3510; x_wconf 90' lang='lat' dir='ltr'><strong>criter</strong></span> <span class='ocrx_word' id='word_1_196' title='bbox 487 3448 719 3527; x_wconf 87' lang='lat' dir='ltr'><strong>expedierint.</strong></span> <span class='ocrx_word' id='word_1_197' title='bbox 750 3447 841 3509; x_wconf 90' lang='lat' dir='ltr'><strong>Nam</strong></span> <span class='ocrx_word' id='word_1_198' title='bbox 873 3449 965 3510; x_wconf 86' lang='lat' dir='ltr'><strong>teste</strong></span> <span class='ocrx_word' id='word_1_199' title='bbox 998 3446 1195 3528; x_wconf 80' lang='lat' dir='ltr'><strong>Gregorio:</strong></span> <span class='ocrx_word' id='word_1_200' title='bbox 1222 3447 1326 3510; x_wconf 78' lang='lat' dir='ltr'><strong>«Ars</strong></span> <span class='ocrx_word' id='word_1_201' title='bbox 1358 3449 1495 3510; x_wconf 91' lang='lat' dir='ltr'><strong>arcium</strong></span> <span class='ocrx_word' id='word_1_202' title='bbox 1530 3447 1689 3528; x_wconf 82' lang='lat' dir='ltr'><strong>regimen</strong></span> 
     </span>
     <span class='ocr_line' id='line_1_24' title="bbox 355 3553 1687 3635; baseline -0.001 -19"><span class='ocrx_word' id='word_1_203' title='bbox 355 3553 875 3617; x_wconf 56' lang='lat' dir='ltr'><strong>animarum-niteam</strong></span> <span class='ocrx_word' id='word_1_204' title='bbox 909 3555 945 3615; x_wconf 92' lang='lat' dir='ltr'><strong>in</strong></span> <span class='ocrx_word' id='word_1_205' title='bbox 978 3553 1345 3635; x_wconf 81' lang='lat' dir='ltr'><strong>Apologetico:</strong></span> <span class='ocrx_word' id='word_1_206' title='bbox 1391 3553 1580 3616; x_wconf 78' lang='lat' dir='ltr'><strong>«Revera</strong></span> <span class='ocrx_word' id='word_1_207' title='bbox 1602 3553 1687 3615; x_wconf 90' lang='lat' dir='ltr'><strong>mihi</strong></span> 
     </span>
     <span class='ocr_line' id='line_1_25' title="bbox 354 3651 1688 3742; baseline -0.001 -19"><span class='ocrx_word' id='word_1_208' title='bbox 354 3661 498 3723; x_wconf 84' lang='lat' dir='ltr'><strong>videtur</strong></span> <span class='ocrx_word' id='word_1_209' title='bbox 520 3680 580 3724; x_wconf 90' lang='lat' dir='ltr'><strong>ars</strong></span> <span class='ocrx_word' id='word_1_210' title='bbox 603 3662 740 3724; x_wconf 88' lang='lat' dir='ltr'><strong>arcium</strong></span> <span class='ocrx_word' id='word_1_211' title='bbox 764 3664 799 3723; x_wconf 86' lang='lat' dir='ltr'><strong>et</strong></span> <span class='ocrx_word' id='word_1_212' title='bbox 827 3651 842 3741; x_wconf 65' lang='lat' dir='ltr'><strong>ll</strong></span> <span class='ocrx_word' id='word_1_213' title='bbox 875 3661 1063 3740; x_wconf 88' lang='lat' dir='ltr'><strong>disciplina</strong></span> <span class='ocrx_word' id='word_1_214' title='bbox 1102 3662 1395 3742; x_wconf 89' lang='lat' dir='ltr'><strong>disciplinarum:</strong></span> <span class='ocrx_word' id='word_1_215' title='bbox 1420 3673 1543 3741; x_wconf 79' lang='lat' dir='ltr'><strong>regere</strong></span> <span class='ocrx_word' id='word_1_216' title='bbox 1578 3661 1688 3723; x_wconf 91' lang='lat' dir='ltr'><strong>homi·</strong></span> 
     </span>
     <span class='ocr_line' id='line_1_26' title="bbox 354 3768 1687 3848; baseline 0.001 -19"><span class='ocrx_word' id='word_1_217' title='bbox 354 3787 443 3840; x_wconf 86' lang='lat' dir='ltr'><strong>nem,</strong></span> <span class='ocrx_word' id='word_1_218' title='bbox 469 3768 531 3848; x_wconf 86' lang='lat' dir='ltr'><strong>qui</strong></span> <span class='ocrx_word' id='word_1_219' title='bbox 565 3770 662 3830; x_wconf 89' lang='lat' dir='ltr'><strong>certe</strong></span> <span class='ocrx_word' id='word_1_220' title='bbox 698 3771 753 3830; x_wconf 91' lang='lat' dir='ltr'><strong>est</strong></span> <span class='ocrx_word' id='word_1_221' title='bbox 787 3769 882 3830; x_wconf 88' lang='lat' dir='ltr'><strong>inter</strong></span> <span class='ocrx_word' id='word_1_222' title='bbox 916 3786 1037 3830; x_wconf 90' lang='lat' dir='ltr'><strong>omnes</strong></span> <span class='ocrx_word' id='word_1_223' title='bbox 1060 3768 1259 3830; x_wconf 89' lang='lat' dir='ltr'><strong>animantes</strong></span> <span class='ocrx_word' id='word_1_224' title='bbox 1290 3769 1441 3831; x_wconf 85' lang='lat' dir='ltr'><strong>maxime</strong></span> <span class='ocrx_word' id='word_1_225' title='bbox 1466 3771 1503 3830; x_wconf 91' lang='lat' dir='ltr'><strong>et</strong></span> <span class='ocrx_word' id='word_1_226' title='bbox 1528 3769 1687 3830; x_wconf 88' lang='lat' dir='ltr'><strong>moribus</strong></span> 
     </span>
     <span class='ocr_line' id='line_1_27' title="bbox 353 3872 1687 3956; baseline 0 -20"><span class='ocrx_word' id='word_1_227' title='bbox 353 3876 474 3937; x_wconf 88' lang='lat' dir='ltr'><strong>varius</strong></span> <span class='ocrx_word' id='word_1_228' title='bbox 489 3877 525 3937; x_wconf 93' lang='lat' dir='ltr'><strong>et</strong></span> <span class='ocrx_word' id='word_1_229' title='bbox 547 3876 730 3937; x_wconf 89' lang='lat' dir='ltr'><strong>voluntate</strong></span> <span class='ocrx_word' id='word_1_230' title='bbox 753 3875 943 3937; x_wconf 79' lang='lat' dir='ltr'><strong>diversus»</strong></span> <span class='ocrx_word' id='word_1_231' title='bbox 963 3872 1126 3936; x_wconf 74' lang='lat' dir='ltr'><strong>⁸.-Cum</strong></span> <span class='ocrx_word' id='word_1_232' title='bbox 1142 3885 1235 3956; x_wconf 75' lang='lat' dir='ltr'><strong>ergo,</strong></span> <span class='ocrx_word' id='word_1_233' title='bbox 1252 3877 1292 3937; x_wconf 88' lang='lat' dir='ltr'><strong>ut</strong></span> <span class='ocrx_word' id='word_1_234' title='bbox 1308 3875 1396 3937; x_wconf 86' lang='lat' dir='ltr'><strong>dicit</strong></span> <span class='ocrx_word' id='word_1_235' title='bbox 1410 3876 1447 3936; x_wconf 92' lang='lat' dir='ltr'><strong>in</strong></span> <span class='ocrx_word' id='word_1_236' title='bbox 1470 3875 1687 3938; x_wconf 84' lang='lat' dir='ltr'><strong>Pastorali</strong></span> 
     </span>
     <span class='ocr_line' id='line_1_28' title="bbox 353 3981 1687 4062; baseline 0 -19"><span class='ocrx_word' id='word_1_237' title='bbox 353 3994 501 4062; x_wconf 79' lang='lat' dir='ltr'><strong>magnus</strong></span> <span class='ocrx_word' id='word_1_238' title='bbox 525 3981 727 4062; x_wconf 80' lang='lat' dir='ltr'><strong>Gregorius,</strong></span> <span class='ocrx_word' id='word_1_239' title='bbox 752 3982 850 4061; x_wconf 88' lang='lat' dir='ltr'><strong>quod</strong></span> <span class='ocrx_word' id='word_1_240' title='bbox 872 4000 958 4061; x_wconf 91' lang='lat' dir='ltr'><strong>sepe</strong></span> <span class='ocrx_word' id='word_1_241' title='bbox 980 3984 1149 4061; x_wconf 89' lang='lat' dir='ltr'><strong>suscepta</strong></span> <span class='ocrx_word' id='word_1_242' title='bbox 1184 4001 1270 4044; x_wconf 89' lang='lat' dir='ltr'><strong>cura</strong></span> <span class='ocrx_word' id='word_1_243' title='bbox 1305 3983 1485 4062; x_wconf 80' lang='lat' dir='ltr'><strong>regiminis</strong></span> <span class='ocrx_word' id='word_1_244' title='bbox 1522 4001 1586 4045; x_wconf 92' lang='lat' dir='ltr'><strong>cor</strong></span> <span class='ocrx_word' id='word_1_245' title='bbox 1621 4001 1687 4062; x_wconf 88' lang='lat' dir='ltr'><strong>per</strong></span> 
     </span>
     <span class='ocr_line' id='line_1_29' title="bbox 355 4088 1687 4170; baseline 0 -20"><span class='ocrx_word' id='word_1_246' title='bbox 355 4088 498 4152; x_wconf 89' lang='lat' dir='ltr'><strong>diversa</strong></span> <span class='ocrx_word' id='word_1_247' title='bbox 521 4089 729 4151; x_wconf 86' lang='lat' dir='ltr'><strong>diverberat</strong></span> <span class='ocrx_word' id='word_1_248' title='bbox 752 4091 789 4150; x_wconf 88' lang='lat' dir='ltr'><strong>et</strong></span> <span class='ocrx_word' id='word_1_249' title='bbox 810 4089 928 4168; x_wconf 89' lang='lat' dir='ltr'><strong>impar</strong></span> <span class='ocrx_word' id='word_1_250' title='bbox 950 4089 1101 4169; x_wconf 91' lang='lat' dir='ltr'><strong>quisque</strong></span> <span class='ocrx_word' id='word_1_251' title='bbox 1134 4089 1313 4151; x_wconf 90' lang='lat' dir='ltr'><strong>invenitur</strong></span> <span class='ocrx_word' id='word_1_252' title='bbox 1346 4090 1395 4152; x_wconf 89' lang='lat' dir='ltr'><strong>ad</strong></span> <span class='ocrx_word' id='word_1_253' title='bbox 1429 4090 1576 4170; x_wconf 80' lang='lat' dir='ltr'><strong>singula.</strong></span> <span class='ocrx_word' id='word_1_254' title='bbox 1601 4090 1687 4151; x_wconf 92' lang='lat' dir='ltr'><strong>dum</strong></span> 
     </span>
     <span class='ocr_line' id='line_1_30' title="bbox 354 4194 1125 4258; baseline -0.001 -1"><span class='ocrx_word' id='word_1_255' title='bbox 354 4194 503 4258; x_wconf 83' lang='lat' dir='ltr'><strong>contusa</strong></span> <span class='ocrx_word' id='word_1_256' title='bbox 525 4197 644 4258; x_wconf 89' lang='lat' dir='ltr'><strong>mente</strong></span> <span class='ocrx_word' id='word_1_257' title='bbox 667 4195 840 4258; x_wconf 88' lang='lat' dir='ltr'><strong>dividitur</strong></span> <span class='ocrx_word' id='word_1_258' title='bbox 864 4196 914 4257; x_wconf 88' lang='lat' dir='ltr'><strong>ad</strong></span> <span class='ocrx_word' id='word_1_259' title='bbox 937 4195 1049 4257; x_wconf 90' lang='lat' dir='ltr'><strong>multa</strong></span> <span class='ocrx_word' id='word_1_260' title='bbox 1070 4195 1125 4256; x_wconf 67' lang='lat'><strong>2⁴.</strong></span> 
     </span>
    </p>

    <p class='ocr_par' dir='ltr' id='par_1_4' title="bbox 353 4301 1899 4493">
     <span class='ocr_line' id='line_1_31' title="bbox 460 4301 1730 4383; baseline 0.006 -20"><span class='ocrx_word' id='word_1_261' title='bbox 460 4302 564 4365; x_wconf 88' lang='lat' dir='ltr'><strong>Patet</strong></span> <span class='ocrx_word' id='word_1_262' title='bbox 589 4301 721 4365; x_wconf 86' lang='lat' dir='ltr'><strong>clarius</strong></span> <span class='ocrx_word' id='word_1_263' title='bbox 744 4303 842 4382; x_wconf 88' lang='lat' dir='ltr'><strong>quod</strong></span> <span class='ocrx_word' id='word_1_264' title='bbox 862 4303 958 4364; x_wconf 89' lang='lat' dir='ltr'><strong>idem</strong></span> <span class='ocrx_word' id='word_1_265' title='bbox 981 4321 1052 4364; x_wconf 91' lang='lat' dir='ltr'><strong>non</strong></span> <span class='ocrx_word' id='word_1_266' title='bbox 1075 4305 1196 4382; x_wconf 89' lang='lat' dir='ltr'><strong>potest</strong></span> <span class='ocrx_word' id='word_1_267' title='bbox 1218 4303 1323 4365; x_wconf 89' lang='lat' dir='ltr'><strong>simul</strong></span> <span class='ocrx_word' id='word_1_268' title='bbox 1346 4306 1445 4366; x_wconf 92' lang='lat' dir='ltr'><strong>recte</strong></span> <span class='ocrx_word' id='word_1_269' title='bbox 1468 4304 1588 4366; x_wconf 93' lang='lat' dir='ltr'><strong>studio</strong></span> <span class='ocrx_word' id='word_1_270' title='bbox 1610 4302 1685 4383; x_wconf 93' lang='lat' dir='ltr'><strong>phi·</strong></span> <span class='ocrx_word' id='word_1_271' title='bbox 1701 4307 1730 4369; x_wconf 90' lang='lat'><strong>8.</strong></span> 
     </span>
     <span class='ocr_line' id='line_1_32' title="bbox 353 4400 1899 4493; baseline 0.003 -22"><span class='ocrx_word' id='word_1_272' title='bbox 353 4408 515 4489; x_wconf 90' lang='lat' dir='ltr'><strong>losophie</strong></span> <span class='ocrx_word' id='word_1_273' title='bbox 544 4400 558 4493; x_wconf 75' lang='grc' dir='ltr'>Η</span> <span class='ocrx_word' id='word_1_274' title='bbox 599 4412 635 4471; x_wconf 92' lang='lat' dir='ltr'><strong>et</strong></span> <span class='ocrx_word' id='word_1_275' title='bbox 672 4409 854 4471; x_wconf 89' lang='lat' dir='ltr'><strong>hominum</strong></span> <span class='ocrx_word' id='word_1_276' title='bbox 889 4429 975 4472; x_wconf 90' lang='lat' dir='ltr'><strong>cure</strong></span> <span class='ocrx_word' id='word_1_277' title='bbox 1012 4428 1154 4472; x_wconf 90' lang='lat' dir='ltr'><strong>vacare.</strong></span> <span class='ocrx_word' id='word_1_278' title='bbox 1201 4406 1331 4472; x_wconf 89' lang='lat' dir='ltr'><strong>Totum</strong></span> <span class='ocrx_word' id='word_1_279' title='bbox 1370 4412 1464 4473; x_wconf 89' lang='lat' dir='ltr'><strong>enim</strong></span> <span class='ocrx_word' id='word_1_280' title='bbox 1506 4410 1686 4473; x_wconf 89' lang='lat' dir='ltr'><strong>hominem</strong></span> <span class='ocrx_word' id='word_1_281' title='bbox 1775 4412 1899 4477; x_wconf 72' lang='grc' dir='ltr'><strong>Β35νο</strong></span> 
     </span>
    </p>
   </div>
   <div class='ocr_carea' id='block_1_3' title="bbox 354 4722 1685 5329">
    <p class='ocr_par' dir='ltr' id='par_1_5' title="bbox 354 4722 1685 4971">
     <span class='ocr_line' id='line_1_33' title="bbox 460 4722 1683 4794; baseline 0.002 -17"><span class='ocrx_word' id='word_1_282' title='bbox 460 4722 482 4788; x_wconf 85' lang='lat'><strong>¹)</strong></span> <span class='ocrx_word' id='word_1_283' title='bbox 499 4723 578 4778; x_wconf 89' lang='lat' dir='ltr'><strong>Tout</strong></span> <span class='ocrx_word' id='word_1_284' title='bbox 597 4738 632 4778; x_wconf 89' lang='lat' dir='ltr'><strong>ce</strong></span> <span class='ocrx_word' id='word_1_285' title='bbox 649 4733 781 4794; x_wconf 77' lang='lat' dir='ltr'><strong>passage</strong></span> <span class='ocrx_word' id='word_1_286' title='bbox 800 4725 941 4792; x_wconf 87' lang='lat' dir='ltr'><strong>s&#39;inspire</strong></span> <span class='ocrx_word' id='word_1_287' title='bbox 959 4725 1140 4780; x_wconf 85' lang='lat' dir='ltr'><strong>clairement</strong></span> <span class='ocrx_word' id='word_1_288' title='bbox 1158 4726 1200 4779; x_wconf 91' lang='lat' dir='ltr'><strong>du</strong></span> <span class='ocrx_word' id='word_1_289' title='bbox 1218 4727 1548 4792; x_wconf 77' lang='lat' dir='ltr'><strong>Polycrattcns,1V‚1;</strong></span> <span class='ocrx_word' id='word_1_290' title='bbox 1567 4730 1610 4780; x_wconf 82' lang='lat' dir='ltr'><strong>od</strong></span> <span class='ocrx_word' id='word_1_291' title='bbox 1622 4725 1683 4790; x_wconf 77' lang='lat' dir='ltr'><strong>sin.</strong></span> 
     </span>
     <span class='ocr_line' id='line_1_34' title="bbox 354 4811 1685 4884; baseline 0.002 -19"><span class='ocrx_word' id='word_1_292' title='bbox 354 4812 441 4865; x_wconf 87' lang='lat' dir='ltr'><strong>Cette</strong></span> <span class='ocrx_word' id='word_1_293' title='bbox 459 4811 621 4867; x_wconf 73' lang='lat' dir='ltr'><strong>definition</strong></span> <span class='ocrx_word' id='word_1_294' title='bbox 639 4815 679 4868; x_wconf 91' lang='lat' dir='ltr'><strong>de</strong></span> <span class='ocrx_word' id='word_1_295' title='bbox 697 4815 728 4866; x_wconf 88' lang='lat' dir='ltr'><strong>la</strong></span> <span class='ocrx_word' id='word_1_296' title='bbox 746 4815 789 4867; x_wconf 92' lang='lat' dir='ltr'><strong>loi</strong></span> <span class='ocrx_word' id='word_1_297' title='bbox 810 4829 868 4882; x_wconf 85' lang='lat' dir='ltr'><strong>par</strong></span> <span class='ocrx_word' id='word_1_298' title='bbox 887 4814 1060 4883; x_wconf 85' lang='lat' dir='ltr'><strong>Chrysippe</strong></span> <span class='ocrx_word' id='word_1_299' title='bbox 1086 4815 1133 4884; x_wconf 85' lang='lat' dir='ltr'><strong>s&#39;y</strong></span> <span class='ocrx_word' id='word_1_300' title='bbox 1163 4816 1308 4869; x_wconf 88' lang='lat' dir='ltr'><strong>retronve</strong></span> <span class='ocrx_word' id='word_1_301' title='bbox 1327 4817 1569 4870; x_wconf 85' lang='lat' dir='ltr'><strong>textuellement.</strong></span> <span class='ocrx_word' id='word_1_302' title='bbox 1599 4817 1685 4881; x_wconf 82' lang='lat' dir='ltr'><strong>ibid,</strong></span> 
     </span>
     <span class='ocr_line' id='line_1_35' title="bbox 354 4911 469 4971; baseline -0.009 -17"><span class='ocrx_word' id='word_1_303' title='bbox 354 4916 420 4971; x_wconf 85' lang='lat' dir='ltr'><strong>cap.</strong></span> <span class='ocrx_word' id='word_1_304' title='bbox 437 4911 469 4954; x_wconf 90' lang='lat' dir='ltr'><strong>n.</strong></span> 
     </span>
    </p>

    <p class='ocr_par' dir='ltr' id='par_1_6' title="bbox 460 4987 1473 5062">
     <span class='ocr_line' id='line_1_36' title="bbox 460 4987 1473 5062; baseline 0.002 -18"><span class='ocrx_word' id='word_1_305' title='bbox 460 4987 481 5056; x_wconf 81' lang='lat'><strong>¹)</strong></span> <span class='ocrx_word' id='word_1_306' title='bbox 500 4991 599 5044; x_wconf 77' lang='lat' dir='ltr'>GREG.</span> <span class='ocrx_word' id='word_1_307' title='bbox 616 4992 725 5046; x_wconf 72' lang='lat' dir='ltr'>MAGN.</span> <span class='ocrx_word' id='word_1_308' title='bbox 744 4993 850 5061; x_wconf 75' lang='lat' dir='ltr'><strong>Regni.</strong></span> <span class='ocrx_word' id='word_1_309' title='bbox 871 4993 955 5045; x_wconf 84' lang='lat' dir='ltr'><strong>Pnst.</strong></span> <span class='ocrx_word' id='word_1_310' title='bbox 973 4994 1006 5045; x_wconf 89' lang='lat' dir='ltr'><strong>P.</strong></span> <span class='ocrx_word' id='word_1_311' title='bbox 1026 4994 1047 5056; x_wconf 88' lang='grc' dir='ltr'><strong>Ι,</strong></span> <span class='ocrx_word' id='word_1_312' title='bbox 1066 5009 1133 5062; x_wconf 85' lang='lat' dir='ltr'><strong>cap.</strong></span> <span class='ocrx_word' id='word_1_313' title='bbox 1151 5004 1170 5045; x_wconf 87' lang='lat'><strong>1.</strong></span> <span class='ocrx_word' id='word_1_314' title='bbox 1188 4993 1225 5046; x_wconf 94' lang='lat' dir='ltr'><strong>In</strong></span> <span class='ocrx_word' id='word_1_315' title='bbox 1246 4993 1339 5062; x_wconf 83' lang='lat' dir='ltr'><strong>Oper.</strong></span> <span class='ocrx_word' id='word_1_316' title='bbox 1357 4995 1408 5059; x_wconf 90' lang='lat'>111,</span> <span class='ocrx_word' id='word_1_317' title='bbox 1430 4995 1473 5047; x_wconf 88' lang='lat'><strong>12.</strong></span> 
     </span>
    </p>

    <p class='ocr_par' dir='ltr' id='par_1_7' title="bbox 354 5077 1683 5240">
     <span class='ocr_line' id='line_1_37' title="bbox 459 5077 1683 5151; baseline 0.002 -17"><span class='ocrx_word' id='word_1_318' title='bbox 459 5077 598 5144; x_wconf 77' lang='lat' dir='ltr'>¹)GREO.</span> <span class='ocrx_word' id='word_1_319' title='bbox 623 5081 699 5134; x_wconf 75' lang='lat' dir='ltr'><strong>an.</strong></span> <span class='ocrx_word' id='word_1_320' title='bbox 727 5081 835 5136; x_wconf 80' lang='lat' dir='ltr'><strong>Oratio</strong></span> <span class='ocrx_word' id='word_1_321' title='bbox 859 5083 898 5133; x_wconf 85' lang='lat' dir='ltr'><strong>ll.</strong></span> <span class='ocrx_word' id='word_1_322' title='bbox 924 5083 1130 5151; x_wconf 70' lang='lat' dir='ltr'><strong>Apologeticu.</strong></span> <span class='ocrx_word' id='word_1_323' title='bbox 1163 5082 1236 5150; x_wconf 84' lang='lat' dir='ltr'><strong>Cap.</strong></span> <span class='ocrx_word' id='word_1_324' title='bbox 1260 5093 1324 5136; x_wconf 74' lang='lat' dir='ltr'><strong>XVI.</strong></span> <span class='ocrx_word' id='word_1_325' title='bbox 1350 5085 1386 5137; x_wconf 91' lang='lat' dir='ltr'><strong>ln</strong></span> <span class='ocrx_word' id='word_1_326' title='bbox 1410 5083 1501 5151; x_wconf 76' lang='lat' dir='ltr'><strong>oper.</strong></span> <span class='ocrx_word' id='word_1_327' title='bbox 1527 5083 1549 5148; x_wconf 82' lang='lat'><strong>1,</strong></span> <span class='ocrx_word' id='word_1_328' title='bbox 1568 5083 1631 5137; x_wconf 78' lang='lat'><strong>426.</strong></span> <span class='ocrx_word' id='word_1_329' title='bbox 1652 5084 1683 5138; x_wconf 84' lang='lat' dir='ltr'><strong>S.</strong></span> 
     </span>
     <span class='ocr_line' id='line_1_38' title="bbox 354 5167 1465 5240; baseline 0.003 -18"><span class='ocrx_word' id='word_1_330' title='bbox 354 5167 668 5237; x_wconf 74' lang='lat' dir='ltr'><strong>Gregoire·le·Grand</strong></span> <span class='ocrx_word' id='word_1_331' title='bbox 686 5171 761 5223; x_wconf 86' lang='lat' dir='ltr'><strong>s&#39;est</strong></span> <span class='ocrx_word' id='word_1_332' title='bbox 779 5171 818 5224; x_wconf 87' lang='lat' dir='ltr'><strong>ici</strong></span> <span class='ocrx_word' id='word_1_333' title='bbox 836 5171 954 5238; x_wconf 71' lang='lat' dir='ltr'><strong>inspice</strong></span> <span class='ocrx_word' id='word_1_334' title='bbox 971 5171 1009 5224; x_wconf 89' lang='lat' dir='ltr'><strong>de</strong></span> <span class='ocrx_word' id='word_1_335' title='bbox 1027 5171 1058 5225; x_wconf 87' lang='lat' dir='ltr'><strong>S.</strong></span> <span class='ocrx_word' id='word_1_336' title='bbox 1080 5171 1230 5240; x_wconf 75' lang='lat' dir='ltr'><strong>Gregoire</strong></span> <span class='ocrx_word' id='word_1_337' title='bbox 1247 5173 1287 5226; x_wconf 89' lang='lat' dir='ltr'><strong>de</strong></span> <span class='ocrx_word' id='word_1_338' title='bbox 1305 5173 1465 5226; x_wconf 83' lang='lat' dir='ltr'><strong>Nazianze.</strong></span> 
     </span>
    </p>

    <p class='ocr_par' dir='ltr' id='par_1_8' title="bbox 458 5256 1579 5329">
     <span class='ocr_line' id='line_1_39' title="bbox 458 5256 1579 5329; baseline 0.002 -17"><span class='ocrx_word' id='word_1_339' title='bbox 458 5256 480 5324; x_wconf 87' lang='lat'><strong>⁴)</strong></span> <span class='ocrx_word' id='word_1_340' title='bbox 499 5258 642 5312; x_wconf 76' lang='lat' dir='ltr'><strong>Guroon</strong></span> <span class='ocrx_word' id='word_1_341' title='bbox 659 5258 767 5312; x_wconf 69' lang='lat' dir='ltr'><strong>Mser.</strong></span> <span class='ocrx_word' id='word_1_342' title='bbox 787 5261 891 5329; x_wconf 71' lang='lat' dir='ltr'><strong>Regni.</strong></span> <span class='ocrx_word' id='word_1_343' title='bbox 913 5261 1035 5313; x_wconf 75' lang='lat' dir='ltr'><strong>Pastor.</strong></span> <span class='ocrx_word' id='word_1_344' title='bbox 1056 5261 1091 5313; x_wconf 85' lang='grc' dir='ltr'><strong>Ρ.</strong></span> <span class='ocrx_word' id='word_1_345' title='bbox 1112 5262 1135 5320; x_wconf 87' lang='lat'><strong>1.</strong></span> <span class='ocrx_word' id='word_1_346' title='bbox 1150 5276 1217 5329; x_wconf 82' lang='lat' dir='ltr'><strong>cap.</strong></span> <span class='ocrx_word' id='word_1_347' title='bbox 1235 5271 1276 5315; x_wconf 88' lang='lat' dir='ltr'><strong>rv.</strong></span> <span class='ocrx_word' id='word_1_348' title='bbox 1298 5262 1334 5315; x_wconf 84' lang='lat' dir='ltr'><strong>ln</strong></span> <span class='ocrx_word' id='word_1_349' title='bbox 1354 5260 1445 5328; x_wconf 79' lang='lat' dir='ltr'><strong>oper.</strong></span> <span class='ocrx_word' id='word_1_350' title='bbox 1466 5261 1516 5326; x_wconf 80' lang='lat'>111,</span> <span class='ocrx_word' id='word_1_351' title='bbox 1536 5263 1579 5315; x_wconf 87' lang='lat'><strong>17.</strong></span> 
     </span>
    </p>
   </div>
   <div class='ocr_carea' id='block_1_4' title="bbox 0 0 2154 6117">
    <p class='ocr_par' dir='ltr' id='par_1_9' title="bbox 0 0 2154 6117">
     <span class='ocr_line' id='line_1_40' title="bbox 0 0 2154 6117; baseline 0 0"><span class='ocrx_word' id='word_1_352' title='bbox 0 0 2154 6117; x_wconf 95' lang='lat' dir='ltr'><strong> </strong></span> 
     </span>
    </p>
   </div>
  </div>
 </body>
</html>
