4300 6117
860 889 1046 944 IOHANNIS
1068 890 1251 944 DOMINICI

851 1637 1055 1744 [CAPUT
1099 1637 1290 1744 XLIII]

504 1973 519 2065 lt
537 1976 784 2064 [E]videncius
800 1983 917 2063 agitur
931 1981 1106 2045 adversus
1122 1983 1382 2044 racionalem
1405 1982 1725 2063 philosophiam,
1744 1983 1986 2049 1394V⁰L110v

392 2107 463 2169 que
486 2108 558 2151 non
581 2091 618 2150 in
649 2089 928 2171 investigacione
960 2090 1134 2161 veritatis,
1158 2089 1224 2152 sed
1256 2089 1292 2151 in
1328 2089 1558 2152 contencione
1594 2091 1727 2153 situata
1743 2095 1771 2157 1.

391 2197 554 2270 videtur;
580 2215 646 2258 nec
668 2197 750 2258 volo
775 2196 872 2276 quod
901 2195 987 2258 mihi
1024 2197 1155 2276 aliquis
1187 2196 1322 2259 obiciat
1359 2199 1500 2258 nostros
1533 2197 1725 2278 theologos,

392 2305 506 2365 eciam
544 2303 790 2384 Augustinum,
822 2304 1124 2384 quamplurimum
1162 2304 1358 2383 disputare.
1405 2302 1495 2366 Nam
1519 2305 1613 2376 olim,
1653 2305 1728 2367 fide

392 2414 577 2474 crescente
612 2413 649 2473 et
678 2410 862 2472 mundana
895 2410 1132 2492 phylosophia
1166 2411 1341 2473 adversus
1375 2412 1565 2474 veritatem
1600 2430 1640 2474 se
1671 2431 1728 2474 ar·

392 2521 522 2591 mante,
547 2535 638 2597 opus
661 2517 728 2580 fuit
751 2522 878 2581 contra
899 2517 1078 2580 hereticos
1101 2518 1280 2597 sophistas
1297 2519 1495 2598 prudenter
1506 2519 1543 2580 in
1559 2520 1675 2592 scolis,
1692 2521 1729 2582 in

393 2625 564 2697 conciliis,
588 2625 625 2686 in
647 2625 1024 2695 sermocinationibus,
1049 2642 1093 2686 ac
1117 2625 1231 2687 eciam
1256 2625 1293 2686 in
1324 2627 1531 2706 vulgaribus
1565 2627 1728 2706 predica·

392 2732 555 2795 cionibus
579 2735 616 2793 et
638 2733 947 2812 disputacionibus
971 2732 1033 2793 uti.
1057 2731 1172 2794 Erant
1196 2733 1290 2794 enim
1313 2734 1396 2795 tnnc
1423 2733 1606 2796 catholicis
1629 2735 1730 2796 mixti

392 2841 517 2911 ariani,
551 2839 737 2912 manichei,
774 2839 971 2908 sabelliani,
1010 2839 1217 2918 prisciliani,
1250 2840 1430 2902 donatiste
1464 2843 1501 2902 et
1534 2841 1605 2912 alii,
1637 2841 1729 2904 sicut

391 2947 500 3008 hodie
523 2947 616 3008 inter
638 2946 833 3008 catholicos
856 2947 1042 3008 ambulant
1065 2944 1232 3007 fraticelli
1256 2946 1302 3008 de
1331 2947 1496 3026 opinione
1528 2966 1727 3022 usurarum,

392 3057 428 3115 et
452 3054 563 3115 ceteri
586 3053 768 3133 publicani
791 3054 930 3126 fatales,
955 3054 1016 3133 qui
1039 3052 1124 3115 fatis
1152 3053 1304 3116 credunt
1334 3054 1480 3128 destrui,
1517 3057 1578 3134 qui
1610 3057 1729 3118 omnia

392 3164 530 3240 putant,
555 3162 708 3222 maxime
731 3179 803 3241 quo
827 3161 876 3222 ad
896 3161 1066 3232 homines,
1092 3161 1139 3222 de
1166 3162 1381 3224 necessitate
1405 3163 1569 3236 evenire;
1603 3175 1728 3243 genea-

392 3269 471 3349 logi,
507 3268 806 3348 gubernacionem
840 3268 1031 3329 humanam
1065 3269 1246 3330 sideribus
1275 3269 1535 3343 concedentes;
1558 3270 1729 3332 bestiales

392 3375 500 3437 aliam
523 3377 635 3436 vitam
656 3393 678 3436 a
700 3378 868 3454 presente
892 3378 1078 3454 negantes;
1103 3378 1139 3437 et
1162 3376 1272 3437 multe
1295 3376 1366 3437 alie
1388 3376 1543 3448 hereses,
1569 3395 1639 3456 que
1661 3396 1729 3458 pro

391 3483 519 3544 maiori
543 3485 647 3562 parte
670 3500 741 3544 non
764 3480 890 3553 forent,
920 3482 951 3543 si
974 3482 1202 3562 philosophia
1226 3482 1337 3544 seculi
1361 3502 1432 3545 non
1454 3483 1670 3546 vociferaret
1693 3486 1730 3545 in

392 3591 509 3661 scolis,
532 3607 650 3668 neque
674 3588 921 3668 disputaretur
945 3589 981 3650 in
1004 3588 1148 3668 templis
1172 3591 1325 3651 maxime
1350 3589 1581 3669 predicando.
1630 3589 1730 3653 Sicut

392 3698 499 3778 igitur
522 3699 606 3758 tunc
630 3696 801 3775 temporis
824 3697 988 3758 fortassis
1012 3714 1102 3775 opus
1126 3700 1205 3759 erat
1234 3697 1326 3759 scire
1358 3697 1499 3776 aliquos
1532 3698 1729 3776 sophisma·

392 3808 467 3867 tum
492 3806 606 3865 artem
631 3806 667 3865 et
689 3803 831 3865 illorum
853 3803 1093 3865 hereticorum
1118 3822 1268 3876 errores,
1293 3804 1419 3882 previa
1453 3804 1631 3886 theologia
1670 3823 1729 3867 ve·

392 3912 477 3985 raci,
504 3911 552 3972 ad
574 3910 830 3972 revincendum
854 3910 934 3971 illos
956 3909 1139 3990 profanos,
1157 3911 1208 3972 sic
1224 3929 1318 3972 nunc
1335 3912 1479 3990 expedit
1496 3912 1635 3991 aliquos
1652 3911 1730 3974 fore

393 4020 454 4098 qui
477 4019 570 4080 scire
593 4017 759 4079 laborent
782 4035 886 4078 sacre
910 4015 1095 4096 Scripture
1118 4018 1325 4080 medullitus
1352 4019 1621 4090 continenciam,
1650 4020 1730 4081 iura

392 4126 566 4187 canonica
590 4127 626 4186 et
649 4125 805 4203 quedam
828 4124 900 4185 alia
924 4124 1110 4196 catholica,
1137 4143 1207 4204 que
1230 4125 1278 4186 ad
1302 4125 1615 4188 conservacionem
1631 4129 1729 4188 recte

393 4233 594 4294 vivencium
633 4234 669 4293 et
706 4230 755 4292 ad
792 4230 1077 4293 confutacionem
1117 4232 1364 4294 incedencium
1400 4232 1544 4311 oblique
1577 4234 1729 4295 maxime

392 4339 523 4401 valent.
548 4337 629 4399 Dixi
653 4341 782 4400 autem.
804 4358 818 4390 r
839 4336 1003 4399 fortassis
1024 4359 1050 4410 s,
1086 4340 1171 4419 quia
1206 4340 1300 4401 sicut
1332 4339 1461 4419 legitur
1494 4340 1531 4400 in
1568 4339 1730 4402 Eccle-

391 4446 589 4507 siastica
621 4443 854 4526 Hystoria,
890 4446 997 4525 plus²
1036 4447 1154 4524 potuit
1184 4446 1232 4508 ad
1267 4447 1537 4508 conversionem
1570 4447 1729 4526 sophiste

391 4552 537 4614 verbosi
561 4555 597 4614 et
620 4552 823 4632 philosophi
846 4553 981 4613 arriani
1004 4553 1179 4615 sanctitas
1207 4554 1275 4614 viri
1298 4553 1479 4633 simplicis,
1505 4572 1612 4633 quam
1642 4571 1730 4616 vera

393 4659 603 4739 eloquencia
637 4659 794 4720 omnium
829 4663 973 4739 patrum
1004 4660 1293 4731 orthodoxorum,
1325 4661 1388 4739 qui
1421 4664 1525 4723 erant
1558 4662 1604 4723 ob
1632 4661 1670 4722 id
1694 4663 1730 4723 in

393 4767 544 4828 concilio
567 4767 781 4846 congregati.
