4300 6117
450 971 494 1034 38
955 980 1113 1035 LUCULA
1135 978 1275 1033 NOCTIS

450 1203 683 1265 dileccionem
720 1201 917 1283 theologice
953 1203 1076 1282 poesie
1118 1204 1311 1283 componit,
1355 1203 1528 1283 erigitque
1573 1204 1785 1283 precipuum

451 1311 615 1372 thronum
637 1310 758 1389 ipsius,
786 1312 827 1369 ut
848 1327 995 1371 securus
1023 1311 1268 1389 unusquisque
1297 1311 1345 1372 ad
1381 1311 1456 1372 eius
1492 1311 1649 1391 gignasia
1671 1312 1785 1373 vadat

449 1416 617 1478 intensus.
664 1414 751 1500 Quis
779 1418 899 1477 autem
927 1418 1001 1477 tarn
1028 1416 1120 1477 duro
1150 1435 1328 1495 saxeoque
1352 1419 1510 1495 pectore,
1547 1420 1604 1479 et²
1627 1419 1782 1480 crudelis

451 1524 638 1594 barbarus,
672 1525 796 1584 contra
818 1523 1007 1584 veritatem
1035 1525 1205 1595 armatur,
1237 1524 1392 1595 insanus,
1424 1526 1558 1585 utnon
1581 1526 1787 1586 emolliatur

451 1631 500 1692 ad
523 1648 627 1691 omne
648 1631 805 1692 studium
828 1631 1082 1708 cuiuscumque
1111 1631 1275 1702 sciencie,
1305 1632 1335 1692 si
1359 1628 1547 1711 Sapiencie
1575 1633 1706 1694 librum
1729 1632 1785 1693 sui

452 1736 561 1798 iaciat
583 1736 783 1799 intellectus
806 1737 988 1799 sodalem?

406 1841 436 1905 7.
562 1843 733 1905 Historici
766 1863 853 1906 vero
890 1844 982 1916 libri,
1020 1844 1151 1905 milites
1190 1845 1383 1924 dirigentes
1422 1845 1470 1906 ad
1508 1857 1672 1925 pugnam,
1713 1864 1784 1907 non

240 1949 269 2009 L
284 1948 360 2011 23νο
406 1969 410 1975 ·
452 1951 565 2013 solum
589 1969 660 2012 non
684 1952 807 2012 vetant
829 1947 1044 2022 Titulivium,
1070 1949 1268 2031 Virgilium,
1293 1950 1485 2023 Lucanum,
1515 1948 1743 2032 Trogumque
1766 1943 1780 2034 Η

452 2057 668 2137 Pompeium,
694 2060 729 2119 et
752 2058 908 2136 reliquos
931 2058 1021 2119 tales
1045 2058 1239 2131 habendos,
1265 2059 1330 2120 sed
1352 2058 1391 2119 in
1413 2057 1568 2121 Martem
1597 2060 1785 2121 universas

452 2165 654 2227 accendunt
676 2165 770 2226 vires
798 2164 980 2235 humanas,
1018 2183 1099 2226 cum
1128 2165 1243 2226 simile
1270 2166 1318 2227 ad
1346 2184 1449 2227 suum
1477 2166 1594 2227 simile
1628 2166 1783 2237 inclinet,

452 2273 660 2352 pariterque
682 2272 879 2343 inclinetur,
905 2273 941 2332 et
963 2271 1111 2334 inducat
1133 2272 1348 2334 domesticos
1373 2290 1466 2334 suos.

406 2373 437 2437 8.
565 2376 686 2439 Simile
710 2378 791 2440 dico
814 2379 860 2440 de
873 2374 1104 2439 Testamento
1126 2398 1228 2450 novo,
1255 2380 1290 2440 in
1313 2397 1385 2457 quo
1408 2381 1509 2458 patet
1534 2378 1697 2459 Spiritus,
1724 2380 1787 2459 qui

254 2480 353 2543 ΒΘνο
453 2486 490 2547 in
512 2484 624 2564 priori
646 2486 792 2558 latebat,
817 2488 853 2546 et
876 2486 996 2565 palam
1018 2486 1178 2565 loquitur
1193 2486 1269 2547 sine
1285 2486 1477 2565 proverbio
1495 2476 1508 2568 'i
1527 2488 1611 2547 fere.
1635 2484 1785 2566 Xpistus
1865 2514 1868 2519 ¹

452 2611 606 2670 namque
630 2604 802 2672 generans
818 2591 919 2653 Patri
942 2611 1071 2653 novam
1096 2596 1297 2655 creaturam
1321 2596 1357 2654 et
1380 2612 1525 2655 causam
1549 2593 1714 2666 reddens,
1739 2612 1784 2655 ne

454 2700 682 2778 deciperetur
715 2718 737 2759 a
768 2697 879 2771 falsis,
916 2718 959 2761 ac
988 2700 1084 2760 viam
1118 2700 1352 2780 perfeccionis
1382 2700 1503 2762 verbis
1539 2702 1575 2761 et
1614 2701 1784 2779 exemplis

453 2808 604 2869 stratam
627 2805 838 2885 relinquens,
864 2824 1045 2885 nunquam
1068 2808 1253 2869 mandavit
1275 2806 1386 2869 libros
1409 2806 1473 2867 hos
1489 2808 1548 2868 vel
1570 2808 1650 2868 illos
1671 2808 1786 2868 vitan·

452 2914 528 2985 dos,
554 2932 634 2976 cum
657 2914 703 2974 sit
730 2914 912 2993 sapiencia
934 2912 1031 2974 Deus
1067 2916 1103 2975 et
1135 2913 1315 2992 sapiencie
1347 2916 1436 2985 tons,
1476 2915 1624 2992 eiusque
1653 2914 1726 2975 dux
1748 2914 1784 2975 in

452 3022 600 3082 excelsis
616 3018 636 3081 ¹.
661 3020 842 3099 Numquid
863 3020 963 3081 videt
986 3020 1076 3099 plus,
1102 3038 1209 3099 quam
1225 3019 1332 3093 Deus,
1357 3023 1397 3081 ut
1413 3021 1511 3099 quod
1533 3021 1592 3082 ille
1611 3022 1784 3101 benignus

450 3129 605 3189 scienter
627 3128 796 3206 permisit,
821 3126 877 3187 hic
901 3127 1035 3188 audeat
1058 3130 1268 3206 arroganter
1290 3127 1511 3206 dampnare?
1558 3127 1646 3213 Quis
1672 3146 1710 3189 es
1735 3131 1783 3199 tu,

447 3235 563 3307 homo,
593 3235 654 3312 qui
682 3252 754 3294 non
781 3234 897 3294 solum
924 3236 960 3294 te
986 3232 1062 3295 Deo
1092 3252 1303 3313 comparare
1334 3236 1523 3312 presumis,
1557 3234 1623 3295 sed
1647 3238 1682 3296 et
1705 3253 1783 3313 pre·

448 3343 553 3412 terre,
579 3360 659 3402 cum
681 3340 941 3419 perfectissime
963 3340 1032 3419 legi
1056 3340 1131 3402 eius
1155 3341 1290 3402 addere
1307 3341 1406 3413 velis,
1434 3343 1469 3402 et
1485 3343 1606 3403 notam
1623 3340 1785 3403 defectus

449 3447 653 3527 imponere?
699 3445 769 3509 Ubi
804 3447 897 3508 hanc
936 3447 1002 3508 tibi
1039 3447 1226 3509 licenciam
1264 3447 1472 3527 usurpasti?
1522 3447 1708 3527 Numquid
1748 3449 1783 3509 in

404 3584 407 3589 ·
449 3554 613 3634 apostolo
642 3554 717 3615 eius
752 3553 873 3625 Paulo,
912 3554 973 3633 qui
1001 3554 1143 3615 inanem
1178 3554 1441 3633 philosophiam
1476 3554 1544 3635 legi
1573 3558 1608 3616 et
1642 3557 1785 3616 conten·

450 3662 555 3723 ciosis
588 3661 896 3739 disputacionibus
927 3661 1100 3733 insistere,
1127 3679 1197 3739 que
1228 3661 1418 3723 utilitatem
1442 3680 1514 3723 non
1537 3661 1679 3733 habent,
1704 3681 1784 3742 pro·

448 3767 585 3830 hibuit?
631 3766 740 3829 Errat
766 3768 889 3846 utique
918 3768 1079 3847 quisquis
1106 3786 1145 3829 se
1174 3769 1291 3830 credit
1313 3770 1349 3830 in
1376 3768 1445 3829 hoc
1469 3767 1618 3829 Paulum
1641 3769 1784 3830 imitari.

449 3874 540 3936 Nam
564 3875 661 3954 quod
685 3875 773 3935 dixit
788 3873 959 3936 Dominus
980 3875 1027 3936 de
1041 3876 1137 3936 omni
1151 3877 1264 3937 verbo
1286 3876 1407 3937 ocioso
1424 3877 1581 3937 futuram
1605 3876 1785 3937 racionem

450 3982 673 4043 reddendam
686 3981 707 4053 ²,
731 3981 799 4043 hoc
823 3980 954 4042 Paulus
978 3982 1160 4055 intellexit,
1185 3984 1251 4043 sub
1267 3980 1406 4061 Xpisto,
1433 4001 1500 4062 per
1522 3982 1785 4062 philosophiam

449 4090 591 4150 inanem
617 4091 652 4149 et
675 4088 816 4149 inutiles
841 4088 1037 4168 silogismos
1053 4086 1074 4149 ³.
1113 4086 1186 4150 Sed
1210 4107 1280 4150 non
1304 4090 1487 4151 interdixit
1509 4108 1649 4151 omnem
1672 4090 1783 4169 philo·

449 4195 621 4275 sophiam,
665 4213 805 4257 ornnem
846 4195 1139 4273 disputacionem,
1185 4214 1397 4275 omnemque
1436 4197 1637 4269 scienciam,
1678 4214 1785 4275 quam

450 4303 555 4383 vulgo
579 4302 729 4363 dicimus
752 4303 960 4374 secularem,
985 4321 1029 4363 ne
1045 4302 1114 4382 legi
1130 4302 1273 4363 Domini
1297 4305 1332 4363 et
1355 4303 1515 4383 magistri
1531 4304 1586 4364 sui
1601 4303 1785 4365 videretur

450 4410 588 4472 addere
610 4410 775 4482 voluisse,
809 4412 845 4471 et
876 4410 1037 4471 laborem
1068 4410 1250 4489 egregium
1282 4411 1462 4471 tantorum
1485 4410 1643 4471 virorum
1679 4410 1784 4471 unico

451 4518 563 4579 verbo
586 4517 802 4596 dampnasse
819 4515 841 4579 ⁴.
898 4523 900 4526 '

559 4764 592 4822 a)
612 4788 644 4799 -
665 4764 704 4815 et.

559 4876 581 4945 ¹)
599 4880 734 4942 Ecclt.,1,
750 4879 775 4930 5.

560 4965 580 5031 ²)
599 4968 629 5020 S.
646 4968 771 5019 ΜΑΤΤΗ.
789 4966 854 5029 x11,
872 4966 916 5019 36.

560 5055 580 5121 ²³)
599 5056 628 5109 S.
647 5058 745 5109 PAUL.
764 5059 807 5107 ad
826 5056 941 5108 Coloss.
962 5056 998 5119 11,
1018 5056 1044 5109 8.

558 5143 580 5210 ⁴)
600 5145 642 5198 Ce
660 5145 856 5212 riqnisitoire
874 5146 981 5197 contre
999 5145 1047 5196 les
1065 5144 1258 5198 detracteurs
1276 5145 1332 5197 des
1352 5144 1461 5197 &tudes
1480 5144 1672 5198 humanistes
1697 5145 1784 5197 s'ins·

451 5234 519 5301 pire
538 5235 718 5287 clairement
736 5234 776 5286 de
795 5234 825 5287 la
842 5216 994 5286 lettre'de
1021 5233 1054 5286 C.
1073 5233 1204 5286 Salutati
1228 5232 1246 5285 a
1271 5232 1320 5285 ira
1339 5234 1492 5287 Giovanni
1516 5234 1557 5287 da
1575 5234 1784 5287 Samminiato.

453 5322 498 5379 cf.
516 5324 714 5391 Epistolario,
733 5324 841 5375 IV·P.1.
860 5324 962 5391 Epist.
981 5322 1088 5386 xxm,
1107 5338 1139 5390 p.
1161 5322 1289 5376 182-183.
