4300 6117
812 957 998 1011 IOHANNIS
1020 957 1204 1012 DOMINICI
1615 948 1681 1011 233

350 1180 435 1252 Iam,
459 1181 489 1242 si
512 1182 712 1244 meretrix
734 1181 867 1244 dicitur
890 1201 912 1243 a
934 1179 1161 1256 mercede1,
1186 1182 1285 1244 nulla
1299 1183 1508 1264 intelligitur
1530 1182 1684 1262 culpata,

351 1305 422 1367 que
444 1288 556 1368 gratis
577 1306 707 1368 corpus
722 1307 825 1350 suum
842 1292 1032 1369 supponat,
1056 1308 1137 1351 eum
1154 1293 1273 1351 tamen
1288 1289 1390 1369 longe
1406 1291 1527 1370 plures
1544 1290 1683 1370 perdat,

351 1412 421 1473 que
437 1396 576 1456 tantum
591 1395 758 1468 delectat,
784 1413 892 1474 quam
909 1413 979 1474 que
997 1414 1077 1457 cum
1092 1396 1277 1476 voluptate
1297 1396 1539 1476 mersupium²
1562 1398 1685 1477 pungit

351 1502 387 1563 et
411 1504 571 1563 evacuat.
595 1500 687 1563 Fere
710 1505 830 1583 potest
853 1503 890 1563 in
905 1521 1010 1564 sacra
1025 1500 1214 1582 Scriptura
1236 1503 1359 1582 aliqua
1381 1503 1592 1583 parabolica
1608 1522 1685 1565 sen-

351 1609 469 1670 tencia
504 1609 664 1689 reperiri,
702 1627 771 1687 que
795 1627 866 1670 non
903 1609 1033 1671 clamet
1067 1610 1163 1671 ultra
1196 1611 1365 1671 corticem
1399 1610 1536 1689 aliquid
1569 1610 1684 1689 requi·

350 1714 511 1777 rendum.

458 1820 542 1884 Sine
564 1822 672 1902 glosa,
697 1824 810 1885 recito
834 1825 969 1885 textum
998 1822 1177 1903 capituli
1203 1831 1331 1884 xxvn
1362 1842 1429 1903 pro
1453 1824 1623 1885 dialetica
1650 1826 1685 1887 et
1702 1820 1752 1884 16.

349 1927 513 2007 sophista
535 1929 687 1992 dictum:
730 1927 878 2002 «Tecta,
909 1931 1035 2009 inquit,
1071 1929 1317 2009 perstillancia
1340 1930 1377 1990 in
1401 1930 1461 1991 die
1484 1928 1625 2009 frigoris
1650 1933 1686 1991 et

349 2035 504 2115 litigiosa
526 2036 655 2098 mulier
677 2040 940 2116 comparantur.
965 2036 1034 2122 Qui
1059 2038 1189 2098 retinet
1213 2055 1301 2109 eam,
1327 2038 1430 2115 quasi
1454 2038 1516 2116 qui
1540 2040 1684 2098 ventum

350 2143 480 2212 teneat,
505 2145 541 2204 et
565 2142 682 2203 oleum
716 2143 863 2205 dextere
886 2162 951 2205 sue
975 2146 1154 2206 evacuet»
1169 2140 1190 2204 ³.
1216 2176 1250 2184 -
1275 2141 1445 2222 Sequitur
1467 2145 1504 2205 in
1527 2145 1685 2223 capitulo

348 2256 472 2309 1me
480 2270 488 2310 :
530 2247 623 2310 ‹Vir
646 2250 707 2328 qui
731 2253 828 2311 amat
863 2251 1085 2329 sapienciam
1120 2249 1272 2312 letificat
1306 2252 1447 2329 patrem
1475 2269 1587 2321 suum,
1624 2250 1687 2330 qui

350 2358 470 2417 autem
486 2357 598 2418 nutrit
609 2360 768 2418 scortum
778 2357 908 2436 perdet
920 2358 1164 2419 substanciam
1177 2378 1191 2411 ³>
1206 2354 1228 2419 ⁴.
1253 2355 1291 2417 Si
1308 2359 1550 2426 communiter,
1567 2376 1686 2439 ymmo

349 2480 500 2542 semper,
548 2480 591 2523 ex
625 2465 905 2543 repugnantibus
940 2464 1130 2527 sentenciis
1168 2464 1362 2543 proverbia
1397 2463 1597 2525 Salomonis
1632 2465 1683 2526 bi·

349 2569 511 2630 membra
535 2574 803 2650 componuntur,
832 2573 990 2633 scortum
1014 2570 1166 2633 dicimus
1189 2561 1204 2653 Η
1226 2570 1354 2632 falsam
1378 2571 1588 2643 doctrinam,
1615 2590 1684 2651 que

348 2693 434 2737 vere
459 2677 640 2755 sapiencie
676 2678 895 2739 describitur
915 2679 1069 2739 inimica.
1111 2676 1226 2762 Quam
1251 2677 1364 2739 eciam
1395 2678 1497 2739 multi
1526 2682 1684 2740 scortum

349 2783 553 2844 nutrierunt
577 2784 614 2843 in
635 2784 711 2845 vita
734 2786 871 2863 absque
895 2785 1087 2847 amissione
1103 2775 1117 2867 Η
1140 2785 1345 2846 substancie
1369 2786 1587 2865 temporalis,
1617 2786 1684 2847 sed

349 2890 591 2951 scortancium
604 2890 760 2953 tradicio
775 2893 977 2971 preciosam
992 2892 1060 2953 viri
1077 2892 1236 2953 animam
1252 2892 1356 2972 rapit,
1380 2893 1683 2971 quemadmodum

350 3014 460 3076 supra
483 2997 600 3059 extitit
623 2998 825 3077 allegatum.

379 3092 383 3097 ’
460 3102 551 3165 Nolo
574 3105 621 3165 de
642 3105 757 3166 veteri
778 3101 1009 3167 Testamento
1033 3108 1192 3167 inserere
1215 3106 1330 3185 plura,
1359 3125 1425 3169 nec
1450 3108 1563 3168 eciam
1586 3107 1683 3186 glose
1699 3100 1749 3164 17·

350 3211 432 3270 sunt
453 3211 618 3290 apposite
640 3211 865 3284 insertorum,
900 3213 1028 3275 dantes
1052 3214 1101 3274 ad
1124 3216 1350 3293 propositum
1374 3214 1610 3275 clarissimum
1633 3214 1683 3275 in·

348 3316 540 3390 tellectum,
577 3318 724 3398 cupiens
747 3318 851 3380 buius
883 3320 1080 3398 questionis
1104 3321 1266 3383 ultimum
1297 3321 1486 3383 terminum
1513 3322 1683 3383 invenire.

455 3673 476 3740 ¹)
494 3676 553 3729 Les
571 3678 731 3742 questione
750 3678 976 3747 d'etymologie,
1002 3694 1123 3732 comme
1149 3680 1267 3733 chacun
1286 3680 1352 3743 sait,
1370 3680 1508 3747 jouaient
1527 3696 1570 3733 un
1587 3681 1685 3749 grand

347 3765 415 3817 rdle
439 3780 479 3818 au
503 3765 618 3835 Moyen
630 3766 703 3834 Age.
736 3767 783 3819 On
807 3781 848 3819 en
875 3767 981 3821 falsati
1006 3770 1179 3821 volontiers
1209 3784 1270 3822 une
1298 3772 1375 3822 base
1401 3770 1687 3841 d'argumentation

347 3854 434 3907 Dans
453 3870 487 3907 sa
504 3854 597 3907 lettre
616 3855 635 3907 a
652 3855 701 3909 ira
720 3856 756 3909 G.
777 3856 817 3909 da
835 3856 1045 3920 Samminiato,
1066 3858 1209 3911 Coluccio
1226 3858 1357 3912 Salutati
1375 3859 1521 3913 ecrirait:
1543 3859 1685 3913 <Scimus

348 3958 369 3995 a
398 3946 548 3996 merendis
579 3948 786 4010 nequiciarum
818 3947 1033 4013 libidinumque
1068 3951 1198 4013 premiis
1237 3951 1409 4001 meretrices
1448 3952 1548 4001 dictas
1581 3965 1646 4002 esse
1661 3968 1684 4012 ι,

348 4031 537 4099 Epistolario
554 4035 587 4085 di
604 4033 635 4086 C.
649 4032 749 4096 s.,1v‚
768 4035 821 4087 lib.
833 4035 911 4098 XIV,
932 4036 1019 4103 epist.
1038 4036 1146 4097 XXIII,
1167 4051 1196 4103 p.
1216 4036 1276 4089 192.
1302 4036 1390 4090 Cette
1409 4038 1596 4106 etymologia
1609 4038 1683 4091 erait

348 4121 529 4187 emprunte'e
547 4120 566 4173 a
584 4122 703 4189 Papias,
722 4124 862 4176 Lexieon.
883 4125 1037 4178 Domiuici
1055 4142 1095 4178 au
1113 4126 1268 4179 contraire
1287 4127 1406 4179 semble
1425 4126 1518 4179 s'etre
1543 4128 1625 4181 servi
1644 4130 1684 4181 de

346 4210 555 4278 l¹dtymologie
572 4211 696 4265 donnee
709 4227 767 4278 par
785 4213 890 4265 Balbi:
920 4217 1107 4267 «meretrix.
1125 4252 1131 4266 .
1146 4252 1174 4266 ..
1197 4218 1340 4279 scorium,
1359 4219 1451 4281 qnasi
1469 4231 1530 4281 pro
1548 4220 1684 4271 mercede

347 4300 497 4351 hominem
523 4303 673 4353 tricena».
707 4302 787 4353 Rien
811 4302 992 4356 d’etonnanr
1017 4319 1077 4371 que
1103 4304 1257 4357 DomInici
1275 4305 1319 4357 ait
1336 4306 1408 4371 opte'
1427 4320 1508 4372 pour
1537 4307 1618 4358 cette
1637 4322 1683 4359 se·
1769 4346 1771 4351 .

348 4389 448 4441 conde
466 4389 661 4458 etymologie,
685 4406 739 4443 car
757 4391 856 4454 Balbi,
881 4388 900 4457 †
920 4392 997 4456 1298,
1025 4408 1127 4446 connu
1153 4394 1237 4447 aussi
1263 4408 1336 4447 sous
1361 4394 1392 4446 le
1410 4409 1483 4448 nom
1503 4395 1544 4446 de
1562 4396 1612 4447 Fr.
1633 4396 1683 4449 Jo-

347 4476 467 4530 hannes
492 4479 532 4530 de
550 4478 650 4531 Ianua
668 4479 744 4532 etait
762 4495 805 4532 un
822 4482 1020 4544 dominicain,
1038 4482 1114 4535 dont
1132 4482 1163 4533 le
1182 4483 1271 4545 livre,
1299 4483 1420 4536 iutitule
1436 4483 1562 4537 Summa
1582 4495 1683 4553 gram·

348 4568 501 4619 muriculis
523 4583 603 4633 qnae
621 4571 749 4621 vocatur
768 4569 953 4632 Catholicon,
977 4572 1061 4624 avait
1080 4572 1130 4624 ete
1149 4572 1293 4639 composi
1312 4573 1368 4625 des
1389 4572 1469 4627 1286.
1506 4573 1566 4626 Sur
1584 4574 1683 4639 Balbi,

347 4654 384 4709 ci.
403 4653 678 4729 Quiriti-'Beuum
698 4657 869 4724 Scriptores
890 4657 1014 4713 Ordinis
1033 4661 1369 4725 Praedicatonrm,t.1,
1389 4662 1498 4729 12462.

456 4743 477 4810 ²)
495 4746 592 4798 Pour:
611 4750 813 4814 marsupium.

455 4830 476 4898 ¹¹)
495 4832 539 4887 Cf.
557 4836 710 4898 Proverb,
728 4836 850 4901 XXVII,
870 4837 963 4890 1546.

454 4920 476 4989 ⁴)
494 4921 539 4976 Cf.
557 4924 796 4988 Ibid.,XXV111,
814 4924 840 4979 3.
