4300 6117
438 823 502 886 152
627 779 630 788 ’
946 836 1105 891 nucum
1127 835 1266 890 nocns

436 1074 525 1117 vera
558 1058 763 1130 ostendere,
795 1078 865 1139 que
896 1077 983 1121 vera
1015 1063 1098 1122 sunt
1130 1058 1223 1121 falsa
1253 1060 1519 1123 demonstrare.
1566 1059 1680 1134 Hancn
1709 1061 1775 1140 qui

435 1163 561 1235 sciunt,
578 1167 715 1226 ceteros
732 1166 964 1246 despiciendo
981 1167 1214 1247 superbiunt;
1241 1167 1331 1228 hanc
1348 1167 1409 1247 qni
1425 1167 1597 1239 nesciunt,
1615 1167 1769 1229 subiecti

437 1272 473 1331 et
497 1270 611 1331 timidi
633 1272 670 1333 in
693 1272 771 1334 aliis
796 1273 930 1353 ipsam·
956 1274 1142 1335 mirantur.
1166 1273 1244 1336 Hec
1277 1275 1346 1336 sibi
1379 1275 1660 1353 obsequentibus
1692 1293 1771 1354 pre·

437 1376 524 1456 cipit
545 1377 718 1439 bonorum
742 1379 895 1442 culmina
919 1398 1081 1459 querere,
1106 1381 1240 1460 adepta
1252 1382 1459 1461 temporalis
1481 1382 1593 1461 glorie
1613 1382 1776 1443 vanitate

437 1485 601 1562 gaudere,
626 1485 782 1565 irrogata
804 1487 852 1549 ab
875 1487 955 1549 aliis
995 1488 1090 1549 mala
1112 1489 1342 1568 multiplicius
1375 1488 1538 1559 reddere,
1573 1506 1654 1550 cum
1677 1489 1772 1550 vires

438 1593 605 1671 supetunt
642 1593 748 1655 nullis
786 1595 1034 1656 resistentibus
1070 1595 1210 1665 cedere,
1251 1614 1332 1656 cum
1369 1595 1511 1657 virtutis
1552 1595 1777 1675 possibilitas

365 1759 369 1770 ,
439 1699 549 1770 deest,
575 1700 745 1779 quicquid
768 1720 834 1780 per
856 1701 1034 1762 maliciam
1073 1701 1218 1782 explere
1240 1720 1312 1763 non
1335 1701 1441 1775 valet,
1471 1702 1537 1764 hoc
1560 1703 1597 1764 in
1620 1702 1774 1782 pacifica

439 1806 599 1868 bonitate
622 1806 835 1870 simulare.»
860 1806 908 1870 Et
931 1811 1051 1870 cetera
1075 1809 1127 1870 ibi
1140 1805 1160 1870 ¹.

393 1907 424 1972 8.
550 1912 729 1976 Promissa
760 1918 912 1995 poscunt
946 1918 986 1977 ut
1018 1916 1246 1978 describatur
1279 1935 1388 1978 usus.
1426 1914 1493 1977 Est
1525 1918 1646 1978 autem
1675 1916 1773 1977 iuxta

438 2018 634 2100 Augustini,
673 2021 765 2083 libro
811 2021 872 2084 De
910 2022 1116 2085 Doctrina
1153 2022 1395 2103 Xpistiana,
1434 2023 1774 2085 determinationem

441 2128 635 2189 sinceram:
673 2147 687 2182 α
713 2128 830 2190 Alicui
860 2130 913 2192 rei
945 2149 1067 2192 amore
1098 2130 1262 2193 inherere
1294 2133 1444 2211 propter
1473 2130 1635 2193 debitum
1666 2127 1777 2191 linem

441 2234 596 2297 mediate
619 2235 676 2297 vel
699 2236 904 2298 immediate
926 2235 1125 2310 fruendam,
1151 2239 1212 2317 qui
1235 2241 1290 2300 est
1313 2239 1409 2300 solus
1425 2236 1561 2299 Deus».
1586 2235 1689 2298 Unde
1705 2235 1775 2297 irui

319 2343 353 2374 '⁰
441 2343 658 2405 describitur
673 2333 687 2426 {l
712 2361 791 2406 esse
814 2344 1081 2406 sentencialiter
1110 2345 1155 2405 ab
1173 2345 1337 2410 eodem:
1376 2344 1535 2406 ‹Alicui
1566 2345 1620 2406 rei
1653 2362 1776 2406 amore

440 2450 603 2511 inherere
626 2453 775 2530 propter
798 2451 953 2531 seipsam
972 2450 1013 2512 »ἢ
1039 2449 1145 2536 Quod
1166 2454 1250 2513 tunc
1272 2471 1344 2513 non
1374 2451 1566 2531 ambigitur
1598 2469 1678 2513 esse
1699 2451 1774 2512 lici·

441 2561 524 2628 tum,
551 2575 631 2618 cum
653 2558 726 2619 eius
759 2559 811 2619 rei
844 2562 900 2620 est
929 2577 1001 2638 qna
1029 2558 1127 2620 licite
1157 2560 1276 2638 potest
1304 2559 1469 2621 voluntas
1502 2557 1663 2638 qualibet
1693 2558 1775 2619 irui.

441 2662 500 2727 Sic
524 2665 637 2726 omnis
660 2683 745 2728 usns
771 2668 824 2728 est
847 2666 976 2737 licitus,
1001 2665 1188 2744 omnisque
1212 2667 1346 2727 abusus
1369 2664 1581 2745 prohibitus.
1609 2663 1657 2727 Et
1681 2665 1779 2726 simi·

440 2772 531 2843 liter,
557 2772 715 2850 quelibet
737 2770 864 2833 fruicio
889 2775 943 2834 est
967 2790 1138 2834 concessa
1162 2775 1198 2834 et
1221 2773 1397 2835 abirnicio
1420 2772 1605 2852 denegata.
1633 2768 1672 2832 Si
1695 2790 1776 2852 pro·

440 2879 572 2940 ximum
604 2878 711 2958 diligo
741 2882 891 2960 propter
923 2878 1047 2952 Deum,
1080 2882 1171 2950 utor,
1205 2879 1236 2941 si
1265 2882 1415 2959 propter
1438 2898 1495 2941 me
1526 2881 1588 2940 aut
1622 2878 1776 2958 quodvis

442 2985 664 3048 commodum
688 3005 759 3047 non
774 2987 927 3048 relatum
942 2987 979 3047 in
994 2985 1118 3058 Deum,
1135 2988 1266 3049 abutor
1290 2985 1442 3048 eodem»
1456 2984 1477 3047 ³.
1505 2985 1543 3047 Si
1558 3005 1644 3048 vero
1661 2985 1778 3048 Deum

442 3093 549 3173 diligo
581 3095 729 3173 propter
760 3094 997 3173 semetipsum.
1030 3095 1129 3155 recte
1158 3095 1267 3155 truor.
1295 3090 1333 3154 Si
1364 3111 1451 3155 vero
1484 3112 1565 3155 eum
1593 3095 1710 3155 refero
1740 3094 1781 3154 in

442 3201 551 3263 alium
573 3201 690 3271 linem.
715 3202 853 3271 abutor,
886 3219 929 3262 ac
960 3201 990 3262 si
1022 3219 1079 3262 me
1108 3201 1166 3262 vel
1197 3201 1383 3280 quidpiam
1413 3219 1457 3262 ex
1488 3201 1663 3263 creaturis
1696 3219 1777 3262 amo

442 3310 592 3387 propter
614 3309 730 3388 ipsum
752 3311 910 3370 amatum
933 3308 1052 3369 abirui
1075 3308 1209 3369 dicitur
1229 3310 1445 3387 generatum.

398 3400 428 3463 9·
549 3413 626 3476 Hec
650 3415 841 3488 distinctio,
868 3415 919 3476 sic
941 3415 989 3476 ad
1005 3415 1220 3477 brevitatem
1232 3414 1390 3486 redacta,
1405 3415 1537 3476 clarius
1557 3414 1780 3477 dubitacioni

444 3524 579 3584 certam
603 3523 871 3601 responsionem
894 3522 1081 3584 ministrat.
1106 3519 1259 3583 Licitum
1282 3525 1336 3583 est
1360 3522 1454 3583 enim
1477 3523 1573 3583 omni
1592 3540 1632 3584 re
1657 3525 1779 3584 creata

444 3629 506 3701 uti,
531 3629 596 3690 sed
619 3647 690 3690 non
711 3629 821 3691 abuti.
843 3628 949 3690 Nulla
973 3630 1140 3690 creatura
1174 3628 1270 3690 licite
1304 3646 1493 3709 possumus
1526 3621 1680 3699 ahiroth
1714 3647 1781 3690 nec

443 3737 604 3797 increata
628 3736 680 3797 uti
715 3736 773 3798 vel
803 3735 912 3797 abuti.
943 3734 1113 3797 Dicamus
1144 3747 1228 3815 ergo
1264 3735 1402 3814 aliquos
1437 3736 1583 3797 studere
1614 3740 1779 3798 auctores

444 3843 591 3923 gentiles
615 3845 763 3923 propter
785 3841 909 3913 Deum,
934 3843 1024 3904 alios
1055 3843 1132 3904 sine
1163 3842 1285 3921 aliqua
1319 3843 1529 3922 particulari
1559 3842 1781 3923 aplicacione

444 3950 493 4013 ad
516 3950 672 4028 aliquem
694 3951 811 4021 finem,
836 3949 1024 4011 nonnullos
1059 3952 1209 4029 propter
1232 3950 1516 4028 consequendos·
1535 3950 1689 4012 honores
1722 3951 1781 4012 vel

444 4075 616 4129 nummos,
641 4059 779 4119 ceteros
804 4058 953 4137 propter
974 4057 1090 4136 ipsam
1123 4057 1297 4118 lecturam
1331 4057 1425 4136 qnia,
1451 4057 1597 4126 scilicet.
1622 4058 1780 4138 legentes

446 4165 611 4238 delectat,
636 4165 811 4244 quosdam
834 4167 955 4226 autem
975 4166 1015 4225 ut
1038 4163 1154 4225 sciant
1177 4164 1297 4225 iacere
1319 4165 1423 4226 mala.
1449 4163 1523 4226 Soli
1547 4165 1654 4244 primi
1677 4168 1779 4226 utun·

446 4274 505 4334 tur
528 4275 563 4334 et
586 4272 722 4334 licitum
745 4273 799 4333 est
822 4272 884 4341 eis,
901 4271 1106 4351 quinymmo
1132 4271 1360 4345 meritorium,
1375 4272 1471 4334 circa
1493 4261 1509 4354 ΙΙ
1535 4272 1573 4334 id
1596 4271 1780 4334 deversari

554 4654 586 4715 a)
606 4667 640 4696 =
660 4651 727 4704 sibi.
767 4652 798 4713 b)
818 4667 852 4697 =
871 4651 966 4703 abuti.

554 4827 574 4893 ¹)
594 4828 736 4882 GREGOR.
751 4827 857 4880 Maon.
872 4829 983 4881 Mornl.
995 4828 1032 4890 X,
1044 4837 1130 4880 xxlx.
1145 4827 1277 4880 Citation
1285 4827 1482 4895 incomplete.
1496 4827 1606 4896 Migne,
1617 4830 1637 4881 t.
1650 4827 1782 4890 Lxxv1,

447 4917 503 4970 col.
522 4917 585 4970 947.

555 5004 575 5074 Υ)
594 5008 625 5062 S.
646 5007 727 5061 Aue.
747 5009 794 5060 De
811 5009 960 5060 Doctrina
978 5008 1082 5059 christ.
1101 5007 1125 5071 Ι,
1146 5015 1187 5059 lv.
1206 5007 1243 5058 In
1263 5005 1364 5073 oper„
1381 5006 1433 5070 111,
1451 5006 1495 5070 20,
1513 5007 1557 5058 21.

556 5094 576 5162 Β)
595 5097 654 5151 Sur
669 5111 722 5150 ces
740 5096 933 5149 distinctions
952 5097 1040 5149 entre
1059 5099 1105 5148 uti
1121 5097 1152 5148 et
1166 5093 1243 5160 frui,
1261 5095 1299 5148 cl.
1318 5095 1349 5148 S.
1369 5092 1476 5148 Tuom.
1505 5097 1541 5148 ln
1560 5096 1573 5148 1
1592 5094 1675 5148 Sent.
1696 5095 1734 5148 D.
1753 5095 1776 5147 1.
