4300 6117
465 934 530 996 350
980 946 1140 999 LUCULA
1162 945 1302 999 NOCTIS

461 1188 532 1229 non
567 1170 672 1230 aliter
695 1169 742 1230 de
763 1169 832 1230 hiis
854 1170 952 1248 loqui
976 1172 1039 1231 aut
1061 1170 1099 1231 in
1122 1170 1219 1249 ipsas
1241 1171 1461 1250 speculando
1485 1171 1663 1243 incedere,
1689 1190 1797 1251 quam

462 1276 555 1336 sicut
578 1295 670 1337 nunc
687 1279 768 1337 sunt
784 1277 915 1338 situate
931 1276 1113 1338 debemus.
1131 1309 1171 1318 —
1182 1276 1300 1338 Prime
1316 1279 1431 1357 partis
1448 1278 1610 1340 novimus
1623 1279 1795 1340 cultorem

463 1380 689 1456 Platonem,
714 1384 745 1445 si
769 1402 840 1445 non
862 1384 987 1463 pocius
1003 1386 1050 1445 ab
1066 1383 1237 1445 Hermete
1253 1385 1429 1446 voluimus
1446 1386 1591 1447 inicium
1604 1386 1794 1457 extimare:

463 1490 620 1551 secunda
643 1501 809 1570 magnum
825 1488 1044 1552 Socratem
1060 1493 1255 1553 veneratur
1266 1495 1471 1572 patronum;
1495 1493 1645 1553 terciam
1660 1511 1796 1553 summe

461 1595 718 1658 Aristoteles
742 1598 927 1677 ampliavit
940 1617 947 1671 ;
972 1597 1166 1660 Plotinus
1179 1616 1266 1661 vero
1282 1598 1428 1679 singulis
1440 1600 1604 1678 partibus
1617 1599 1796 1661 subtiliter

462 1704 651 1777 insudavit,
677 1706 723 1766 de
754 1723 824 1784 quo
857 1706 924 1766 sub
957 1706 1099 1767 nomine
1135 1705 1281 1784 quidam
1311 1706 1438 1767 scribit
1466 1705 1669 1779 Hermetes,
1702 1703 1795 1781 (cum

461 1814 581 1872 tamen
604 1811 664 1873 ille
687 1810 839 1873 Hermes
862 1808 1094 1892 TrimegIstus
1117 1811 1318 1873 Mercurius
1342 1814 1444 1873 annis
1467 1811 1543 1874 iere
1564 1813 1660 1874 mille
1672 1813 1795 1875 volunt

460 1922 621 1979 mortuus
645 1919 692 1980 sit
726 1922 811 1980 ante
844 1920 1067 1981 nativitatem
1100 1914 1217 1993 istius)
1247 1920 1390 1982 dicens:
1415 1918 1576 1982 Plotinus
1607 1920 1794 1999 singularis

460 2024 692 2105 philosophus
717 2043 807 2104 quas
830 2026 1065 2106 phylosophie
1088 2029 1211 2105 partes
1234 2044 1306 2086 non
1341 2027 1468 2106 attigit,
1493 2045 1573 2088 cum
1606 2027 1681 2090 eius
1711 2027 1794 2089 doc·

461 2132 590 2192 trinam
614 2132 687 2193 vite
712 2135 948 2212 sequerentur
971 2134 1132 2213 insignia,
1161 2134 1222 2212 qui
1238 2133 1384 2195 tandem
1400 2134 1592 2197 solitudine
1607 2136 1712 2207 lecta,
1728 2134 1795 2195 soli

461 2238 581 2300 divine
604 2226 824 2301 institucioni
847 2239 949 2301 dedit
971 2258 1118 2319 operam
1142 2240 1392 2301 admirandam
1404 2237 1425 2301 ¹.

414 2339 444 2401 2·
565 2346 655 2407 Nolo
689 2346 907 2408 contendere
944 2347 990 2408 de
1020 2347 1222 2409 nominibus
1252 2346 1315 2409 ubi
1346 2348 1479 2409 veritas
1515 2349 1686 2427 queritur,
1711 2366 1793 2408 nam

460 2452 555 2513 idem
579 2456 633 2514 est
666 2454 717 2514 sic
753 2454 963 2533 triphariam
995 2453 1268 2535 phylosophiam
1307 2453 1525 2524 distinxisse,
1565 2454 1662 2533 quod
1697 2454 1794 2533 apud

460 2558 645 2622 Platonem
668 2560 940 2641 phylosophiam
964 2561 1102 2622 dividi:
1126 2562 1163 2622 in
1186 2561 1367 2631 moralem,
1393 2567 1462 2640 que
1485 2562 1522 2623 in
1546 2562 1686 2622 actione
1715 2580 1791 2621 ver·

460 2669 574 2740 satur;
600 2668 635 2728 in
658 2668 868 2739 naturalem,
894 2686 964 2747 que
980 2668 1280 2748 contemplacioni
1296 2657 1310 2751 'l
1336 2668 1549 2748 deputatur,
1575 2671 1610 2730 et
1628 2669 1665 2729 in
1681 2670 1792 2730 racio·

460 2774 585 2845 nalem,
611 2793 683 2854 qua
706 2793 831 2836 verum
854 2775 1086 2836 discernitur²
1100 2794 1123 2835 a
1146 2773 1248 2847 falso,
1273 2775 1366 2837 sicut
1389 2777 1543 2837 testatur
1565 2774 1791 2855 Augustinus

459 2879 578 2941 XVlII
612 2881 671 2943 De
710 2880 797 2943 Civ.
837 2880 923 2952 Dei,
965 2900 1007 2943 ex
1040 2882 1140 2943 cuius
1164 2882 1270 2943 dictis
1304 2883 1379 2943 lere
1403 2872 1419 2964 ll
1444 2884 1557 2943 totum
1591 2883 1793 2962 presentem

459 2989 649 3050 articulum
674 2988 813 3050 eliciam
837 2989 883 3050 de
906 2989 998 3050 libro
1022 2990 1173 3068 prefato,
1199 2989 1347 3050 tediosis
1364 2989 1641 3069 allegacionibus
1657 2992 1793 3069 preter·

458 3096 575 3156 missis
587 3094 607 3155 ².

569 3201 725 3264 Primam
764 3201 988 3282 philosophie
1019 3202 1243 3282 particulam,
1280 3221 1387 3282 quam
1422 3204 1625 3282 nuncupavi
1668 3202 1794 3264 theo·

458 3310 619 3389 logiam,
642 3307 826 3371 Varroni
846 3310 976 3371 cedens
988 3306 1008 3381 ³,
1026 3309 1205 3389 distinguo
1221 3311 1257 3370 in
1274 3288 1589 3372 -fabulosam
1604 3310 1680 3371 sive
1696 3310 1793 3371 thea-

458 3417 594 3489 tricam,
609 3449 647 3456 -
661 3418 896 3479 naturalem
912 3435 975 3477 seu
992 3417 1250 3495 speculativam
1267 3417 1350 3478 solis
1367 3416 1586 3497 philosophis
1607 3416 1793 3497 speculan-

458 3524 562 3596 tibus,
580 3525 638 3585 vel
652 3524 689 3585 in
706 3524 779 3586 suis
796 3524 901 3585 scolis
916 3524 1183 3603 disputantibus
1200 3527 1430 3596 reservatam,
1449 3560 1490 3567 —
1508 3526 1542 3585 et
1565 3525 1603 3585 in
1625 3523 1793 3585 civilem

457 3632 515 3692 vel
538 3634 712 3693 urbanam
742 3631 991 3692 sacerdotibus
1021 3634 1056 3692 et
1084 3629 1271 3692 sacrificiis
1303 3631 1575 3693 commodatam.
1604 3661 1644 3672 -
1671 3630 1793 3692 Prima

458 3738 550 3799 ludit
572 3739 608 3799 in
633 3737 783 3800 theatris
808 3738 844 3799 in
867 3738 1032 3798 iniuriam
1056 3738 1215 3809 deorum,
1233 3738 1392 3801 secunda
1415 3739 1543 3818 strepit
1566 3739 1603 3799 in
1625 3739 1793 3818 gignasiis

460 3848 520 3907 aut
556 3846 735 3907 mentibus
770 3845 987 3907 tumencium
1009 3845 1322 3925 phylosophorum,
1359 3845 1424 3906 sed
1471 3846 1584 3907 tercia
1621 3848 1719 3906 errat
1758 3846 1794 3905 in

459 3953 600 4032 templis
624 3951 744 4014 iaustu
768 3952 1022 4014 demoniorum.
1049 3950 1168 4036 Quero
1192 3953 1238 4014 ab
1262 3953 1470 4013 auctoribus
1495 3952 1587 4015 eius:
1611 3950 1793 4031 Numquid

461 4146 673 4153 ——-—-——-.

567 4325 599 4385 a)
620 4338 654 4368 =
674 4322 869 4375 discernitur.

567 4500 587 4567 ¹)
605 4503 732 4565 PLoTIN,
750 4503 889 4555 Enneud.
909 4502 960 4564 III,
978 4502 1048 4554 Did.
1066 4517 1096 4568 p.
1116 4502 1207 4565 1415,
1232 4501 1358 4553 divisait
1381 4500 1465 4553 aussi
1484 4499 1514 4552 la
1537 4500 1733 4567 philosophie
1752 4516 1792 4553 en

457 4592 647 4658 dialecltque,
668 4594 820 4658 phyquue
838 4593 869 4644 et
888 4589 1016 4658 e'thtque.
1035 4591 1114 4643 Mais
1132 4604 1211 4657 pour
1228 4590 1282 4651 lui,
1308 4591 1339 4643 la
1362 4590 1542 4654 dialecthue
1561 4591 1742 4656 represente
1760 4589 1792 4643 la

458 4678 696 4747 metaphysique.
719 4679 763 4733 cl.
781 4680 922 4743 MANSER,
947 4698 995 4747 op.
1015 4682 1063 4732 cit.
1085 4680 1128 4732 27.

565 4766 586 4836 t)
605 4769 635 4822 S.
645 4770 723 4824 AUR.
734 4770 815 4824 AUG.
827 4770 874 4822 De
886 4770 968 4822 curt.
977 4771 1042 4833 Dei,
1052 4769 1131 4832 VIII,
1139 4779 1174 4821 lv
1185 4766 1259 4837 [non
1265 4765 1389 4836 xvim:
1403 4788 1416 4813 ‹
1425 4769 1560 4822 Proinde
1572 4770 1661 4822 Plato
1674 4771 1792 4823 utrum·

457 4875 519 4927 que
536 4858 691 4928 jungendo
710 4858 939 4926 philosophiam
957 4858 1127 4925 perfecisse
1145 4859 1298 4923 laudatur,
1320 4874 1412 4926 quam
1430 4859 1463 4911 in
1481 4860 1545 4911 tres
1563 4860 1670 4925 partes
1688 4859 1791 4911 distri·

459 4950 540 5002 buit:
561 4963 656 5001 unam
673 4948 833 5011 moralem,
851 4963 933 5015 quae
950 4948 1086 5001 maxime
1104 4949 1137 5000 tn
1156 4949 1277 5001 actione
1289 4949 1449 5010 versatur,
1471 4949 1601 5000 alteram
1617 4950 1792 5002 naturalem

459 5053 539 5106 qnae
564 5038 817 5104 contemplationi
841 5038 989 5104 deputata
1014 5039 1077 5101 est,
1105 5038 1231 5090 tertiam
1255 5038 1448 5102 rationalem,
1472 5053 1534 5105 qua
1551 5053 1661 5091 verum
1679 5037 1791 5090 dister-

457 5128 592 5181 minatur
611 5142 628 5178 a
647 5126 761 5179 ialso».
787 5128 822 5180 In
843 5126 933 5194 Oper.
952 5128 973 5179 t.
992 5126 1055 5190 VII,
1075 5128 1133 5179 col.
1151 5127 1212 5179 228.

567 5213 587 5281 v)
607 5215 651 5269 CI.
670 5218 717 5269 De
738 5215 822 5269 civit.
841 5218 906 5279 Del,
926 5216 975 5281 VI,
993 5226 1025 5268 v.
1049 5218 1106 5269 col.
1127 5216 1179 5269 180
1196 5232 1241 5284 sq.
