4300 6117
869 923 1056 977 IOHANNIS
1079 923 1260 978 DOMINICI
1669 915 1736 978 109

487 1145 542 1209 De
564 1145 684 1228 Xpisti
706 1164 850 1226 quoque
872 1147 1125 1210 incarnacione
1148 1150 1183 1209 et
1207 1148 1374 1228 passione
1407 1148 1577 1210 nonnulla
1614 1148 1735 1210 claris·
1751 1144 1805 1208 10.

403 1254 494 1315 sima
517 1256 636 1316 estant
658 1253 873 1317 testimonia.
897 1252 997 1327 Nam,
1022 1254 1085 1315 ubi
1107 1253 1197 1316 dixit
1219 1253 1410 1335 Virgilius:

844 1426 857 1451 «
878 1408 943 1461 Iam
962 1409 1042 1462 redit
1061 1410 1093 1462 et
1110 1409 1232 1477 virgo...
1246 1406 1288 1472 »ἰ

392 1555 514 1636 placet
539 1533 736 1635 Augustino
769 1555 867 1634 quod
897 1573 982 1618 usus
1017 1556 1064 1618 sit
1085 1556 1255 1618 vaticinio
1286 1554 1443 1619 Cumano
1466 1555 1600 1629 Sibille,
1639 1557 1737 1618 iuxta

394 1661 495 1724 illum
520 1662 680 1725 eiusdem
703 1662 944 1724 versiculum:

698 1835 710 1862 ⁸
731 1819 846 1874 Ultima
864 1818 971 1871 Cumei
989 1819 1076 1872 venit
1094 1819 1156 1871 iam
1174 1818 1319 1871 carminis
1337 1820 1405 1872 etas
1419 1815 1460 1870 »Ἰ

395 1973 504 2036 Cuius
532 1972 689 2037 Cumane
715 1974 798 2036 libri
825 1976 891 2037 sub
919 1969 1113 2053 Tarquino‚
1142 1975 1221 2054 ipsa
1244 1974 1396 2046 vivente,
1423 1975 1538 2036 tribus
1567 1975 1736 2056 exceptis,

395 2083 457 2161 qui
495 2083 639 2145 demum
673 2084 806 2143 sortem
839 2083 1058 2161 acceperunt
1090 2081 1251 2152 eandem,
1299 2082 1475 2143 combusti
1512 2084 1604 2155 sunt,
1644 2083 1736 2144 sicut

385 2189 556 2250 scribunt
594 2189 683 2250 certi
719 2191 885 2250 auctores
918 2208 926 2251 :
976 2187 1146 2250 Valerius
1164 2186 1196 2260 ³,
1232 2186 1394 2260 Solinus,
1440 2186 1656 2250 Ysidorus⁴
1697 2193 1732 2252 el

395 2296 526 2376 plures.

483 2401 619 2464 Volunt
642 2405 809 2483 preterea
831 2401 1040 2464 Lactantius
1060 2399 1072 2437 ⁵
1107 2402 1143 2463 et
1167 2399 1411 2482 Augustinus6
1438 2402 1546 2463 aliam
1571 2401 1801 2472 Sibillam11,

395 2508 470 2581 hec,
496 2527 567 2588 que
582 2511 789 2588 sequuntur,
814 2509 977 2590 posuisse
993 2508 1039 2570 de
1055 2506 1194 2589 Xpisto,
1219 2525 1329 2587 quum
1344 2509 1391 2570 de
1405 2509 1477 2602 alio
1493 2527 1564 2570 non
1584 2513 1734 2589 possunt

397 2617 525 2697 exponi
542 2637 549 2679 :
577 2633 591 2666 s
608 2615 648 2677 In
671 2633 796 2678 manus
820 2616 962 2694 iniquas
977 2615 1140 2676 fidelium
1156 2617 1283 2694 postea
1298 2615 1439 2678 veniet:
1456 2615 1594 2677 dabunt
1615 2619 1736 2678 autem

396 2721 472 2784 Deo
496 2723 621 2802 alapas
645 2723 808 2785 manibus
842 2722 999 2796 incestis,
1035 2725 1071 2783 et
1105 2723 1245 2800 impuro
1280 2740 1343 2784 ore
1376 2725 1506 2801 spuent
1539 2725 1737 2784 venenatos

396 2833 542 2910 sputus:
568 2829 670 2892 dabit
693 2833 729 2892 el
746 2830 794 2891 ad
810 2829 965 2891 verbera
979 2828 1190 2909 simpliciter
1206 2829 1352 2890 dorsum
1368 2847 1480 2891 suum.
1504 2828 1551 2891 Et
1566 2829 1738 2909 colaphos

396 2937 586 3018 accipiens,
611 2937 755 3008 tacebit,
781 2954 827 2997 ne
849 2936 929 3015 quis
953 2939 1134 3016 agnoscat,
1151 2936 1250 3015 quod
1265 2937 1424 3006 verbum,
1445 2936 1503 2998 vel
1518 2936 1614 2998 unde
1630 2937 1737 3008 venit,

397 3046 436 3105 ut
458 3042 584 3106 interis
608 3043 786 3123 loquatur,
804 3044 840 3105 et
865 3061 998 3105 corona
1021 3044 1146 3122 spinea
1171 3045 1371 3104 coronetur.
1395 3041 1454 3104 Ad
1478 3043 1596 3104 cibum
1619 3047 1740 3105 autem

397 3149 454 3223 lei,
473 3152 509 3212 et
524 3151 573 3212 ad
590 3151 686 3212 silim
702 3153 844 3213 acetum
860 3150 1061 3213 dederunt:
1078 3149 1372 3230 inhospitalitatis
1383 3148 1475 3211 hanc
1487 3151 1739 3212 monstrabunt

397 3275 566 3320 mensam.
591 3256 675 3336 Ipsa
699 3258 792 3326 enim
815 3257 987 3337 insipieus
1024 3267 1112 3336 gens
1140 3254 1255 3318 Deum
1288 3259 1388 3318 tuum
1418 3276 1489 3319 non
1522 3257 1738 3329 intellexisti,

398 3363 580 3426 ludentem
603 3365 805 3427 mortalium
829 3364 1024 3435 mentibus,
1054 3363 1120 3425 sed
1143 3363 1254 3444 spinis
1279 3364 1468 3436 coronasti,
1498 3367 1534 3425 et
1555 3362 1740 3425 horridum

398 3469 446 3532 iel
469 3471 664 3533 miscuisti!
703 3466 844 3551 Templi
866 3489 953 3532 vero
977 3469 1098 3532 velum
1122 3470 1326 3532 scindetur:
1361 3489 1430 3532 nox
1454 3470 1522 3532 erit
1545 3471 1741 3533 tenebrosa

399 3578 502 3640 nimis
525 3579 562 3639 in
592 3579 708 3641 tribus
742 3578 849 3640 horis.
886 3577 934 3639 Et
967 3581 1086 3639 morte
1109 3577 1284 3639 morietur
1313 3578 1428 3639 tribus
1451 3578 1588 3649 diebus,
1614 3596 1739 3641 somno

399 3688 584 3765 suscepto:
610 3688 645 3747 et
661 3687 754 3757 tunc,
774 3686 820 3747 ab
836 3683 959 3746 inieris
977 3696 1161 3765 regressus
1178 3684 1228 3745 ad
1242 3685 1368 3757 lucem.
1384 3685 1504 3747 veniel
1520 3685 1668 3766 primus,
1685 3704 1739 3747 re·

400 3792 630 3854 surrectionis
646 3791 823 3872 principio
839 3791 1017 3854 revocatis
1035 3793 1219 3853 ostenso».
1236 3824 1275 3832 -
1291 3789 1497 3853 Erithea⁷
1516 3809 1662 3872 quoque
1678 3811 1739 3854 an·

399 3899 508 3977 tiquis
530 3900 644 3960 fertur
668 3899 825 3960 dixisse:
853 3897 924 3958 «ln
949 3898 1073 3960 ultima
1099 3900 1195 3960 etate
1218 3897 1471 3960 humanabitur
1497 3897 1604 3971 Dens,
1629 3899 1740 3960 humi·

400 4004 547 4067 liabitur
569 4005 689 4084 proles
712 4005 844 4078 divina,
868 4003 1035 4085 fungetur
1057 4005 1271 4067 humanitati
1292 4004 1427 4078 Deitas,
1450 4006 1582 4068 iacebit
1605 4007 1642 4066 in
1657 4003 1739 4067 feno

401 4123 520 4191 agnus,
538 4114 575 4174 et
590 4113 742 4192 puellari
755 4111 876 4174 officio
901 4113 1117 4174 educabitur
1137 4102 1151 4195 {i
1176 4111 1274 4174 Deus
1290 4115 1326 4174 et
1342 4112 1457 4174 horno.
1476 4145 1516 4153 —
1535 4110 1644 4193 Signa
1660 4131 1739 4194 pre·

402 4219 529 4281 cedent
562 4219 661 4299 apud
692 4218 865 4300 Appellas
891 4219 1050 4282 :mulier
1081 4219 1324 4282 vetustissima
1352 4220 1532 4301 prescium
1563 4220 1740 4299 concipiet

509 4645 530 4714 ¹)
550 4650 670 4702 Vmon..
691 4651 798 4719 Eolog.
817 4651 867 4714 IV,
885 4650 911 4704 ⁶.

510 4735 668 4804 ivnon„
689 4740 792 4808 Eelog.
809 4741 858 4804 Ν,
876 4739 902 4791 4.

512 4823 532 4892 ¹)
551 4827 595 4881 Ct.
614 4828 691 4880 VAI.
708 4829 796 4881 Max.
816 4829 838 4891 1,
857 4839 876 4891 1,
896 4829 1016 4883 observ.
1040 4830 1066 4882 1.

509 4915 531 4982 ⁴)
549 4917 620 4970 ism.
639 4918 771 4984 Etymol.
792 4917 870 4982 VIII,
888 4927 952 4981 vm,
970 4919 996 4971 5.
1014 4918 1051 4971 In
1069 4917 1160 4985 Oper.
1179 4918 1230 4982 111,
1249 4917 1311 4971 31⁰.

511 5002 532 5072 ὕ)
548 5007 757 5070 Llc'rANHUS,
776 5008 882 5070 Instit,
900 5007 951 5059 lib.
975 5006 1068 5069 1v,c.
1088 5007 1130 5069 18.
1151 5006 1195 5061 19.

490 5081 531 5160 'i
550 5095 579 5149 s,
597 5096 686 5160 Aue..
704 5098 752 5150 ne
775 5095 859 5149 orvu.
879 5097 945 5159 ner,
964 5095 1070 5161 xv111,
1089 5105 1174 5149 xxm
1193 5096 1229 5149 In
1250 5094 1340 5163 oper.
1359 5095 1423 5158 vn,
1440 5095 1501 5159 sao,
1519 5096 1584 5150 scr.

511 5180 631 5249 ¹)Pour
649 5185 804 5251 Erythron
813 5200 825 5248 ,·
840 5184 870 5238 8.
888 5186 969 5238 Auo.
988 5185 1035 5239 De
1055 5184 1140 5238 civit.
1160 5185 1227 5248 Dei,
1243 5185 1349 5248 XVlll,
1367 5194 1454 5250 xxm,
1471 5185 1533 5240 58⁰.
