4300 6117
873 1025 1061 1079 IOHANNIS
1084 1026 1265 1079 DOMINICI
1672 1016 1738 1079 269

513 1249 617 1312 Iuvat
640 1250 736 1312 idem
759 1250 903 1323 veritas,
940 1268 1048 1328 quam
1081 1250 1195 1311 eciam
1217 1250 1287 1329 ipsi
1310 1250 1421 1311 seculi
1444 1250 1513 1311 viri
1548 1253 1734 1313 noverunt.
1751 1249 1782 1311 6.

404 1356 466 1417 Ait
482 1357 584 1429 enim,
611 1357 647 1417 in
662 1358 754 1419 libro
769 1357 832 1418 De
856 1344 1077 1428 Officiis,
1104 1355 1290 1437 Cycero:
1317 1356 1529 1430 «omnibus,
1547 1359 1736 1438 exquibus

405 1463 542 1542 aliquid
564 1465 772 1543 acquiritur,
798 1463 906 1525 nichil
929 1466 984 1525 est
1008 1464 1226 1543 agricultura
1249 1465 1385 1535 melius,
1410 1464 1519 1525 nichil
1542 1465 1737 1527 utiliusve]

405 1570 557 1641 dulcius,
595 1572 702 1633 nichil
724 1570 865 1633 homine
888 1571 1003 1633 libero
1027 1570 1167 1651 dignius
1183 1591 1197 1622 ›
1213 1569 1233 1631 ¹.
1259 1604 1301 1611 —
1324 1570 1371 1633 Et
1393 1573 1522 1633 iterum
1547 1572 1644 1634 valet
1668 1591 1738 1651 que

405 1678 535 1739 dixerit
558 1679 595 1737 in
618 1678 754 1751 eodem,
779 1680 841 1740 ubi
860 1678 926 1740 ait:
955 1676 1097 1739 «Omne
1120 1681 1240 1739 autem
1264 1676 1423 1739 officium
1447 1679 1545 1757 quod
1568 1679 1616 1740 ad
1640 1680 1737 1742 iunc-

404 1785 537 1846 tionem
559 1784 740 1847 hominum
765 1786 801 1846 et
823 1784 871 1846 ad
895 1786 1105 1846 societatem
1130 1787 1301 1846 tuendam
1323 1786 1429 1858 valet,
1447 1786 1738 1866 anteponendum

405 1893 460 1953 est
482 1891 535 1952 illi
557 1890 688 1962 officio,
717 1891 815 1971 quod
839 1910 882 1953 ex
906 1892 1111 1972 cognicione
1134 1895 1170 1954 et
1194 1893 1349 1954 sciencia
1370 1893 1598 1954 continetur»
1612 1893 1633 1954 2.
1671 1894 1738 1956 Est

405 2000 498 2060 enim
521 2003 649 2060 nature
672 1998 825 2060 humane
849 2000 973 2079 apcius
998 2001 1034 2060 et
1057 1998 1189 2060 utilius.
1218 2032 1253 2041 -
1275 1999 1390 2060 Nichil
1413 2001 1516 2072 enim,
1541 2001 1672 2062 eodem
1694 2002 1737 2062 in

405 2106 585 2185 quadam
607 2107 806 2168 oracione
826 2109 990 2177 testante,
1014 2106 1125 2168 habet
1140 2107 1284 2168 fortuna
1300 2108 1413 2168 maius
1431 2125 1539 2185 quam
1554 2111 1594 2169 ut
1611 2111 1735 2189 possit,

404 2231 471 2274 nec
494 2216 623 2274 natura
653 2213 779 2275 melius
814 2231 921 2291 quam
943 2216 985 2274 nt
1006 2213 1094 2274 velit
1117 2213 1259 2275 salvare
1281 2214 1463 2293 plurimos.
1504 2214 1592 2300 Quis
1615 2219 1736 2277 autem

404 2321 542 2382 nesciat
561 2322 694 2381 terram
710 2339 824 2393 arare,
849 2339 930 2382 cum
946 2321 1074 2382 ceteris
1098 2321 1147 2382 ad
1163 2321 1416 2401 agriculturam
1432 2312 1447 2404 ll
1464 2324 1736 2402 pertinentibus,

405 2429 629 2489 necessarius
653 2425 730 2489 lore
752 2427 905 2489 humane
930 2430 1067 2500 nature,
1093 2447 1201 2507 quam
1224 2428 1405 2508 superflue
1428 2430 1653 2510 philosophie
1676 2450 1737 2492 va-

406 2553 498 2596 care.
510 2533 687 2614 -Legisti
703 2537 839 2614 pariter
855 2534 1028 2605 eumdem,
1046 2534 1105 2596 De
1122 2534 1376 2606 Senectute,
1391 2536 1586 2598 dicentem:
1602 2536 1737 2599 «Venio

405 2642 454 2703 ad
469 2641 672 2722 voluptates
689 2641 935 2722 agricolarum,
961 2642 1092 2720 quibus
1108 2653 1173 2721 ego
1189 2643 1449 2704 incredibiliter
1466 2643 1642 2719 delector,
1668 2664 1738 2724 que

405 2766 472 2809 nec
488 2748 561 2810 ulla
575 2749 820 2829 impediuntur
835 2752 1029 2819 senectute,
1049 2749 1184 2810 etmihi
1199 2750 1249 2809 ad
1263 2750 1434 2829 sapientis
1450 2751 1562 2812 vitam
1577 2754 1738 2832 proxime

406 2856 573 2916 videntur
596 2854 780 2917 accedere.
820 2854 965 2916 Habent
989 2856 1084 2915 enim
1108 2856 1288 2917 racionem
1312 2876 1392 2918 cum
1416 2860 1523 2928 terra,
1558 2877 1628 2937 que
1651 2879 1738 2920 nun-

407 2981 514 3041 quam
538 2952 552 3044 ΙΙ
577 2965 721 3024 recusat
745 2962 942 3042 imperium,
979 2980 1044 3024 nec
1074 2980 1232 3040 unquam
1253 2964 1328 3025 sine
1343 2983 1461 3026 usura
1486 2966 1616 3037 reddit,
1641 2967 1738 3044 quod
1822 2955 1852 3017 L
1868 2955 1940 3017 8⁰¹⁰

407 3067 608 3148 accepit›³,
639 3080 800 3148 agroque
834 3072 961 3130 ornato
985 3072 1021 3131 et
1043 3070 1135 3131 bene
1160 3071 1256 3132 culto
1280 3071 1389 3132 nichil
1411 3075 1530 3151 potest
1552 3091 1632 3134 esse
1654 3074 1739 3135 ube·

406 3178 490 3249 rius,
515 3194 581 3238 nec
605 3177 726 3256 specie
751 3177 922 3237 ornatius.

512 3279 674 3344 Tandem
689 3301 755 3363 per
770 3284 1011 3344 testimonium
1026 3284 1216 3346 immobilis
1225 3282 1398 3348 Veritatis
1411 3288 1553 3348 venitur
1568 3289 1617 3350 ad
1633 3288 1738 3359 idem,
1753 3288 1783 3351 7.

406 3408 487 3451 cum
510 3390 590 3469 ipsa
612 3388 765 3451 felicitas
796 3392 863 3452 sub
887 3392 1031 3452 racione
1055 3390 1137 3452 finis
1162 3391 1231 3453 sita
1253 3393 1309 3463 sit,
1345 3394 1445 3455 cuius
1470 3413 1581 3455 causa
1618 3399 1739 3457 cetera

406 3494 506 3569 fiunt,
531 3498 624 3558 sicut
647 3500 724 3558 tota
747 3497 864 3558 ethica
887 3500 1028 3577 probat.
1063 3530 1100 3540 —-
1135 3496 1341 3560 Mutuemus
1365 3512 1458 3580 ergo,
1483 3502 1660 3563 universis
1684 3522 1738 3563 re·

406 3606 519 3676 lictis,
558 3624 579 3665 a
617 3603 729 3665 Paulo
766 3603 1017 3685 inrefragabile
1053 3624 1194 3677 verum,
1231 3608 1328 3684 quod
1361 3608 1409 3669 ad
1444 3609 1588 3670 beatam
1627 3610 1739 3671 vitam

407 3711 668 3791 capescendam
704 3712 808 3772 «tria
831 3714 976 3773 manent
1007 3731 1111 3784 nunc,
1151 3713 1236 3774 ista:
1275 3711 1378 3785 fides,
1418 3733 1511 3794 spes,
1541 3717 1699 3777 caritas»
1716 3716 1737 3788 ⁴,

407 3837 477 3898 que
501 3818 624 3880 mundi
637 3818 873 3899 phylosophia
897 3819 985 3880 dare
1010 3837 1081 3879 non
1097 3821 1225 3898 potest,
1250 3837 1366 3897 neque
1382 3822 1574 3901 disponere
1598 3824 1647 3884 ad
1662 3824 1737 3895 hec,

407 3925 472 3987 sed
505 3926 630 4005 pocius
662 3926 847 4005 impedire,
887 3945 957 4006 que
985 3927 1080 3987 mala
1115 3926 1334 4006 agricultura
1367 3946 1488 3989 secum
1511 3948 1582 3990 non
1606 3934 1737 4010 portat,

407 4032 551 4111 quando
574 4034 699 4113 pocius
721 4034 769 4095 ad
792 4033 854 4094 illa
876 4036 1030 4096 mentem
1054 4034 1187 4095 excitat
1210 4037 1245 4095 et
1268 4038 1410 4114 vegetat
1434 4038 1634 4099 excitatam.

513 4138 608 4201 Sane
631 4140 803 4201 articulus
827 4141 1005 4203 secundus
1030 4142 1118 4201 satis
1134 4141 1292 4202 ostendit
1315 4140 1413 4202 illam
1433 4142 1634 4205 doctrinam
1650 4143 1738 4206 fidei
1752 4142 1783 4204 8.

407 4246 604 4308 orthodoxe
627 4250 664 4307 et
686 4248 824 4308 sincere
847 4248 991 4308 veritati
1013 4246 1091 4309 fore
1116 4248 1316 4320 adversam,
1351 4252 1501 4329 propter
1522 4252 1620 4329 quod
1644 4252 1738 4331 prin·

408 4354 572 4433 cipaliter
606 4355 661 4414 est
696 4373 717 4414 a
748 4352 946 4434 Xpistianis
976 4352 1108 4416 finibus
1140 4355 1372 4434 repellenda!
1412 4356 1556 4437 Nempe,
1589 4362 1740 4420 conatur

407 4460 643 4542 phylosophia
667 4462 841 4522 naturalis
865 4464 1012 4523 cunctos
1029 4465 1187 4531 eventus,
1209 4463 1322 4524 eciam
1346 4464 1535 4525 inusitatos
1560 4468 1595 4525 et
1619 4466 1737 4537 miros,
1822 4485 1825 4491 ’

409 4567 456 4629 ad
479 4567 662 4629 naturales
686 4586 814 4629 causas
839 4570 1025 4648 repedare,
1050 4572 1089 4629 ut
1112 4570 1164 4630 sic
1188 4567 1280 4631 fides
1303 4573 1438 4650 pereat,
1467 4588 1564 4649 ‹que
1587 4576 1641 4633 est
1658 4573 1739 4634 sub-

408 4675 546 4737 stancia
569 4676 832 4755 sperandarum
855 4693 984 4747 rerum,
1010 4678 1257 4755 argumentum
1280 4695 1352 4737 non
1375 4677 1694 4757 apparencium»⁵.

514 4997 535 5063 ¹)
554 5000 592 5051 M.
612 4997 645 5051 Τ.
665 5000 726 5052 C1c.
745 5002 792 5052 De
813 4998 946 5064 Officiis,
964 5001 986 5062 I,
1005 4997 1023 5067 ᾖ
1041 5000 1133 5052 XLII.
1153 5000 1225 5053 Var.

516 5084 537 5151 ²)
556 5088 609 5147 ln„
627 5089 698 5140 thid.
717 5085 735 5155 5
753 5089 855 5141 XLIV.
874 5089 946 5141 Var.

516 5172 536 5240 ³)
554 5178 593 5229 Μ.
612 5175 647 5229 Τ.
668 5177 730 5230 CIC.
749 5180 795 5230 De
815 5178 930 5231 Senect.
949 5179 1013 5231 XV.

515 5264 536 5331 ⁴)
556 5266 585 5319 S·
604 5268 710 5330 Pron,
729 5268 748 5319 Ι
763 5269 805 5319 ad
825 5267 900 5332 Cor,
918 5268 996 5332 x111,
1017 5270 1058 5323 13.

517 5351 538 5419 ⁵)
556 5355 587 5408 S.
608 5357 715 5421 PAUL,
733 5359 776 5408 ud
792 5358 895 5421 Hebr.,
912 5358 965 5421 Xl,
985 5360 1010 5412 1.
