4300 6117
481 924 561 993 276'
986 942 1145 996 Lucum
1168 940 1311 995 uocaus

408 1162 464 1225 21.
592 1162 663 1225 Cur
685 1167 835 1244 propter
857 1165 925 1226 hoc
960 1164 1111 1235 laceror,
1136 1166 1221 1243 quia
1254 1184 1325 1226 non
1357 1165 1529 1244 privatas,
1554 1165 1619 1227 sed
1652 1165 1822 1245 publicas

479 1271 593 1340 sedes,
619 1273 654 1332 et
678 1271 830 1333 maxime
849 1270 979 1351 Xpisto
1002 1272 1137 1352 templa
1159 1275 1303 1334 sacrata
1340 1272 1521 1344 reclaudo,
1547 1291 1627 1334 cum
1660 1272 1719 1333 lex
1751 1272 1822 1333 has

477 1377 670 1439 interdicat
694 1378 744 1439 eis
768 1380 803 1440 et
825 1378 916 1451 illas,
949 1382 988 1441 ut
1010 1379 1165 1441 habetur
1188 1379 1265 1460 lege
1287 1376 1501 1458 sequenti?l
1534 1377 1649 1451 Certe,
1686 1380 1820 1458 quibus

478 1483 557 1545 iura
579 1485 719 1547 atrocia
741 1504 842 1547 arma
866 1488 1060 1566 opponunt,
1087 1484 1173 1548 Cod.
1196 1485 1260 1547 De
1283 1485 1344 1546 Pa
1352 1487 1496 1565 ganis,
1525 1486 1600 1547 lex:
1630 1484 1821 1566 Xpisti·

478 1610 593 1653 anus
606 1590 626 1664 ²,
652 1604 716 1673 ego
739 1593 776 1653 et
798 1612 881 1654 raro
908 1593 1146 1672 debiliterque
1169 1594 1322 1654 verbero
1345 1593 1423 1655 solo
1437 1593 1509 1655 levi
1524 1611 1698 1655 sermone.
1722 1591 1817 1665 Scio,

477 1716 543 1760 nec
567 1699 605 1760 id
628 1699 770 1761 dubitat
794 1700 955 1779 quisquis
979 1719 1103 1762 eorum
1136 1700 1247 1761 libros
1271 1700 1431 1780 perlegit,
1457 1700 1554 1778 quod
1584 1700 1622 1761 in
1653 1701 1819 1779 plurimis

476 1809 585 1886 agunt
609 1807 735 1867 contra
758 1806 957 1878 Dominum,
982 1807 1077 1869 unde
1101 1808 1137 1868 et
1161 1809 1287 1868 contra
1321 1810 1366 1878 te,
1392 1810 1518 1869 contra
1540 1825 1580 1868 se
1614 1809 1651 1868 et
1686 1809 1814 1869 contra

476 1931 543 1974 me.
567 1912 667 1984 Nam,
695 1913 827 1992 «quod
849 1914 887 1974 in
909 1914 1116 1993 religionem
1140 1913 1299 1975 divinam
1322 1914 1564 1985 committitur,
1588 1914 1626 1974 in
1655 1915 1816 1975 omnium

475 2018 590 2081 fertur
605 2019 805 2092 iniuriam»,
831 2018 916 2083 Cod.
940 2020 999 2083 De
1022 2021 1239 2092 hereticis,
1269 2020 1342 2082 lex:
1367 2018 1648 2083 Manicheosss.
1674 2057 1715 2064 —
1740 2020 1817 2083 Ius·

474 2129 550 2189 tum
572 2127 706 2189 bellum
728 2128 835 2208 igitur
858 2131 984 2190 contra
1006 2140 1227 2208 paganorum
1250 2127 1348 2190 dicta
1380 2145 1452 2188 non
1480 2146 1598 2207 pauca
1626 2128 1814 2190 habemus.

475 2233 544 2319 Qui
559 2252 646 2296 vero
670 2233 822 2296 offendit
843 2236 879 2296 in
896 2254 976 2305 uno,
1000 2237 1116 2296 tactus
1142 2237 1197 2296 est
1220 2236 1375 2295 omnium
1398 2252 1491 2307 reus,
1515 2236 1625 2296 beato
1647 2235 1812 2298 lacobo

474 2343 567 2403 teste
605 2360 685 2403 cum
719 2340 909 2403 Salomone
923 2340 944 2403 ⁴.
991 2341 1155 2422 Pugnare
1190 2341 1283 2413 licet,
1319 2342 1396 2421 lege
1430 2342 1669 2421 permittente,
1693 2360 1816 2423 ymmo

474 2448 629 2521 iubente,
655 2451 780 2511 contra
800 2449 1028 2511 adversarios
1051 2448 1180 2529 Xpisti,
1199 2449 1368 2510 dicentis:
1396 2468 1410 2501 ‹
1430 2447 1499 2534 Qui
1514 2468 1586 2511 non
1602 2451 1657 2511 est
1672 2468 1812 2511 mecum

474 2560 599 2618 contra
623 2574 679 2617 me
701 2559 755 2618 est
775 2576 794 2609 a
809 2553 830 2617 ⁵.
877 2553 983 2618 Tales
1006 2542 1126 2618 autem
1149 2558 1231 2618 sunt
1271 2574 1393 2617 omnes
1416 2555 1564 2618 heretici
1600 2558 1636 2618 et
1671 2560 1814 2636 pagani,

472 2664 566 2724 sicut
587 2682 653 2743 per
677 2663 841 2725 eumdem
864 2666 999 2725 textum
1021 2664 1181 2725 meminit
1197 2663 1306 2743 glosa,
1332 2660 1418 2724 Cod.
1442 2663 1507 2726 De
1530 2662 1703 2735 Iudeis,
1728 2664 1812 2726 lex:

475 2768 841 2832 Celicolarum⁶.

404 2870 457 2932 22·
586 2876 643 2948 At,
669 2878 754 2956 quia
775 2877 922 2939 indubie
945 2876 1038 2939 fides
1062 2896 1163 2958 spem
1180 2878 1370 2949 antecedit,
1389 2880 1425 2938 et
1440 2878 1629 2939 caritatem
1643 2880 1809 2956 utraque,

474 2984 566 3047 sicut
590 2984 759 3063 operacio
783 2984 983 3046 intellectus
1007 2986 1102 3065 preit
1125 2984 1309 3046 accionem
1331 2984 1521 3047 eleccionis
1546 2987 1581 3045 et
1604 2984 1809 3057 voluntatis,

474 3093 610 3153 certum
633 3094 687 3153 est
711 3110 782 3152 non
805 3091 919 3153 solum
943 3109 1014 3152 non
1036 3092 1211 3172 prodesse
1235 3091 1345 3153 talem
1360 3091 1623 3171 philosophiam
1634 3090 1683 3153 ad
1698 3092 1810 3152 vitam

471 3199 616 3260 beatam
650 3198 922 3277 assequendam,
948 3198 1013 3259 sed
1048 3200 1177 3260 obesse
1211 3198 1412 3277 plurimum.
1457 3197 1687 3277 Agricultura
1722 3216 1808 3261 vero

470 3305 538 3367 hoc
573 3308 712 3367 tantum
748 3306 880 3366 malum
913 3324 984 3366 non
1018 3306 1100 3385 agit,
1136 3304 1202 3366 sed
1236 3306 1336 3366 ratus
1373 3307 1472 3367 sator
1506 3303 1581 3367 fide
1616 3308 1807 3384 utcumque

470 3413 593 3475 divina
627 3413 852 3474 commendat
886 3412 963 3474 Deo
996 3412 1094 3473 iacta
1128 3413 1264 3474 semina
1298 3412 1416 3474 sulcis.
1490 3410 1584 3473 Huic
1628 3413 1808 3492 supplicat

470 3520 584 3582 eciam
606 3520 819 3581 naturaliter
841 3519 944 3582 thure
962 3519 1106 3588 donato,
1130 3520 1161 3580 si
1183 3519 1334 3580 Plinio
1357 3520 1524 3598 putamus
1549 3520 1770 3582 credendum
1785 3516 1805 3591 ⁷,

468 3647 561 3689 nunc
585 3646 760 3699 serenum,
785 3646 878 3689 nunc
901 3626 1051 3706 pluvias,
1077 3645 1171 3688 nunc
1194 3627 1348 3707 ymbres,
1370 3645 1463 3687 nunc
1491 3626 1686 3697 stillicidia,
1714 3646 1806 3689 nunc

468 3736 641 3796 vermium
664 3752 797 3805 necem,
823 3737 858 3796 et
881 3751 1023 3813 semper
1053 3733 1343 3795 habundanciam
1364 3736 1501 3812 petens.
1540 3732 1574 3794 Is
1598 3732 1726 3795 didicit
1750 3752 1806 3795 ex-

470 3948 683 3958 ——-

574 4128 596 4196 ¹)
616 4130 692 4183 Con.
711 4130 763 4183 lib.
776 4130 797 4193 1,
816 4130 861 4182 tit.
874 4130 909 4193 V,
928 4130 974 4183 De
992 4130 1087 4181 Haer.
1107 4132 1138 4181 et
1154 4130 1289 4182 Mantele.
1308 4128 1412 4182 Const.
1427 4130 1484 4182 111:
1504 4129 1636 4183 «Cuncti
1654 4130 1804 4183 baeretici

466 4220 669 4288 proculdubio
694 4220 838 4272 noverint
856 4219 959 4272 omnia
978 4219 1036 4271 sibi
1057 4220 1126 4271 loca
1139 4219 1306 4272 adimenda
1324 4233 1410 4272 esse:
1436 4218 1504 4271 sive
1523 4221 1581 4271 sub
1600 4220 1799 4273 ecclesiarum

466 4310 591 4363 nomine
615 4310 789 4373 teneantur,
815 4308 882 4361 sive
907 4308 1066 4361 diaconica
1091 4309 1298 4375 appellentur,
1322 4309 1374 4360 vel
1392 4309 1485 4361 etiam
1502 4309 1659 4371 decanica,
1686 4310 1754 4363 sive
1770 4309 1802 4360 in

466 4400 596 4467 privatis
614 4398 757 4451 domibus
775 4399 827 4451 vel
845 4398 920 4451 locis
938 4398 1115 4464 hujusmodi
1141 4398 1279 4450 coetibus
1305 4398 1426 4464 copiam
1444 4399 1598 4465 praebere
1622 4398 1801 4451 videantur:

466 4489 515 4541 his
534 4488 664 4541 aedibus
683 4488 736 4539 vel
754 4488 829 4540 locis
847 4487 979 4555 privatis
998 4487 1150 4539 ecclesiae
1169 4488 1338 4539 catholicae
1356 4486 1560 4550 vindicandis,
1579 4489 1637 4540 etc.
1649 4507 1672 4539 ι.

575 4574 595 4641 ⁹)
615 4576 691 4631 Con.
710 4576 763 4629 lib.
785 4577 806 4639 1,
825 4577 872 4629 tit.
892 4576 943 4637 xl,
961 4578 1008 4629 De
1030 4574 1198 4639 sacrifieiis
1215 4586 1408 4645 paganorum
1426 4579 1456 4629 et
1474 4577 1602 4642 templis,
1621 4578 1680 4629 etc.
1699 4576 1800 4629 Const.

466 4669 515 4721 Vl.
541 4668 567 4719 11
584 4684 605 4736 y
625 4669 673 4719 est
697 4666 834 4719 delenda
859 4682 919 4719 aux
943 4664 1099 4718 chretiens
1124 4667 1165 4719 de
1183 4666 1330 4718 molestet
1348 4666 1395 4717 les
1420 4668 1528 4733 paiens
1547 4680 1588 4718 ou
1605 4667 1646 4719 de
1666 4664 1800 4733 prendre

466 4759 534 4810 leur
552 4758 626 4810 bien
645 4772 718 4809 sous
736 4756 830 4823 peine
848 4756 966 4809 d’avoir
984 4755 1002 4808 a
1021 4756 1169 4809 restituet
1186 4756 1217 4807 le
1235 4756 1357 4807 double.

575 4844 595 4910 ³)
616 4846 692 4898 Con.
711 4845 763 4897 lib.
782 4844 805 4908 1,
823 4845 867 4897 tit.
886 4844 922 4908 V,
940 4846 978 4897 de
996 4846 1090 4898 Haer.
1109 4846 1140 4897 et
1156 4846 1291 4896 Manieh.
1311 4844 1414 4897 Const.
1433 4844 1483 4895 IV.

574 4934 596 5003 ⁴)
614 4936 720 4987 lacon.
740 4934 776 4998 ll,
803 4935 846 4987 10.

573 5022 595 5091 ⁶)
614 5025 643 5077 S.
662 5025 796 5087 Mum,
815 5023 879 5085 xn,
898 5022 943 5076 30.

572 5112 594 5181 6)
614 5114 691 5166 001).
710 5114 762 5166 lib.
781 5113 802 5177 1,
821 5113 867 5165 tit.
886 5112 935 5175 IX,
954 5114 991 5163 de
1008 5112 1132 5165 Iudaeis
1151 5114 1183 5164 et
1199 5113 1356 5175 coelicolis,
1374 5111 1479 5179 Const.
1498 5110 1549 5162 XI.

575 5200 595 5267 ⁷)
615 5202 659 5256 cf.
679 5204 762 5254 Pam.
780 5203 860 5254 Hist.
878 5202 1020 5253 Natural.
1038 5199 1131 5263 xxn,
1150 5200 1194 5253 36.
1213 5201 1426 5269 Agriculturae
1443 5201 1556 5252 studia.
