4300 6117
483 978 548 1043 338
983 990 1142 1044 LUCULA
1162 989 1302 1044 NOCTIS

431 1210 461 1273 4.
584 1211 687 1274 Hane
710 1216 830 1274 autem
853 1212 963 1275 fidem
987 1216 1226 1275 necessariam
1251 1216 1300 1276 ad
1315 1215 1467 1276 salutem
1483 1216 1636 1278 sciencie
1653 1235 1813 1296 compre·

476 1318 668 1380 hensorum
684 1321 936 1391 subalternam,
962 1322 1054 1383 sicut
1070 1322 1276 1383 doctissime
1290 1322 1411 1400 placet
1434 1325 1593 1384 sancto
1616 1319 1810 1394 Thome¹,

477 1425 559 1487 libri
594 1425 787 1488 Gentilium
819 1428 908 1488 dare
942 1447 1013 1489 non
1046 1430 1221 1508 possunt:
1246 1432 1321 1489 tum
1356 1430 1440 1508 quia
1463 1448 1535 1490 non
1569 1428 1714 1503 habent,
1737 1434 1813 1491 tum

476 1534 561 1612 quia
584 1552 655 1595 non
678 1535 843 1613 probant,
869 1538 943 1596 tum
977 1537 1062 1613 quia
1096 1554 1168 1596 non
1202 1538 1365 1615 purgant,
1391 1537 1465 1596 tum
1500 1555 1586 1597 vero
1622 1537 1707 1615 quia
1741 1553 1821 1598 non'

474 1644 592 1702 urunt.
639 1639 745 1725 Quod
768 1641 879 1721 fidem
901 1660 972 1703 non
995 1642 1153 1704 babeant
1174 1642 1235 1702 ille
1257 1642 1376 1703 littere
1411 1644 1636 1715 secularium,
1674 1644 1746 1705 iam
1769 1664 1813 1705 ex

474 1748 719 1828 superioribus
743 1752 853 1828 patet.
890 1748 972 1821 Sed,
998 1751 1037 1810 ut
1060 1750 1270 1810 obstruatur
1301 1768 1340 1810 os
1364 1750 1526 1829 patulum
1549 1751 1811 1821 cavillancium,

474 1873 604 1934 precor
626 1858 665 1917 ut
689 1856 807 1934 quarti
830 1855 890 1917 De
923 1851 1157 1917 Trinitate
1179 1857 1262 1917 libri
1287 1857 1445 1935 capitula
1467 1865 1536 1916 XVI
1559 1860 1595 1918 et
1617 1866 1700 1918 XVII
1723 1858 1812 1918 Au·

475 1963 646 2042 gustini
669 1962 798 2042 legant,
813 1963 935 2024 valida
958 1966 1086 2033 mente,
1112 1981 1183 2023 non
1207 1964 1254 2025 ad
1272 1964 1538 2043 disputandum,
1556 1965 1622 2026 sed
1637 1966 1686 2025 ad
1700 1966 1812 2026 scien·

475 2070 561 2131 dum
594 2070 723 2149 parati.
759 2068 956 2148 Postquam
993 2071 1087 2131 enim
1122 2070 1244 2131 docuit
1279 2088 1349 2148 que
1382 2073 1576 2150 potuerunt
1599 2071 1813 2151 phylosophi

195 2169 226 2232 L
243 2170 316 2232 99το
344 2168 375 2230 Β
390 2168 577 2249 83¹⁰scire,
613 2178 759 2238 tandem
775 2167 789 2259 {l
816 2178 1005 2249 concludit,
1042 2180 1079 2238 et
1116 2177 1204 2239 dicit
1220 2168 1260 2259 ll:
1300 2175 1429 2256 «Ergo
1454 2178 1499 2239 de
1523 2179 1810 2240 successionibus

477 2284 678 2346 seculorum
701 2286 737 2345 et
759 2285 805 2346 de
828 2285 1097 2346 resurreccione
1120 2288 1350 2356 mortuorum,
1376 2303 1442 2346 nec
1480 2283 1721 2364 philosophos,
1745 2304 1812 2346 nec

477 2382 565 2453 illos’
581 2392 766 2453 consulere
790 2391 970 2463 debemus,
997 2392 1058 2470 qui
1082 2389 1264 2452 Creatoris
1288 2392 1524 2463 eternitatem,
1548 2392 1586 2452 in
1609 2411 1680 2470 quo
1700 2392 1811 2452 ‹vivi-

477 2517 564 2570 mus,
600 2516 785 2560 movemur
819 2500 854 2559 et
889 2516 1009 2559 sumus
1029 2497 1076 2569 »²2
1112 2501 1285 2576 quantum
1319 2500 1513 2577 potuerunt
1548 2498 1812 2561 intellexerunt.

478 2604 570 2691 Quia
593 2624 659 2685 per
681 2624 734 2676 ea,
752 2623 821 2684 que
836 2604 932 2666 tacta
950 2609 1041 2677 sunt,
1057 2608 1310 2685 cognoscentes
1325 2603 1449 2676 Deum,
1477 2623 1572 2666 ‹non
1588 2607 1681 2667 sicut
1695 2604 1810 2667 Deum

477 2712 776 2793 glorificaverunt,
803 2715 865 2772 aut
887 2713 1026 2791 gracias
1052 2715 1208 2791 egerunt,
1233 2713 1299 2773 sed
1323 2712 1483 2773 dicentes
1507 2730 1546 2773 se
1570 2730 1649 2774 esse
1672 2714 1813 2792 sapien·

478 2823 542 2891 tes,
555 2820 655 2881 stulti
670 2818 757 2881 tacti
772 2822 873 2880 sunt»
892 2818 913 2879 ³.
939 2852 981 2860 —
997 2817 1044 2880 Et
1061 2838 1141 2880 cum
1155 2818 1288 2899 ydonei
1308 2837 1378 2879 non
1400 2822 1519 2880 essent
1535 2820 1571 2879 in
1587 2821 1813 2882 eternitatem

477 2927 674 3007 spiritualis
697 2927 1068 3004 incommutabilisque
1092 2929 1219 2987 nature
1243 2926 1358 2987 aciem
1373 2926 1501 2989 mentis
1517 2929 1591 2987 tam
1608 2929 1815 2988 constanter

476 3034 641 3114 infigere,
677 3036 717 3095 ut
750 3034 787 3094 in
822 3034 901 3113 ipsa
938 3034 1122 3113 sapiencia
1155 3017 1338 3094 creatoris
1370 3034 1613 3095 universitatis
1648 3033 1812 3095 viderent

477 3142 658 3203 volumina
703 3141 913 3211 seculorum,
954 3159 1024 3219 que
1058 3141 1109 3201 ibi
1142 3141 1214 3201 iam
1248 3142 1387 3211 essent,
1435 3143 1471 3201 et
1505 3158 1648 3220 semper
1682 3144 1812 3211 essent,
1853 3198 1858 3205 ,

477 3249 535 3309 hic
570 3250 689 3309 autem
722 3246 843 3309 lutura
877 3251 997 3309 essent
1019 3250 1059 3308 ut
1092 3266 1164 3308 non
1198 3250 1327 3319 essent,
1363 3248 1473 3325 atque
1500 3250 1540 3308 ut
1573 3248 1623 3308 ibi
1646 3248 1813 3309 viderent

479 3356 745 3417 conversionem
769 3355 806 3415 in
829 3355 964 3426 melius,
994 3373 1065 3415 non
1086 3356 1201 3416 solum
1224 3354 1432 3423 animorum,
1457 3354 1522 3414 sed
1546 3355 1662 3416 eciam
1687 3373 1815 3434 corpo·

478 3481 557 3523 rum
580 3462 815 3523 humanorum
838 3479 952 3540 usque
975 3462 1023 3522 ad
1047 3462 1103 3522 sui
1127 3462 1223 3522 modi
1247 3461 1517 3540 perfeccionem.
1548 3458 1638 3521 Cum
1661 3474 1745 3542 ergo
1765 3460 1815 3522 ad

478 3570 543 3631 bec
567 3570 618 3631 ibi
640 3570 798 3631 videnda
821 3568 917 3630 nullo
941 3568 1048 3629 modo
1072 3571 1192 3629 essent
1214 3567 1355 3648 ydonei,
1380 3585 1446 3628 nec
1469 3566 1518 3628 ad
1547 3567 1637 3629 illud
1668 3569 1816 3646 quidem

479 3675 711 3756 digni'habiti
734 3679 824 3749 sunt,
850 3678 890 3736 ut
913 3676 964 3737 eis
999 3676 1069 3736 ista
1103 3692 1169 3754 per
1203 3677 1346 3736 sanctos
1370 3674 1514 3753 angelos
1548 3675 1813 3747 nunciarentur,

478 3784 554 3845 sive
577 3782 775 3845 forinsecus
798 3801 864 3862 per
888 3801 1031 3843 sensum
1055 3801 1254 3862 corporum,
1280 3782 1356 3842 sive
1372 3781 1602 3842 interioribus
1619 3782 1816 3844 revelacio-

479 3892 583 3952 nibus
606 3892 644 3951 in
666 3890 794 3970 spiritu
818 3891 1006 3969 expressis,
1032 3890 1124 3951 sicut
1146 3890 1311 3968 patribus
1334 3888 1465 3949 nostris
1478 3906 1566 3949 vera
1580 3890 1718 3968 pietate
1733 3908 1815 3969 pre·

479 3999 564 4059 ditis
579 3996 645 4059 hec
668 4000 865 4059 monstrata
887 4000 978 4069 sunt,
1010 3997 1071 4076 qui
1095 4015 1139 4058 ea
1162 3997 1391 4075 predicantes
1408 3997 1444 4055 et
1458 3996 1516 4056 vel
1528 3996 1575 4057 de
1586 3997 1815 4076 presentibus

478 4106 585 4186 signis
610 4104 667 4165 vel
691 4105 737 4166 de
760 4104 930 4184 proximis
954 4105 1071 4176 rebus,
1097 4104 1149 4164 ita
1172 4107 1211 4165 ut
1233 4102 1475 4182 predixerant,
1500 4104 1604 4165 tactis
1628 4102 1740 4165 fidem
1762 4103 1815 4165 fa·

479 4213 622 4283 cientes,
648 4213 908 4283 auctoritatem,
935 4211 991 4273 cui
1014 4212 1060 4272 de
1083 4212 1185 4289 longe
1209 4212 1337 4271 futuris
1361 4229 1474 4290 usque
1504 4210 1538 4270 in
1571 4210 1684 4271 seculi
1706 4212 1815 4271 tinem

480 4319 696 4391 crederetur,
720 4318 855 4379 habere
878 4321 1094 4379 meruerunt.
1135 4317 1336 4379 Potestates
1364 4322 1484 4380 autem
1507 4335 1623 4387 aeree,
1659 4318 1815 4397 superbe

478 4430 588 4505 atque
611 4424 768 4495 fallaces,
794 4426 907 4487 eciam
931 4426 961 4485 si
985 4425 1141 4503 quedam
1164 4426 1210 4485 de
1234 4425 1407 4486 societate
1432 4428 1467 4486 et
1495 4425 1641 4486 civitate
1675 4426 1814 4486 sancto·

479 4552 558 4594 rum
581 4536 617 4594 et
639 4550 727 4594 vero
755 4531 958 4594 Mediatore
988 4550 1009 4593 a
1045 4532 1178 4593 sanctis
1213 4531 1397 4611 prophetis
1432 4532 1490 4592 vel
1523 4530 1657 4611 angelis
1690 4531 1815 4593 audita

479 4658 544 4720 per
578 4657 661 4701 suos
696 4643 797 4701 vates
832 4640 964 4701 dixisse
999 4639 1235 4719 reperiuntur,
1276 4638 1371 4699 idem
1408 4640 1562 4718 egerunt,
1593 4641 1632 4700 ut
1660 4657 1727 4719 per
1749 4638 1815 4701 bec

588 5077 609 5145 ¹)
629 5078 674 5132 Ct.
695 5079 725 5132 S.
746 5076 851 5131 THOII.
870 5078 952 5132 Sum.
977 5078 1075 5131 Tbeoi.
1097 5080 1127 5131 1a
1142 5078 1177 5152 Q
1198 5079 1220 5142 Ι,
1239 5093 1266 5131 a.
1289 5081 1313 5130 1.

586 5166 607 5232 ⁹)
627 5168 671 5221 ef.
690 5169 767 5229 Act..
786 5168 877 5231 XVII,
895 5169 940 5222 28.

587 5254 608 5321 ³)
626 5258 656 5310 S.
677 5258 784 5322 PAUL„
803 5260 845 5310 ad
862 5258 960 5320 Rom„
979 5259 1000 5323 Ι,
1020 5257 1113 5323 21-22,
1132 5258 1173 5310 ad
1191 5273 1273 5311 sens.
