4300 6117
818 920 1006 973 IOHANNIS
1028 920 1210 973 DOMINICI

799 1644 1010 1770 [Cruor
1041 1664 1240 1771 XXIII]

464 2002 620 2089 [E]mula
643 2013 805 2074 veritatis
830 2010 1062 2089 contempcio.
1089 2011 1120 2071 si
1152 2009 1298 2071 cederet
1329 2009 1509 2071 humiliter
1541 2010 1687 2083 racioni,

352 2134 544 2194 numquam
568 2118 664 2180 circa
687 2118 870 2180 doctrinas
906 2119 1141 2178 nascerentur
1176 2134 1326 2188 errores,
1358 2118 1420 2196 qui
1449 2118 1688 2196 proculdubio

352 2241 395 2284 ex
418 2223 542 2285 radice
565 2226 775 2287 ambicionis
790 2225 937 2305 prodire
951 2226 1156 2285 noscuntur.
1181 2220 1298 2284 Tres
1323 2224 1440 2284 enim
1464 2223 1687 2286 deiectus

351 2331 588 2410 precipue
633 2333 678 2393 in
720 2335 1000 2412 argumento
1041 2330 1128 2392 hoc
1171 2330 1400 2404 secundo,
1442 2332 1539 2409 quod
1566 2333 1689 2409 preter

351 2437 589 2499 intencionem
613 2457 683 2517 que
718 2458 756 2501 se
792 2439 898 2502 offert
921 2439 1026 2510 ultro,
1052 2439 1203 2499 materia
1232 2441 1388 2519 cogente,
1413 2438 1516 2499 traho
1540 2439 1688 2517 prolixe,

353 2562 434 2605 cum
457 2545 639 2624 deponere
662 2548 753 2608 volo.
773 2545 1004 2607 —Primus
1036 2547 1105 2607 est
1135 2546 1401 2626 ignorancia
1432 2564 1688 2625 eorumque

352 2650 649 2726 inducuntur;
675 2689 717 2698 -
742 2652 966 2715 secundus
992 2655 1061 2714 est
1085 2652 1275 2714 falsitas
1300 2652 1553 2725 eorumdem;
1579 2686 1620 2696 -
1646 2654 1689 2713 et

352 2759 525 2820 tercius
566 2762 634 2821 est
670 2760 875 2839 ipsorum
913 2761 1094 2821 abusus.

460 2944 553 3030 Quo
577 2948 632 3007 ad
657 2948 862 3025 primum,
898 2948 1017 3009 notari
1039 2949 1183 3026 oportet
1206 2946 1304 3025 quod
1327 2947 1482 3007 omnium
1505 2937 1734 3009 diemde-1·

352 3053 438 3115 bent
462 3054 609 3133 intelligi
633 3054 830 3115 secundum
853 3073 1006 3126 sensum,
1030 3054 1068 3115 in
1093 3072 1199 3133 quem
1222 3054 1314 3115 iiunt
1337 3057 1373 3115 et
1397 3074 1467 3115 non
1492 3054 1688 3116 secundum

354 3179 494 3222 omnem
516 3179 659 3222 sensum
683 3179 790 3240 quem
818 3160 963 3223 efficere
997 3164 1164 3241 possunt:
1202 3162 1291 3222 alias
1327 3162 1420 3224 enim
1453 3180 1496 3223 ex
1531 3163 1690 3240 quolibet

353 3286 444 3347 pene
469 3268 654 3347 quodlibet
678 3269 903 3348 probaretur.
938 3266 997 3329 Sic
1021 3268 1138 3329 nullus
1164 3272 1218 3331 est
1246 3287 1355 3341 error,
1392 3270 1546 3348 quinon
1569 3269 1690 3331 videa·

354 3378 413 3436 tur
439 3394 482 3437 ex
506 3376 618 3437 sacris
635 3374 780 3437 Litteris
797 3376 971 3447 roborari,
995 3394 1166 3455 perverse
1190 3378 1226 3437 et
1248 3376 1340 3437 male
1356 3376 1512 3456 glosatis.
1537 3376 1691 3438 -Item

353 3482 434 3544 huic
466 3483 609 3543 veritati
641 3484 763 3545 obviat
786 3483 1048 3544 sentenciarum
1080 3483 1322 3555 detruncacio‚
1361 3483 1453 3545 sicut
1489 3486 1621 3545 tractat
1645 3483 1692 3545 de

353 3589 421 3650 hiis
435 3590 577 3651 duobus
594 3590 821 3652 beatissimus
839 3589 967 3652 doctor
983 3589 1215 3651 leronimus
1240 3589 1292 3651 ad
1309 3589 1536 3663 Paulinum,
1551 3590 1689 3652 dicens:

355 3691 510 3758 «Taceo
534 3696 580 3758 de
617 3697 687 3757 mei
718 3697 918 3758 similibus:
949 3698 1019 3775 qui,
1050 3698 1081 3759 si
1113 3695 1206 3758 forte
1237 3697 1285 3758 ad
1319 3696 1524 3777 Scripturas
1547 3700 1690 3759 sanctas

352 3806 435 3882 post
474 3804 654 3864 seculares
685 3804 824 3865 litteras
865 3804 1029 3865 venerint
1070 3807 1106 3866 et
1150 3822 1312 3865 sermone
1353 3805 1548 3883 composito
1585 3822 1691 3866 aures

352 3909 477 3989 populi
509 3910 704 3981 mulserint,
731 3909 908 3989 quidquid
942 3912 1105 3983 dixerint,
1130 3911 1197 3973 hoc
1220 3912 1333 3991 legem
1358 3910 1425 3973 Dei
1454 3898 1600 3991 putant:
1624 3929 1690 3973 nec

353 4017 446 4078 scire
469 4017 670 4096 dignantur,
697 4017 785 4095 quid
807 4018 991 4097 prophete,
1017 4017 1105 4097 quid
1137 4017 1301 4097 Apostoli
1333 4019 1519 4091 senserint,
1555 4019 1619 4079 sed
1642 4018 1691 4079 ad

354 4142 497 4185 sensum
520 4142 623 4184 suum
655 4125 850 4204 incongrua
884 4127 1011 4203 aptant
1034 4125 1247 4197 testimonia,
1280 4126 1384 4204 quasi
1420 4125 1555 4206 grande
1585 4126 1632 4187 sit
1656 4129 1691 4187 et

354 4248 426 4292 non
459 4230 732 4292 viciosissimum
767 4230 921 4293 docendi
956 4244 1076 4312 genus,
1113 4233 1314 4311 depravare
1349 4233 1551 4294 sentencias
1580 4234 1616 4293 et
1642 4234 1690 4293 ad

354 4339 574 4400 voluntalem
588 4356 690 4398 suam
707 4336 930 4417 Scripturam
946 4339 1090 4400 trahere
1106 4343 1373 4419 repugnantem,
1392 4340 1496 4418 quasi
1512 4357 1584 4399 non
1599 4339 1691 4419 lege·

354 4444 464 4506 rimus
487 4442 817 4506 Homerocentones
841 4448 877 4506 et
900 4444 1221 4526 virgiliocentonas
1240 4444 1282 4507 »¹.

467 4549 503 4612 Si
542 4551 621 4629 quis
668 4552 760 4612 enim
794 4551 948 4614 voluerit
985 4553 1182 4614 trinitatem
1219 4554 1444 4633 personalem
1483 4554 1520 4613 in
1558 4553 1688 4616 divinis
1706 4556 1737 4618 2.

354 4657 497 4726 inferre,
515 4659 600 4737 quia
615 4659 746 4720 dixerit
768 4657 981 4731 Aristotiles,
1007 4661 1155 4739 primo
1177 4660 1241 4721 De
1264 4657 1374 4722 Celo
1398 4662 1443 4721 et
1474 4658 1649 4721 Mundo
1666 4658 1690 4731 ²,

356 4855 569 4863 ——u—

462 5000 484 5067 ¹)
501 5002 531 5055 8.
550 5003 665 5057 EUSEB.
684 5003 816 5056 Hmiou.
828 5004 939 5069 Episto
951 5006 1024 5057 LIII
1039 5007 1083 5057 ad
1093 5005 1263 5068 Paulinum,
1281 5006 1327 5057 De
1340 5007 1442 5057 studio
1456 5004 1692 5070 Scripturamm.

354 5092 390 5144 ln
411 5090 503 5159 Oper.
522 5093 543 5155 Ι,
563 5094 626 5154 544,
646 5089 664 5160 5
683 5094 709 5144 7.

463 5177 484 5246 ²)
502 5182 606 5234 Amsr.
625 5182 639 5233 I
656 5184 703 5235 De
724 5182 814 5235 Caelo
832 5185 998 5247 aimundo,
1016 5183 1038 5245 Ι,
1058 5183 1083 5235 2.
