<?xml version="1.0" encoding="UTF-8"?>
<!DOCTYPE html PUBLIC "-//W3C//DTD XHTML 1.0 Transitional//EN"
    "http://www.w3.org/TR/xhtml1/DTD/xhtml1-transitional.dtd">
<html xmlns="http://www.w3.org/1999/xhtml" xml:lang="en" lang="en">
 <head>
  <title>
</title>
<meta http-equiv="Content-Type" content="text/html;charset=utf-8" />
  <meta name='ocr-system' content='tesseract 3.04.00' />
  <meta name='ocr-capabilities' content='ocr_page ocr_carea ocr_par ocr_line ocrx_word'/>
</head>
<body>
  <div class='ocr_page' id='page_1' title='image "./luculanoctis00domigoog_0534.png"; bbox 0 0 4300 6117; ppageno 0'>
   <div class='ocr_carea' id='block_1_1' title="bbox 451 791 1283 890">
    <p class='ocr_par' dir='ltr' id='par_1_1' title="bbox 451 791 1283 890">
     <span class='ocr_line' id='line_1_1' title="bbox 451 791 1283 890; baseline -0.001 -1"><span class='ocrx_word' id='word_1_1' title='bbox 451 826 518 889; x_wconf 83' lang='lat'><strong>410</strong></span> <span class='ocrx_word' id='word_1_2' title='bbox 961 791 1121 890; x_wconf 63' lang='lat' dir='ltr'><strong>hUCULA</strong></span> <span class='ocrx_word' id='word_1_3' title='bbox 1142 833 1283 889; x_wconf 87' lang='lat' dir='ltr'>NOCTIS</span> 
     </span>
    </p>
   </div>
   <div class='ocr_carea' id='block_1_2' title="bbox 405 1057 1787 4457">
    <p class='ocr_par' dir='ltr' id='par_1_2' title="bbox 450 1057 1787 3156">
     <span class='ocr_line' id='line_1_2' title="bbox 451 1057 1786 1139; baseline 0.001 -20"><span class='ocrx_word' id='word_1_4' title='bbox 451 1057 653 1129; x_wconf 88' lang='lat' dir='ltr'><strong>Phetusam,</strong></span> <span class='ocrx_word' id='word_1_5' title='bbox 677 1057 948 1138; x_wconf 89' lang='lat' dir='ltr'><strong>Lampetrisam,</strong></span> <span class='ocrx_word' id='word_1_6' title='bbox 973 1058 1163 1139; x_wconf 80' lang='lat' dir='ltr'><strong>Iapetiam²</strong></span> <span class='ocrx_word' id='word_1_7' title='bbox 1179 1060 1329 1121; x_wconf 92' lang='lat' dir='ltr'><strong>arbores</strong></span> <span class='ocrx_word' id='word_1_8' title='bbox 1353 1060 1390 1121; x_wconf 90' lang='lat' dir='ltr'><strong>in</strong></span> <span class='ocrx_word' id='word_1_9' title='bbox 1406 1059 1566 1139; x_wconf 83' lang='lat' dir='ltr'><strong>margine</strong></span> <span class='ocrx_word' id='word_1_10' title='bbox 1581 1058 1682 1132; x_wconf 86' lang='lat' dir='ltr'><strong>Padi,</strong></span> <span class='ocrx_word' id='word_1_11' title='bbox 1698 1057 1786 1120; x_wconf 88' lang='lat' dir='ltr'><strong>Phe-</strong></span> 
     </span>
     <span class='ocr_line' id='line_1_3' title="bbox 451 1162 1784 1246; baseline 0 -20"><span class='ocrx_word' id='word_1_12' title='bbox 451 1166 561 1227; x_wconf 84' lang='lat' dir='ltr'><strong>tontis</strong></span> <span class='ocrx_word' id='word_1_13' title='bbox 584 1168 734 1229; x_wconf 91' lang='lat' dir='ltr'><strong>mortem</strong></span> <span class='ocrx_word' id='word_1_14' title='bbox 757 1166 932 1228; x_wconf 79' lang='lat' dir='ltr'><strong>deflentes</strong></span> <span class='ocrx_word' id='word_1_15' title='bbox 947 1166 1136 1246; x_wconf 87' lang='lat' dir='ltr'><strong>Alpheum,</strong></span> <span class='ocrx_word' id='word_1_16' title='bbox 1158 1164 1368 1238; x_wconf 90' lang='lat' dir='ltr'><strong>Orsilocnm,</strong></span> <span class='ocrx_word' id='word_1_17' title='bbox 1395 1165 1596 1240; x_wconf 90' lang='lat' dir='ltr'><strong>Crinisium,</strong></span> <span class='ocrx_word' id='word_1_18' title='bbox 1616 1162 1784 1238; x_wconf 78' lang='lat' dir='ltr'><strong>Tiberim,</strong></span> 
     </span>
     <span class='ocr_line' id='line_1_4' title="bbox 453 1271 1784 1354; baseline 0.002 -22"><span class='ocrx_word' id='word_1_19' title='bbox 453 1271 661 1344; x_wconf 90' lang='lat' dir='ltr'><strong>Cithoniam,</strong></span> <span class='ocrx_word' id='word_1_20' title='bbox 678 1273 847 1353; x_wconf 83' lang='lat' dir='ltr'><strong>Asopum,</strong></span> <span class='ocrx_word' id='word_1_21' title='bbox 872 1272 981 1335; x_wconf 90' lang='lat' dir='ltr'><strong>Boeci</strong></span> <span class='ocrx_word' id='word_1_22' title='bbox 1006 1275 1052 1335; x_wconf 90' lang='lat' dir='ltr'><strong>ab</strong></span> <span class='ocrx_word' id='word_1_23' title='bbox 1076 1273 1156 1354; x_wconf 83' lang='lat' dir='ltr'><strong>igne</strong></span> <span class='ocrx_word' id='word_1_24' title='bbox 1179 1292 1390 1354; x_wconf 88' lang='lat' dir='ltr'><strong>oppressam</strong></span> <span class='ocrx_word' id='word_1_25' title='bbox 1404 1272 1565 1354; x_wconf 87' lang='lat' dir='ltr'><strong>Eginam,</strong></span> <span class='ocrx_word' id='word_1_26' title='bbox 1584 1271 1784 1353; x_wconf 78' lang='lat' dir='ltr'><strong>cephisum,</strong></span> 
     </span>
     <span class='ocr_line' id='line_1_5' title="bbox 452 1378 1785 1459; baseline 0.002 -20"><span class='ocrx_word' id='word_1_27' title='bbox 452 1378 658 1441; x_wconf 87' lang='lat' dir='ltr'><strong>Narcissum</strong></span> <span class='ocrx_word' id='word_1_28' title='bbox 682 1399 762 1442; x_wconf 91' lang='lat' dir='ltr'><strong>cum</strong></span> <span class='ocrx_word' id='word_1_29' title='bbox 785 1399 849 1442; x_wconf 90' lang='lat' dir='ltr'><strong>sua</strong></span> <span class='ocrx_word' id='word_1_30' title='bbox 864 1384 1056 1442; x_wconf 84' lang='lat' dir='ltr'><strong>resonante</strong></span> <span class='ocrx_word' id='word_1_31' title='bbox 1070 1379 1204 1451; x_wconf 85' lang='lat' dir='ltr'><strong>Echon,</strong></span> <span class='ocrx_word' id='word_1_32' title='bbox 1220 1379 1446 1451; x_wconf 82' lang='lat' dir='ltr'><strong>Meandrum,</strong></span> <span class='ocrx_word' id='word_1_33' title='bbox 1464 1380 1661 1451; x_wconf 88' lang='lat' dir='ltr'><strong>Philliram,</strong></span> <span class='ocrx_word' id='word_1_34' title='bbox 1680 1378 1785 1459; x_wconf 88' lang='lat' dir='ltr'><strong>Sper·</strong></span> 
     </span>
     <span class='ocr_line' id='line_1_6' title="bbox 453 1485 1783 1567; baseline 0 -19"><span class='ocrx_word' id='word_1_35' title='bbox 453 1486 579 1558; x_wconf 90' lang='lat' dir='ltr'><strong>chium,</strong></span> <span class='ocrx_word' id='word_1_36' title='bbox 604 1485 723 1549; x_wconf 90' lang='lat' dir='ltr'><strong>Solem</strong></span> <span class='ocrx_word' id='word_1_37' title='bbox 746 1488 856 1549; x_wconf 91' lang='lat' dir='ltr'><strong>alium</strong></span> <span class='ocrx_word' id='word_1_38' title='bbox 880 1507 902 1549; x_wconf 92' lang='lat' dir='ltr'><strong>a</strong></span> <span class='ocrx_word' id='word_1_39' title='bbox 926 1489 1066 1567; x_wconf 89' lang='lat' dir='ltr'><strong>superis</strong></span> <span class='ocrx_word' id='word_1_40' title='bbox 1091 1488 1205 1550; x_wconf 89' lang='lat' dir='ltr'><strong>mellis</strong></span> <span class='ocrx_word' id='word_1_41' title='bbox 1228 1490 1452 1566; x_wconf 81' lang='lat' dir='ltr'><strong>repertorem</strong></span> <span class='ocrx_word' id='word_1_42' title='bbox 1474 1490 1557 1567; x_wconf 93' lang='lat' dir='ltr'><strong>post</strong></span> <span class='ocrx_word' id='word_1_43' title='bbox 1580 1487 1783 1566; x_wconf 89' lang='lat' dir='ltr'><strong>quemdam.</strong></span> 
     </span>
     <span class='ocr_line' id='line_1_7' title="bbox 451 1589 1786 1666; baseline 0.001 -12"><span class='ocrx_word' id='word_1_44' title='bbox 451 1589 564 1655; x_wconf 90' lang='lat' dir='ltr'><strong>Terre</strong></span> <span class='ocrx_word' id='word_1_45' title='bbox 586 1594 680 1655; x_wconf 88' lang='lat' dir='ltr'><strong>male</strong></span> <span class='ocrx_word' id='word_1_46' title='bbox 704 1595 818 1655; x_wconf 90' lang='lat' dir='ltr'><strong>eciam</strong></span> <span class='ocrx_word' id='word_1_47' title='bbox 840 1598 979 1657; x_wconf 89' lang='lat' dir='ltr'><strong>amatos</strong></span> <span class='ocrx_word' id='word_1_48' title='bbox 1003 1598 1038 1657; x_wconf 93' lang='lat' dir='ltr'><strong>et</strong></span> <span class='ocrx_word' id='word_1_49' title='bbox 1061 1596 1154 1657; x_wconf 92' lang='lat' dir='ltr'><strong>bene</strong></span> <span class='ocrx_word' id='word_1_50' title='bbox 1179 1596 1237 1657; x_wconf 88' lang='lat' dir='ltr'><strong>cui</strong></span> <span class='ocrx_word' id='word_1_51' title='bbox 1260 1594 1433 1656; x_wconf 90' lang='lat' dir='ltr'><strong>obediunt</strong></span> <span class='ocrx_word' id='word_1_52' title='bbox 1457 1595 1585 1666; x_wconf 87' lang='lat' dir='ltr'><strong>omnia,</strong></span> <span class='ocrx_word' id='word_1_53' title='bbox 1610 1593 1725 1656; x_wconf 90' lang='lat' dir='ltr'><strong>cultus</strong></span> <span class='ocrx_word' id='word_1_54' title='bbox 1750 1596 1786 1656; x_wconf 85' lang='lat' dir='ltr'><strong>et</strong></span> 
     </span>
     <span class='ocr_line' id='line_1_8' title="bbox 452 1699 1785 1783; baseline 0.002 -23"><span class='ocrx_word' id='word_1_55' title='bbox 452 1700 570 1781; x_wconf 88' lang='lat' dir='ltr'><strong>iruges</strong></span> <span class='ocrx_word' id='word_1_56' title='bbox 591 1719 663 1762; x_wconf 93' lang='lat' dir='ltr'><strong>non</strong></span> <span class='ocrx_word' id='word_1_57' title='bbox 685 1702 825 1782; x_wconf 81' lang='lat' dir='ltr'><strong>ambigo</strong></span> <span class='ocrx_word' id='word_1_58' title='bbox 849 1702 990 1782; x_wconf 89' lang='lat' dir='ltr'><strong>poetice</strong></span> <span class='ocrx_word' id='word_1_59' title='bbox 1013 1703 1161 1783; x_wconf 89' lang='lat' dir='ltr'><strong>tangunt</strong></span> <span class='ocrx_word' id='word_1_60' title='bbox 1186 1721 1266 1764; x_wconf 89' lang='lat' dir='ltr'><strong>cum</strong></span> <span class='ocrx_word' id='word_1_61' title='bbox 1288 1701 1536 1764; x_wconf 88' lang='lat' dir='ltr'><strong>accidentibus</strong></span> <span class='ocrx_word' id='word_1_62' title='bbox 1554 1701 1653 1763; x_wconf 90' lang='lat' dir='ltr'><strong>eius:</strong></span> <span class='ocrx_word' id='word_1_63' title='bbox 1678 1699 1785 1762; x_wconf 90' lang='lat' dir='ltr'><strong>Vete-</strong></span> 
     </span>
     <span class='ocr_line' id='line_1_9' title="bbox 451 1806 1781 1888; baseline -0.001 -20"><span class='ocrx_word' id='word_1_64' title='bbox 451 1826 571 1880; x_wconf 89' lang='lat' dir='ltr'><strong>ranus,</strong></span> <span class='ocrx_word' id='word_1_65' title='bbox 606 1806 791 1880; x_wconf 86' lang='lat' dir='ltr'><strong>Saturnus,</strong></span> <span class='ocrx_word' id='word_1_66' title='bbox 816 1806 951 1882; x_wconf 89' lang='lat' dir='ltr'><strong>Cronis‚</strong></span> <span class='ocrx_word' id='word_1_67' title='bbox 975 1812 1080 1871; x_wconf 90' lang='lat' dir='ltr'><strong>vasta</strong></span> <span class='ocrx_word' id='word_1_68' title='bbox 1112 1807 1270 1880; x_wconf 87' lang='lat' dir='ltr'><strong>Cereres,</strong></span> <span class='ocrx_word' id='word_1_69' title='bbox 1297 1808 1453 1887; x_wconf 90' lang='lat' dir='ltr'><strong>quedam</strong></span> <span class='ocrx_word' id='word_1_70' title='bbox 1474 1809 1612 1888; x_wconf 88' lang='lat' dir='ltr'><strong>glauca,</strong></span> <span class='ocrx_word' id='word_1_71' title='bbox 1650 1825 1781 1869; x_wconf 89' lang='lat' dir='ltr'><strong>avarus</strong></span> 
     </span>
     <span class='ocr_line' id='line_1_10' title="bbox 452 1906 1787 1988; baseline 0.002 -15"><span class='ocrx_word' id='word_1_72' title='bbox 452 1912 556 1976; x_wconf 88' lang='lat' dir='ltr'><strong>Pluto</strong></span> <span class='ocrx_word' id='word_1_73' title='bbox 579 1915 637 1976; x_wconf 89' lang='lat' dir='ltr'><strong>vel</strong></span> <span class='ocrx_word' id='word_1_74' title='bbox 660 1915 761 1977; x_wconf 93' lang='lat' dir='ltr'><strong>dives</strong></span> <span class='ocrx_word' id='word_1_75' title='bbox 776 1911 980 1978; x_wconf 89' lang='lat' dir='ltr'><strong>Terebrans</strong></span> <span class='ocrx_word' id='word_1_76' title='bbox 996 1917 1137 1979; x_wconf 86' lang='lat' dir='ltr'><strong>viscera</strong></span> <span class='ocrx_word' id='word_1_77' title='bbox 1152 1916 1220 1978; x_wconf 90' lang='lat' dir='ltr'><strong>soli</strong></span> <span class='ocrx_word' id='word_1_78' title='bbox 1235 1916 1426 1978; x_wconf 90' lang='lat' dir='ltr'><strong>veneracio</strong></span> <span class='ocrx_word' id='word_1_79' title='bbox 1442 1913 1584 1988; x_wconf 90' lang='lat' dir='ltr'><strong>Chiron,</strong></span> <span class='ocrx_word' id='word_1_80' title='bbox 1600 1906 1787 1977; x_wconf 79' lang='lat' dir='ltr'><strong>Achiroeb</strong></span> 
     </span>
     <span class='ocr_line' id='line_1_11' title="bbox 452 2019 1785 2104; baseline 0.001 -23"><span class='ocrx_word' id='word_1_81' title='bbox 452 2019 567 2094; x_wconf 90' lang='lat' dir='ltr'><strong>Picus,</strong></span> <span class='ocrx_word' id='word_1_82' title='bbox 592 2020 768 2094; x_wconf 90' lang='lat' dir='ltr'><strong>Phaunus,</strong></span> <span class='ocrx_word' id='word_1_83' title='bbox 794 2021 920 2094; x_wconf 89' lang='lat' dir='ltr'><strong>Serita,</strong></span> <span class='ocrx_word' id='word_1_84' title='bbox 940 2022 1059 2104; x_wconf 87' lang='lat' dir='ltr'><strong>Satyri</strong></span> <span class='ocrx_word' id='word_1_85' title='bbox 1076 2023 1274 2102; x_wconf 89' lang='lat' dir='ltr'><strong>Panesque,</strong></span> <span class='ocrx_word' id='word_1_86' title='bbox 1291 2022 1398 2104; x_wconf 87' lang='lat' dir='ltr'><strong>Acys,</strong></span> <span class='ocrx_word' id='word_1_87' title='bbox 1415 2021 1645 2094; x_wconf 90' lang='lat' dir='ltr'><strong>Eurimedon,</strong></span> <span class='ocrx_word' id='word_1_88' title='bbox 1660 2021 1785 2101; x_wconf 88' lang='lat' dir='ltr'><strong>pervia</strong></span> 
     </span>
     <span class='ocr_line' id='line_1_12' title="bbox 451 2126 1784 2210; baseline 0.001 -21"><span class='ocrx_word' id='word_1_89' title='bbox 451 2126 550 2200; x_wconf 89' lang='lat' dir='ltr'><strong>Iuno,</strong></span> <span class='ocrx_word' id='word_1_90' title='bbox 574 2147 677 2190; x_wconf 91' lang='lat' dir='ltr'><strong>soror</strong></span> <span class='ocrx_word' id='word_1_91' title='bbox 700 2132 736 2191; x_wconf 95' lang='lat' dir='ltr'><strong>et</strong></span> <span class='ocrx_word' id='word_1_92' title='bbox 760 2131 887 2192; x_wconf 86' lang='lat' dir='ltr'><strong>coniux</strong></span> <span class='ocrx_word' id='word_1_93' title='bbox 909 2128 1041 2202; x_wconf 86' lang='lat' dir='ltr'><strong>Hebes,</strong></span> <span class='ocrx_word' id='word_1_94' title='bbox 1063 2129 1173 2201; x_wconf 81' lang='lat' dir='ltr'><strong>Mars,</strong></span> <span class='ocrx_word' id='word_1_95' title='bbox 1189 2131 1323 2209; x_wconf 90' lang='lat' dir='ltr'><strong>ubique</strong></span> <span class='ocrx_word' id='word_1_96' title='bbox 1338 2141 1491 2210; x_wconf 89' lang='lat' dir='ltr'><strong>regnans</strong></span> <span class='ocrx_word' id='word_1_97' title='bbox 1508 2130 1647 2208; x_wconf 88' lang='lat' dir='ltr'><strong>absque</strong></span> <span class='ocrx_word' id='word_1_98' title='bbox 1663 2140 1784 2208; x_wconf 91' lang='lat' dir='ltr'><strong>regno,</strong></span> 
     </span>
     <span class='ocr_line' id='line_1_13' title="bbox 451 2230 1784 2316; baseline 0 -20"><span class='ocrx_word' id='word_1_99' title='bbox 451 2233 590 2315; x_wconf 88' lang='lat' dir='ltr'><strong>Cupido</strong></span> <span class='ocrx_word' id='word_1_100' title='bbox 613 2237 780 2316; x_wconf 88' lang='lat' dir='ltr'><strong>voluptas</strong></span> <span class='ocrx_word' id='word_1_101' title='bbox 804 2256 982 2309; x_wconf 88' lang='lat' dir='ltr'><strong>evomans,</strong></span> <span class='ocrx_word' id='word_1_102' title='bbox 1005 2236 1212 2316; x_wconf 88' lang='lat' dir='ltr'><strong>Ypodauna</strong></span> <span class='ocrx_word' id='word_1_103' title='bbox 1227 2237 1453 2298; x_wconf 89' lang='lat' dir='ltr'><strong>velocissima</strong></span> <span class='ocrx_word' id='word_1_104' title='bbox 1468 2254 1587 2308; x_wconf 89' lang='lat' dir='ltr'><strong>cursu,</strong></span> <span class='ocrx_word' id='word_1_105' title='bbox 1612 2230 1784 2306; x_wconf 88' lang='lat' dir='ltr'><strong>Thereus,</strong></span> 
     </span>
     <span class='ocr_line' id='line_1_14' title="bbox 450 2331 1778 2424; baseline 0.002 -23"><span class='ocrx_word' id='word_1_106' title='bbox 450 2340 565 2416; x_wconf 88' lang='lat' dir='ltr'><strong>Ythis,</strong></span> <span class='ocrx_word' id='word_1_107' title='bbox 588 2342 840 2423; x_wconf 84' lang='lat' dir='ltr'><strong>Asthalaphus,</strong></span> <span class='ocrx_word' id='word_1_108' title='bbox 865 2331 1195 2424; x_wconf 42' lang='lat' dir='ltr'><strong>Parffiaon,&#39;AgruS,</strong></span> <span class='ocrx_word' id='word_1_109' title='bbox 1219 2340 1372 2415; x_wconf 86' lang='lat' dir='ltr'><strong>Testius,</strong></span> <span class='ocrx_word' id='word_1_110' title='bbox 1397 2339 1567 2416; x_wconf 89' lang='lat' dir='ltr'><strong>Theseus,</strong></span> <span class='ocrx_word' id='word_1_111' title='bbox 1585 2341 1778 2423; x_wconf 87' lang='lat' dir='ltr'><strong>Plixippus,</strong></span> 
     </span>
     <span class='ocr_line' id='line_1_15' title="bbox 451 2448 1783 2532; baseline 0 -22"><span class='ocrx_word' id='word_1_112' title='bbox 451 2448 566 2523; x_wconf 86' lang='lat' dir='ltr'><strong>Altea,</strong></span> <span class='ocrx_word' id='word_1_113' title='bbox 591 2449 721 2524; x_wconf 88' lang='lat' dir='ltr'><strong>Oneus,</strong></span> <span class='ocrx_word' id='word_1_114' title='bbox 745 2449 925 2522; x_wconf 86' lang='lat' dir='ltr'><strong>Deianira,</strong></span> <span class='ocrx_word' id='word_1_115' title='bbox 951 2449 1098 2531; x_wconf 91' lang='lat' dir='ltr'><strong>Gorges,</strong></span> <span class='ocrx_word' id='word_1_116' title='bbox 1119 2453 1271 2513; x_wconf 88' lang='lat' dir='ltr'><strong>venator</strong></span> <span class='ocrx_word' id='word_1_117' title='bbox 1294 2449 1485 2532; x_wconf 84' lang='lat' dir='ltr'><strong>Meleager,</strong></span> <span class='ocrx_word' id='word_1_118' title='bbox 1503 2449 1783 2529; x_wconf 85' lang='lat' dir='ltr'><strong>Parthenopeus,</strong></span> 
     </span>
     <span class='ocr_line' id='line_1_16' title="bbox 450 2551 1783 2640; baseline 0 -24"><span class='ocrx_word' id='word_1_119' title='bbox 450 2552 594 2637; x_wconf 89' lang='lat' dir='ltr'><strong>Tydeus</strong></span> <span class='ocrx_word' id='word_1_120' title='bbox 617 2558 829 2640; x_wconf 87' lang='lat' dir='ltr'><strong>Dyomedes,</strong></span> <span class='ocrx_word' id='word_1_121' title='bbox 846 2557 1075 2638; x_wconf 82' lang='lat' dir='ltr'><strong>Menalippus</strong></span> <span class='ocrx_word' id='word_1_122' title='bbox 1090 2557 1224 2631; x_wconf 89' lang='lat' dir='ltr'><strong>Zesius,</strong></span> <span class='ocrx_word' id='word_1_123' title='bbox 1240 2556 1380 2638; x_wconf 92' lang='lat' dir='ltr'><strong>Plegias</strong></span> <span class='ocrx_word' id='word_1_124' title='bbox 1397 2556 1558 2630; x_wconf 87' lang='lat' dir='ltr'><strong>Coronis,</strong></span> <span class='ocrx_word' id='word_1_125' title='bbox 1574 2556 1698 2630; x_wconf 90' lang='lat' dir='ltr'><strong>Ysion,</strong></span> <span class='ocrx_word' id='word_1_126' title='bbox 1715 2551 1783 2617; x_wconf 91' lang='lat' dir='ltr'><strong>Tu·</strong></span> 
     </span>
     <span class='ocr_line' id='line_1_17' title="bbox 451 2662 1784 2744; baseline 0 -20"><span class='ocrx_word' id='word_1_127' title='bbox 451 2664 570 2736; x_wconf 90' lang='lat' dir='ltr'><strong>ricius,</strong></span> <span class='ocrx_word' id='word_1_128' title='bbox 604 2665 750 2739; x_wconf 90' lang='lat' dir='ltr'><strong>Astilus,</strong></span> <span class='ocrx_word' id='word_1_129' title='bbox 786 2665 917 2738; x_wconf 88' lang='lat' dir='ltr'><strong>Nubes,</strong></span> <span class='ocrx_word' id='word_1_130' title='bbox 954 2664 1084 2735; x_wconf 84' lang='lat' dir='ltr'><strong>Nexus,</strong></span> <span class='ocrx_word' id='word_1_131' title='bbox 1121 2662 1351 2744; x_wconf 87' lang='lat' dir='ltr'><strong>Ophionides,</strong></span> <span class='ocrx_word' id='word_1_132' title='bbox 1377 2663 1576 2736; x_wconf 88' lang='lat' dir='ltr'><strong>Perithous,</strong></span> <span class='ocrx_word' id='word_1_133' title='bbox 1601 2663 1784 2744; x_wconf 89' lang='lat' dir='ltr'><strong>Polipites,</strong></span> 
     </span>
     <span class='ocr_line' id='line_1_18' title="bbox 450 2767 1784 2851; baseline 0.001 -20"><span class='ocrx_word' id='word_1_134' title='bbox 450 2767 607 2843; x_wconf 90' lang='lat' dir='ltr'><strong>Bricton,</strong></span> <span class='ocrx_word' id='word_1_135' title='bbox 631 2771 809 2846; x_wconf 90' lang='lat' dir='ltr'><strong>Euannes,</strong></span> <span class='ocrx_word' id='word_1_136' title='bbox 832 2771 1037 2844; x_wconf 90' lang='lat' dir='ltr'><strong>Hermiona,</strong></span> <span class='ocrx_word' id='word_1_137' title='bbox 1062 2770 1285 2851; x_wconf 90' lang='lat' dir='ltr'><strong>Hipernium,</strong></span> <span class='ocrx_word' id='word_1_138' title='bbox 1310 2771 1471 2845; x_wconf 89' lang='lat' dir='ltr'><strong>Etholus,</strong></span> <span class='ocrx_word' id='word_1_139' title='bbox 1502 2771 1634 2834; x_wconf 89' lang='lat' dir='ltr'><strong>Remus</strong></span> <span class='ocrx_word' id='word_1_140' title='bbox 1658 2774 1693 2832; x_wconf 88' lang='lat' dir='ltr'><strong>et</strong></span> <span class='ocrx_word' id='word_1_141' title='bbox 1715 2769 1784 2832; x_wconf 91' lang='lat' dir='ltr'><strong>Ro·</strong></span> 
     </span>
     <span class='ocr_line' id='line_1_19' title="bbox 452 2875 1784 2959; baseline 0.002 -21"><span class='ocrx_word' id='word_1_142' title='bbox 452 2878 566 2940; x_wconf 90' lang='lat' dir='ltr'><strong>molus</strong></span> <span class='ocrx_word' id='word_1_143' title='bbox 590 2880 669 2941; x_wconf 91' lang='lat' dir='ltr'><strong>orbi</strong></span> <span class='ocrx_word' id='word_1_144' title='bbox 691 2898 792 2940; x_wconf 90' lang='lat' dir='ltr'><strong>arma</strong></span> <span class='ocrx_word' id='word_1_145' title='bbox 815 2882 995 2959; x_wconf 91' lang='lat' dir='ltr'><strong>parantes,</strong></span> <span class='ocrx_word' id='word_1_146' title='bbox 1031 2897 1112 2940; x_wconf 91' lang='lat' dir='ltr'><strong>cum</strong></span> <span class='ocrx_word' id='word_1_147' title='bbox 1136 2881 1257 2941; x_wconf 90' lang='lat' dir='ltr'><strong>cetera</strong></span> <span class='ocrx_word' id='word_1_148' title='bbox 1280 2880 1388 2941; x_wconf 89' lang='lat' dir='ltr'><strong>turba</strong></span> <span class='ocrx_word' id='word_1_149' title='bbox 1412 2897 1455 2940; x_wconf 82' lang='lat' dir='ltr'><strong>ex</strong></span> <span class='ocrx_word' id='word_1_150' title='bbox 1480 2878 1620 2940; x_wconf 91' lang='lat' dir='ltr'><strong>duobus</strong></span> <span class='ocrx_word' id='word_1_151' title='bbox 1651 2875 1784 2940; x_wconf 87' lang='lat' dir='ltr'><strong>infimis</strong></span> 
     </span>
     <span class='ocr_line' id='line_1_20' title="bbox 453 2983 1784 3066; baseline 0 -20"><span class='ocrx_word' id='word_1_152' title='bbox 453 2984 635 3047; x_wconf 87' lang='lat' dir='ltr'><strong>elementis</strong></span> <span class='ocrx_word' id='word_1_153' title='bbox 659 2989 838 3060; x_wconf 90' lang='lat' dir='ltr'><strong>nascente,</strong></span> <span class='ocrx_word' id='word_1_154' title='bbox 877 3005 957 3048; x_wconf 93' lang='lat' dir='ltr'><strong>cum</strong></span> <span class='ocrx_word' id='word_1_155' title='bbox 980 2989 1088 3058; x_wconf 84' lang='lat' dir='ltr'><strong>terra,</strong></span> <span class='ocrx_word' id='word_1_156' title='bbox 1113 2983 1187 3048; x_wconf 87' lang='lat' dir='ltr'><strong>nisi</strong></span> <span class='ocrx_word' id='word_1_157' title='bbox 1203 2985 1360 3066; x_wconf 84' lang='lat' dir='ltr'><strong>irrigata,</strong></span> <span class='ocrx_word' id='word_1_158' title='bbox 1384 3004 1456 3047; x_wconf 91' lang='lat' dir='ltr'><strong>non</strong></span> <span class='ocrx_word' id='word_1_159' title='bbox 1478 2987 1606 3066; x_wconf 89' lang='lat' dir='ltr'><strong>gignat,</strong></span> <span class='ocrx_word' id='word_1_160' title='bbox 1632 3003 1784 3064; x_wconf 90' lang='lat' dir='ltr'><strong>quorum</strong></span> 
     </span>
     <span class='ocr_line' id='line_1_21' title="bbox 452 3090 1153 3156; baseline 0.004 -5"><span class='ocrx_word' id='word_1_161' title='bbox 452 3092 595 3153; x_wconf 92' lang='lat' dir='ltr'><strong>nomina</strong></span> <span class='ocrx_word' id='word_1_162' title='bbox 618 3093 703 3154; x_wconf 92' lang='lat' dir='ltr'><strong>mihi</strong></span> <span class='ocrx_word' id='word_1_163' title='bbox 727 3096 782 3155; x_wconf 90' lang='lat' dir='ltr'><strong>est</strong></span> <span class='ocrx_word' id='word_1_164' title='bbox 804 3094 940 3156; x_wconf 87' lang='lat' dir='ltr'><strong>tedium</strong></span> <span class='ocrx_word' id='word_1_165' title='bbox 962 3094 1117 3155; x_wconf 87' lang='lat' dir='ltr'><strong>recitare</strong></span> <span class='ocrx_word' id='word_1_166' title='bbox 1133 3090 1153 3154; x_wconf 88' lang='lat'><strong>¹.</strong></span> 
     </span>
    </p>

    <p class='ocr_par' dir='ltr' id='par_1_3' title="bbox 405 3191 1787 4457">
     <span class='ocr_line' id='line_1_22' title="bbox 405 3191 1784 3278; baseline -0.001 -18"><span class='ocrx_word' id='word_1_167' title='bbox 405 3191 438 3254; x_wconf 85' lang='lat'><strong>4·</strong></span> <span class='ocrx_word' id='word_1_168' title='bbox 558 3197 651 3261; x_wconf 89' lang='lat' dir='ltr'><strong>Huic</strong></span> <span class='ocrx_word' id='word_1_169' title='bbox 675 3202 794 3262; x_wconf 86' lang='lat' dir='ltr'><strong>tamen</strong></span> <span class='ocrx_word' id='word_1_170' title='bbox 827 3201 985 3263; x_wconf 86' lang='lat' dir='ltr'><strong>avaricie</strong></span> <span class='ocrx_word' id='word_1_171' title='bbox 1007 3200 1066 3261; x_wconf 92' lang='lat' dir='ltr'><strong>vel</strong></span> <span class='ocrx_word' id='word_1_172' title='bbox 1098 3199 1244 3262; x_wconf 88' lang='lat' dir='ltr'><strong>honoris</strong></span> <span class='ocrx_word' id='word_1_173' title='bbox 1261 3217 1380 3271; x_wconf 90' lang='lat' dir='ltr'><strong>causa,</strong></span> <span class='ocrx_word' id='word_1_174' title='bbox 1405 3199 1614 3261; x_wconf 90' lang='lat' dir='ltr'><strong>deserviunt</strong></span> <span class='ocrx_word' id='word_1_175' title='bbox 1637 3199 1784 3278; x_wconf 90' lang='lat' dir='ltr'><strong>vigilan·</strong></span> 
     </span>
     <span class='ocr_line' id='line_1_23' title="bbox 451 3305 1786 3388; baseline 0.002 -23"><span class='ocrx_word' id='word_1_176' title='bbox 451 3305 588 3367; x_wconf 77' lang='lat' dir='ltr'><strong>tissime</strong></span> <span class='ocrx_word' id='word_1_177' title='bbox 610 3307 820 3370; x_wconf 83' lang='lat' dir='ltr'><strong>insudantes</strong></span> <span class='ocrx_word' id='word_1_178' title='bbox 844 3325 974 3370; x_wconf 87' lang='lat' dir='ltr'><strong>rarove</strong></span> <span class='ocrx_word' id='word_1_179' title='bbox 996 3310 1147 3388; x_wconf 91' lang='lat' dir='ltr'><strong>propter</strong></span> <span class='ocrx_word' id='word_1_180' title='bbox 1169 3305 1293 3377; x_wconf 92' lang='lat' dir='ltr'><strong>Deum,</strong></span> <span class='ocrx_word' id='word_1_181' title='bbox 1319 3325 1470 3386; x_wconf 90' lang='lat' dir='ltr'><strong>eumque</strong></span> <span class='ocrx_word' id='word_1_182' title='bbox 1485 3325 1688 3386; x_wconf 90' lang='lat' dir='ltr'><strong>sumpmum</strong></span> <span class='ocrx_word' id='word_1_183' title='bbox 1704 3324 1786 3384; x_wconf 87' lang='lat' dir='ltr'><strong>pre·</strong></span> 
     </span>
     <span class='ocr_line' id='line_1_24' title="bbox 450 3407 1784 3494; baseline -0.001 -21"><span class='ocrx_word' id='word_1_184' title='bbox 450 3411 559 3473; x_wconf 89' lang='lat' dir='ltr'><strong>mium</strong></span> <span class='ocrx_word' id='word_1_185' title='bbox 591 3415 859 3493; x_wconf 89' lang='lat' dir='ltr'><strong>acquirendum,</strong></span> <span class='ocrx_word' id='word_1_186' title='bbox 892 3412 1003 3486; x_wconf 90' lang='lat' dir='ltr'><strong>Chlio,</strong></span> <span class='ocrx_word' id='word_1_187' title='bbox 1037 3413 1207 3493; x_wconf 81' lang='lat' dir='ltr'><strong>Euterpe,</strong></span> <span class='ocrx_word' id='word_1_188' title='bbox 1242 3411 1481 3494; x_wconf 82' lang='lat' dir='ltr'><strong>Melpomone,</strong></span> <span class='ocrx_word' id='word_1_189' title='bbox 1515 3407 1653 3484; x_wconf 86' lang='lat' dir='ltr'><strong>Thalia,</strong></span> <span class='ocrx_word' id='word_1_190' title='bbox 1691 3411 1784 3475; x_wconf 92' lang='lat' dir='ltr'><strong>Poli-</strong></span> 
     </span>
     <span class='ocr_line' id='line_1_25' title="bbox 450 3517 1782 3599; baseline 0.001 -20"><span class='ocrx_word' id='word_1_191' title='bbox 450 3519 567 3591; x_wconf 90' lang='lat' dir='ltr'><strong>mima,</strong></span> <span class='ocrx_word' id='word_1_192' title='bbox 602 3519 748 3595; x_wconf 89' lang='lat' dir='ltr'><strong>Eratho,</strong></span> <span class='ocrx_word' id='word_1_193' title='bbox 780 3517 979 3595; x_wconf 87' lang='lat' dir='ltr'><strong>Tersicore,</strong></span> <span class='ocrx_word' id='word_1_194' title='bbox 1003 3519 1149 3593; x_wconf 87' lang='lat' dir='ltr'><strong>Urania,</strong></span> <span class='ocrx_word' id='word_1_195' title='bbox 1174 3517 1330 3599; x_wconf 91' lang='lat' dir='ltr'><strong>Caliope,</strong></span> <span class='ocrx_word' id='word_1_196' title='bbox 1356 3517 1490 3592; x_wconf 91' lang='lat' dir='ltr'><strong>Venus,</strong></span> <span class='ocrx_word' id='word_1_197' title='bbox 1507 3517 1662 3582; x_wconf 89' lang='lat' dir='ltr'><strong>Volcani</strong></span> <span class='ocrx_word' id='word_1_198' title='bbox 1685 3518 1782 3580; x_wconf 90' lang='lat' dir='ltr'><strong>Mar·</strong></span> 
     </span>
     <span class='ocr_line' id='line_1_26' title="bbox 451 3625 1785 3709; baseline 0.001 -23"><span class='ocrx_word' id='word_1_199' title='bbox 451 3625 597 3704; x_wconf 83' lang='lat' dir='ltr'><strong>iisquec</strong></span> <span class='ocrx_word' id='word_1_200' title='bbox 619 3626 739 3700; x_wconf 91' lang='lat' dir='ltr'><strong>Amor,</strong></span> <span class='ocrx_word' id='word_1_201' title='bbox 775 3627 992 3709; x_wconf 88' lang='lat' dir='ltr'><strong>Proserpina</strong></span> <span class='ocrx_word' id='word_1_202' title='bbox 1029 3627 1186 3706; x_wconf 88' lang='lat' dir='ltr'><strong>quedam</strong></span> <span class='ocrx_word' id='word_1_203' title='bbox 1209 3626 1399 3706; x_wconf 85' lang='lat' dir='ltr'><strong>protunda,</strong></span> <span class='ocrx_word' id='word_1_204' title='bbox 1437 3625 1565 3689; x_wconf 89' lang='lat' dir='ltr'><strong>Castor</strong></span> <span class='ocrx_word' id='word_1_205' title='bbox 1599 3625 1785 3705; x_wconf 87' lang='lat' dir='ltr'><strong>Poluxque</strong></span> 
     </span>
     <span class='ocr_line' id='line_1_27' title="bbox 451 3730 1784 3815; baseline 0.001 -21"><span class='ocrx_word' id='word_1_206' title='bbox 451 3751 522 3795; x_wconf 90' lang='lat' dir='ltr'><strong>non</strong></span> <span class='ocrx_word' id='word_1_207' title='bbox 542 3734 643 3813; x_wconf 90' lang='lat' dir='ltr'><strong>prior</strong></span> <span class='ocrx_word' id='word_1_208' title='bbox 665 3730 818 3797; x_wconf 90' lang='lat' dir='ltr'><strong>Telluris</strong></span> <span class='ocrx_word' id='word_1_209' title='bbox 842 3737 968 3815; x_wconf 88' lang='lat' dir='ltr'><strong>partus</strong></span> <span class='ocrx_word' id='word_1_210' title='bbox 992 3734 1142 3796; x_wconf 88' lang='lat' dir='ltr'><strong>edentes</strong></span> <span class='ocrx_word' id='word_1_211' title='bbox 1166 3733 1372 3813; x_wconf 88' lang='lat' dir='ltr'><strong>pulcritudo</strong></span> <span class='ocrx_word' id='word_1_212' title='bbox 1387 3731 1524 3795; x_wconf 93' lang='lat' dir='ltr'><strong>Helene</strong></span> <span class='ocrx_word' id='word_1_213' title='bbox 1540 3731 1784 3795; x_wconf 88' lang='lat' dir='ltr'><strong>Clitemestra·</strong></span> 
     </span>
     <span class='ocr_line' id='line_1_28' title="bbox 452 3833 1784 3922; baseline 0.002 -21"><span class='ocrx_word' id='word_1_214' title='bbox 452 3858 522 3918; x_wconf 90' lang='lat' dir='ltr'><strong>que</strong></span> <span class='ocrx_word' id='word_1_215' title='bbox 544 3841 658 3902; x_wconf 89' lang='lat' dir='ltr'><strong>eciam</strong></span> <span class='ocrx_word' id='word_1_216' title='bbox 681 3842 880 3904; x_wconf 89' lang='lat' dir='ltr'><strong>sacerdotis</strong></span> <span class='ocrx_word' id='word_1_217' title='bbox 914 3860 976 3904; x_wconf 88' lang='lat' dir='ltr'><strong>cor</strong></span> <span class='ocrx_word' id='word_1_218' title='bbox 999 3840 1199 3922; x_wconf 82' lang='lat' dir='ltr'><strong>perforavit</strong></span> <span class='ocrx_word' id='word_1_219' title='bbox 1222 3833 1473 3912; x_wconf 69' lang='lat' dir='ltr'><strong>Paliscimend,</strong></span> <span class='ocrx_word' id='word_1_220' title='bbox 1509 3859 1581 3902; x_wconf 92' lang='lat' dir='ltr'><strong>non</strong></span> <span class='ocrx_word' id='word_1_221' title='bbox 1615 3841 1692 3903; x_wconf 90' lang='lat' dir='ltr'><strong>sine</strong></span> <span class='ocrx_word' id='word_1_222' title='bbox 1723 3840 1784 3903; x_wconf 92' lang='lat' dir='ltr'><strong>de·</strong></span> 
     </span>
     <span class='ocr_line' id='line_1_29' title="bbox 450 3945 1787 4029; baseline 0.001 -22"><span class='ocrx_word' id='word_1_223' title='bbox 450 3945 547 4010; x_wconf 84' lang='lat' dir='ltr'><strong>fectu</strong></span> <span class='ocrx_word' id='word_1_224' title='bbox 568 3947 802 4011; x_wconf 85' lang='lat' dir='ltr'><strong>Mirmidones</strong></span> <span class='ocrx_word' id='word_1_225' title='bbox 826 3950 906 4011; x_wconf 92' lang='lat' dir='ltr'><strong>cibo</strong></span> <span class='ocrx_word' id='word_1_226' title='bbox 930 3950 1031 4029; x_wconf 91' lang='lat' dir='ltr'><strong>parci</strong></span> <span class='ocrx_word' id='word_1_227' title='bbox 1054 3948 1294 4029; x_wconf 81' lang='lat' dir='ltr'><strong>infatigabiles</strong></span> <span class='ocrx_word' id='word_1_228' title='bbox 1318 3949 1445 4028; x_wconf 85' lang='lat' dir='ltr'><strong>pugnis</strong></span> <span class='ocrx_word' id='word_1_229' title='bbox 1468 3947 1612 4020; x_wconf 88' lang='lat' dir='ltr'><strong>Zantus,</strong></span> <span class='ocrx_word' id='word_1_230' title='bbox 1645 3948 1787 4010; x_wconf 84' lang='lat' dir='ltr'><strong>Lucifer</strong></span> 
     </span>
     <span class='ocr_line' id='line_1_30' title="bbox 451 4053 1784 4136; baseline 0 -21"><span class='ocrx_word' id='word_1_231' title='bbox 451 4055 498 4116; x_wconf 91' lang='lat' dir='ltr'><strong>ab</strong></span> <span class='ocrx_word' id='word_1_232' title='bbox 520 4055 770 4118; x_wconf 87' lang='lat' dir='ltr'><strong>itinerantibus</strong></span> <span class='ocrx_word' id='word_1_233' title='bbox 795 4059 1002 4136; x_wconf 86' lang='lat' dir='ltr'><strong>expectatus</strong></span> <span class='ocrx_word' id='word_1_234' title='bbox 1026 4054 1223 4118; x_wconf 91' lang='lat' dir='ltr'><strong>Deucalion</strong></span> <span class='ocrx_word' id='word_1_235' title='bbox 1259 4074 1372 4135; x_wconf 86' lang='lat' dir='ltr'><strong>rapax</strong></span> <span class='ocrx_word' id='word_1_236' title='bbox 1395 4053 1544 4118; x_wconf 90' lang='lat' dir='ltr'><strong>Lichion</strong></span> <span class='ocrx_word' id='word_1_237' title='bbox 1571 4058 1688 4117; x_wconf 91' lang='lat' dir='ltr'><strong>mater</strong></span> <span class='ocrx_word' id='word_1_238' title='bbox 1712 4073 1784 4115; x_wconf 91' lang='lat' dir='ltr'><strong>ma·</strong></span> 
     </span>
     <span class='ocr_line' id='line_1_31' title="bbox 451 4160 1784 4245; baseline 0.001 -23"><span class='ocrx_word' id='word_1_239' title='bbox 451 4161 537 4222; x_wconf 84' lang='lat' dir='ltr'><strong>ximi</strong></span> <span class='ocrx_word' id='word_1_240' title='bbox 557 4160 657 4236; x_wconf 83' lang='lat' dir='ltr'><strong>turis,</strong></span> <span class='ocrx_word' id='word_1_241' title='bbox 690 4160 780 4245; x_wconf 87' lang='lat' dir='ltr'><strong>Ceys</strong></span> <span class='ocrx_word' id='word_1_242' title='bbox 805 4162 1072 4243; x_wconf 89' lang='lat' dir='ltr'><strong>desperacionis</strong></span> <span class='ocrx_word' id='word_1_243' title='bbox 1096 4166 1182 4225; x_wconf 88' lang='lat' dir='ltr'><strong>nota</strong></span> <span class='ocrx_word' id='word_1_244' title='bbox 1206 4160 1329 4244; x_wconf 83' lang='lat' dir='ltr'><strong>Oryon</strong></span> <span class='ocrx_word' id='word_1_245' title='bbox 1352 4162 1509 4224; x_wconf 88' lang='lat' dir='ltr'><strong>incertus</strong></span> <span class='ocrx_word' id='word_1_246' title='bbox 1538 4161 1784 4224; x_wconf 89' lang='lat' dir='ltr'><strong>adulterorum</strong></span> 
     </span>
     <span class='ocr_line' id='line_1_32' title="bbox 450 4259 1782 4350; baseline 0.001 -21"><span class='ocrx_word' id='word_1_247' title='bbox 450 4266 546 4331; x_wconf 87' lang='lat' dir='ltr'><strong>filius</strong></span> <span class='ocrx_word' id='word_1_248' title='bbox 569 4267 740 4350; x_wconf 91' lang='lat' dir='ltr'><strong>Ligurgus</strong></span> <span class='ocrx_word' id='word_1_249' title='bbox 763 4268 857 4332; x_wconf 84' lang='lat' dir='ltr'><strong>forte</strong></span> <span class='ocrx_word' id='word_1_250' title='bbox 880 4271 1039 4332; x_wconf 86' lang='lat' dir='ltr'><strong>avaricia</strong></span> <span class='ocrx_word' id='word_1_251' title='bbox 1070 4270 1201 4332; x_wconf 90' lang='lat' dir='ltr'><strong>ductus</strong></span> <span class='ocrx_word' id='word_1_252' title='bbox 1224 4269 1408 4332; x_wconf 86' lang='lat' dir='ltr'><strong>maritavit</strong></span> <span class='ocrx_word' id='word_1_253' title='bbox 1430 4267 1591 4331; x_wconf 88' lang='lat' dir='ltr'><strong>Laticem</strong></span> <span class='ocrx_word' id='word_1_254' title='bbox 1615 4268 1735 4331; x_wconf 90' lang='lat' dir='ltr'><strong>Bacco</strong></span> <span class='ocrx_word' id='word_1_255' title='bbox 1751 4259 1782 4350; x_wconf 73' lang='lat' dir='ltr'><strong>ll,</strong></span> 
     </span>
     <span class='ocr_line' id='line_1_33' title="bbox 450 4373 1785 4457; baseline 0.001 -22"><span class='ocrx_word' id='word_1_256' title='bbox 450 4373 569 4439; x_wconf 82' lang='lat' dir='ltr'><strong>Minos</strong></span> <span class='ocrx_word' id='word_1_257' title='bbox 593 4377 763 4449; x_wconf 86' lang='lat' dir='ltr'><strong>tirannus,</strong></span> <span class='ocrx_word' id='word_1_258' title='bbox 789 4378 944 4440; x_wconf 89' lang='lat' dir='ltr'><strong>crudelis</strong></span> <span class='ocrx_word' id='word_1_259' title='bbox 969 4375 1126 4440; x_wconf 85' lang='lat' dir='ltr'><strong>Glaucus</strong></span> <span class='ocrx_word' id='word_1_260' title='bbox 1149 4377 1290 4457; x_wconf 89' lang='lat' dir='ltr'><strong>imperii</strong></span> <span class='ocrx_word' id='word_1_261' title='bbox 1324 4378 1470 4439; x_wconf 89' lang='lat' dir='ltr'><strong>invasor</strong></span> <span class='ocrx_word' id='word_1_262' title='bbox 1492 4377 1680 4455; x_wconf 90' lang='lat' dir='ltr'><strong>superbus,</strong></span> <span class='ocrx_word' id='word_1_263' title='bbox 1717 4374 1785 4436; x_wconf 91' lang='lat' dir='ltr'><strong>biis</strong></span> 
     </span>
    </p>
   </div>
   <div class='ocr_carea' id='block_1_3' title="bbox 557 4717 1628 4786">
    <p class='ocr_par' dir='ltr' id='par_1_4' title="bbox 557 4717 1628 4786">
     <span class='ocr_line' id='line_1_34' title="bbox 557 4717 1628 4786; baseline -0.001 -15"><span class='ocrx_word' id='word_1_264' title='bbox 557 4722 589 4782; x_wconf 87' lang='lat' dir='ltr'><strong>n)</strong></span> <span class='ocrx_word' id='word_1_265' title='bbox 608 4735 643 4766; x_wconf 90' lang='lat'><strong><em>=</em></strong></span> <span class='ocrx_word' id='word_1_266' title='bbox 661 4719 822 4786; x_wconf 83' lang='lat' dir='ltr'><strong>lapetiam</strong></span> <span class='ocrx_word' id='word_1_267' title='bbox 858 4721 890 4783; x_wconf 85' lang='lat' dir='ltr'><strong>b)</strong></span> <span class='ocrx_word' id='word_1_268' title='bbox 906 4719 1039 4772; x_wconf 88' lang='lat' dir='ltr'><strong>ochiroe.</strong></span> <span class='ocrx_word' id='word_1_269' title='bbox 1075 4721 1104 4783; x_wconf 88' lang='lat' dir='ltr'><strong>c)</strong></span> <span class='ocrx_word' id='word_1_270' title='bbox 1124 4745 1156 4755; x_wconf 96' lang='lat'>-</span> <span class='ocrx_word' id='word_1_271' title='bbox 1176 4718 1293 4772; x_wconf 83' lang='lat' dir='ltr'><strong>Mariis.</strong></span> <span class='ocrx_word' id='word_1_272' title='bbox 1329 4720 1362 4781; x_wconf 85' lang='lat' dir='ltr'><strong>d)</strong></span> <span class='ocrx_word' id='word_1_273' title='bbox 1381 4734 1416 4764; x_wconf 90' lang='lat'><strong>:</strong></span> <span class='ocrx_word' id='word_1_274' title='bbox 1435 4717 1628 4770; x_wconf 86' lang='lat' dir='ltr'><strong>Paliscimen.</strong></span> 
     </span>
    </p>
   </div>
   <div class='ocr_carea' id='block_1_4' title="bbox 450 4859 1784 5198">
    <p class='ocr_par' dir='ltr' id='par_1_5' title="bbox 450 4859 1784 5198">
     <span class='ocr_line' id='line_1_35' title="bbox 558 4859 1784 4930; baseline -0.002 -14"><span class='ocrx_word' id='word_1_275' title='bbox 558 4860 579 4929; x_wconf 90' lang='lat'><strong>¹)</strong></span> <span class='ocrx_word' id='word_1_276' title='bbox 597 4861 646 4916; x_wconf 88' lang='lat' dir='ltr'><strong>On</strong></span> <span class='ocrx_word' id='word_1_277' title='bbox 663 4876 863 4928; x_wconf 85' lang='lat' dir='ltr'><strong>remarquera</strong></span> <span class='ocrx_word' id='word_1_278' title='bbox 881 4862 959 4915; x_wconf 87' lang='lat' dir='ltr'><strong>dans</strong></span> <span class='ocrx_word' id='word_1_279' title='bbox 978 4863 1059 4914; x_wconf 82' lang='lat' dir='ltr'><strong>cette</strong></span> <span class='ocrx_word' id='word_1_280' title='bbox 1077 4861 1189 4929; x_wconf 85' lang='lat' dir='ltr'><strong>longne</strong></span> <span class='ocrx_word' id='word_1_281' title='bbox 1209 4861 1420 4914; x_wconf 75' lang='lat' dir='ltr'><strong>enumeration</strong></span> <span class='ocrx_word' id='word_1_282' title='bbox 1439 4861 1478 4914; x_wconf 93' lang='lat' dir='ltr'><strong>de</strong></span> <span class='ocrx_word' id='word_1_283' title='bbox 1496 4860 1613 4929; x_wconf 84' lang='lat' dir='ltr'><strong>ligures</strong></span> <span class='ocrx_word' id='word_1_284' title='bbox 1631 4859 1784 4930; x_wconf 81' lang='lat' dir='ltr'><strong>mytholo-</strong></span> 
     </span>
     <span class='ocr_line' id='line_1_36' title="bbox 450 4950 1784 5019; baseline 0 -16"><span class='ocrx_word' id='word_1_285' title='bbox 450 4952 555 5019; x_wconf 89' lang='lat' dir='ltr'><strong>giques</strong></span> <span class='ocrx_word' id='word_1_286' title='bbox 573 4954 620 5004; x_wconf 88' lang='lat' dir='ltr'><strong>les</strong></span> <span class='ocrx_word' id='word_1_287' title='bbox 645 4951 710 5004; x_wconf 74' lang='lat' dir='ltr'><strong>tres</strong></span> <span class='ocrx_word' id='word_1_288' title='bbox 736 4953 939 5004; x_wconf 87' lang='lat' dir='ltr'><strong>nombreuses</strong></span> <span class='ocrx_word' id='word_1_289' title='bbox 964 4951 1160 5018; x_wconf 78' lang='lat' dir='ltr'><strong>corruptions</strong></span> <span class='ocrx_word' id='word_1_290' title='bbox 1186 4951 1226 5004; x_wconf 91' lang='lat' dir='ltr'><strong>de</strong></span> <span class='ocrx_word' id='word_1_291' title='bbox 1255 4965 1353 5014; x_wconf 88' lang='lat' dir='ltr'><strong>noms,</strong></span> <span class='ocrx_word' id='word_1_292' title='bbox 1378 4950 1455 5003; x_wconf 89' lang='lat' dir='ltr'><strong>dont</strong></span> <span class='ocrx_word' id='word_1_293' title='bbox 1482 4950 1723 5017; x_wconf 87' lang='lat' dir='ltr'><strong>quelques-unes</strong></span> <span class='ocrx_word' id='word_1_294' title='bbox 1751 4964 1784 5003; x_wconf 86' lang='lat' dir='ltr'><strong>se</strong></span> 
     </span>
     <span class='ocr_line' id='line_1_37' title="bbox 450 5037 1783 5109; baseline -0.001 -17"><span class='ocrx_word' id='word_1_295' title='bbox 450 5041 594 5094; x_wconf 87' lang='lat' dir='ltr'><strong>trouvent</strong></span> <span class='ocrx_word' id='word_1_296' title='bbox 612 5041 682 5108; x_wconf 65' lang='lat' dir='ltr'><strong>ddja</strong></span> <span class='ocrx_word' id='word_1_297' title='bbox 700 5041 779 5093; x_wconf 86' lang='lat' dir='ltr'><strong>dans</strong></span> <span class='ocrx_word' id='word_1_298' title='bbox 797 5042 828 5094; x_wconf 87' lang='lat' dir='ltr'><strong>la</strong></span> <span class='ocrx_word' id='word_1_299' title='bbox 843 5037 1022 5109; x_wconf 72' lang='lat' dir='ltr'><strong>Genealogte</strong></span> <span class='ocrx_word' id='word_1_300' title='bbox 1034 5042 1089 5093; x_wconf 84' lang='lat' dir='ltr'><strong>des</strong></span> <span class='ocrx_word' id='word_1_301' title='bbox 1102 5041 1202 5092; x_wconf 86' lang='lat' dir='ltr'><strong>Dieux</strong></span> <span class='ocrx_word' id='word_1_302' title='bbox 1216 5040 1256 5093; x_wconf 93' lang='lat' dir='ltr'><strong>de</strong></span> <span class='ocrx_word' id='word_1_303' title='bbox 1269 5039 1416 5094; x_wconf 83' lang='lat' dir='ltr'><strong>Boccace.</strong></span> <span class='ocrx_word' id='word_1_304' title='bbox 1434 5039 1479 5093; x_wconf 91' lang='lat' dir='ltr'><strong>Le</strong></span> <span class='ocrx_word' id='word_1_305' title='bbox 1495 5039 1612 5106; x_wconf 86' lang='lat' dir='ltr'><strong>copiste</strong></span> <span class='ocrx_word' id='word_1_306' title='bbox 1625 5039 1783 5092; x_wconf 81' lang='lat' dir='ltr'><strong>d&#39;ailleurs</strong></span> 
     </span>
     <span class='ocr_line' id='line_1_38' title="bbox 450 5129 1076 5198; baseline -0.002 -16"><span class='ocrx_word' id='word_1_307' title='bbox 450 5144 469 5182; x_wconf 89' lang='lat' dir='ltr'><strong>a</strong></span> <span class='ocrx_word' id='word_1_308' title='bbox 486 5130 530 5184; x_wconf 88' lang='lat' dir='ltr'><strong>du</strong></span> <span class='ocrx_word' id='word_1_309' title='bbox 547 5131 667 5198; x_wconf 81' lang='lat' dir='ltr'><strong>ajouter</strong></span> <span class='ocrx_word' id='word_1_310' title='bbox 685 5145 798 5184; x_wconf 89' lang='lat' dir='ltr'><strong>encore</strong></span> <span class='ocrx_word' id='word_1_311' title='bbox 817 5131 836 5183; x_wconf 79' lang='lat' dir='ltr'><strong>a</strong></span> <span class='ocrx_word' id='word_1_312' title='bbox 854 5130 885 5184; x_wconf 86' lang='lat' dir='ltr'><strong>la</strong></span> <span class='ocrx_word' id='word_1_313' title='bbox 904 5129 1076 5185; x_wconf 77' lang='lat' dir='ltr'><strong>confusion.</strong></span> 
     </span>
    </p>
   </div>
   <div class='ocr_carea' id='block_1_5' title="bbox 0 0 2154 6116">
    <p class='ocr_par' dir='ltr' id='par_1_6' title="bbox 0 0 2154 6116">
     <span class='ocr_line' id='line_1_39' title="bbox 0 0 2154 6116; baseline 0 0"><span class='ocrx_word' id='word_1_314' title='bbox 0 0 2154 6116; x_wconf 95' lang='lat' dir='ltr'><strong> </strong></span> 
     </span>
    </p>
   </div>
  </div>
 </body>
</html>
