4300 6117
862 997 1049 1051 IOHANNIS
1072 996 1253 1050 DOMINICI
1658 984 1723 1047 393

401 1277 405 1282 ,
494 1220 566 1284 Sed
590 1223 678 1301 quid
702 1221 750 1284 ad
786 1239 861 1294 nos,
896 1221 995 1301 quod
1026 1221 1073 1283 sit
1104 1221 1224 1282 salvus
1255 1238 1367 1281 necve
1399 1237 1466 1299 per
1500 1237 1580 1280 eum
1614 1216 1787 1280 michi13.
1885 1235 1889 1244 ·

384 1331 526 1392 locutus
551 1331 606 1392 est
628 1328 725 1390 Deus
748 1331 785 1391 et
807 1348 879 1391 non
901 1347 968 1408 per
990 1328 1180 1390 ethnicos?
1226 1325 1299 1388 Sed
1332 1327 1400 1406 ipsi
1431 1326 1607 1405 quidquid
1630 1325 1722 1387 veri·

385 1437 471 1500 tatis
495 1437 728 1517 scripserunt,
753 1435 974 1516 originaliter
997 1436 1033 1497 et
1055 1436 1172 1514 primo
1207 1434 1253 1496 de
1285 1434 1398 1495 sacris
1430 1432 1575 1496 Litteris
1613 1430 1723 1493 furati

384 1546 468 1606 sunt
490 1547 531 1605 ut
553 1544 723 1606 latrones.
736 1579 776 1586 —
790 1540 894 1605 Unde
918 1544 1081 1622 sequitur
1104 1543 1140 1602 in
1164 1545 1264 1606 textu
1280 1539 1480 1620 Augustini:
1507 1559 1522 1592 s
1540 1538 1724 1625 Quidquid

384 1651 588 1730 philosophi
612 1651 759 1729 quidam
783 1651 877 1712 inter
899 1650 992 1712 falsa
1027 1668 1120 1728 quae
1161 1649 1298 1728 opinati
1330 1649 1422 1719 sunt,
1452 1666 1577 1709 verum
1600 1646 1724 1707 videre

384 1760 589 1837 potuerunt,
614 1758 651 1819 et
673 1758 864 1819 laboriosis
888 1756 1199 1836 disputacionibus
1223 1755 1444 1835 persuadere
1481 1755 1595 1817 moliti
1631 1755 1723 1824 sunt,

387 1865 485 1943 quod
508 1865 680 1926 mundum
702 1865 810 1927 istum
832 1863 929 1926 Deus
953 1864 1088 1935 iecerit,
1114 1881 1267 1942 eumque
1296 1863 1374 1942 ipse
1412 1860 1724 1942 providentissime

384 1972 622 2043 administret,
647 1973 693 2034 de
731 1972 919 2034 honestate
957 1972 1139 2042 virtutum,
1163 1970 1209 2032 de
1246 1986 1366 2032 amore
1404 1968 1532 2048 patrie,
1566 1968 1613 2030 de
1650 1967 1725 2028 ilde

385 2079 558 2149 amicicie,
584 2078 756 2140 debonis
795 2079 974 2158 operibus,
1000 2080 1110 2156 atque
1149 2077 1314 2139 omnibus
1352 2075 1401 2138 ad
1439 2094 1556 2137 mores
1590 2075 1724 2155 probos

385 2187 648 2264 pertinentibus
672 2186 789 2258 rebus,
820 2186 983 2264 quamvis
1007 2185 1206 2246 nescientes
1230 2183 1279 2244 ad
1303 2201 1409 2262 quem
1431 2183 1549 2253 linem,
1575 2186 1610 2244 et
1639 2201 1724 2261 quo·

386 2310 469 2353 nam
493 2294 601 2355 modo
625 2296 744 2355 essent
767 2293 886 2355 omnia
902 2282 916 2375 ΙΙ
946 2293 1016 2353 ista
1040 2290 1230 2353 referenda
1252 2289 1481 2371 propheticis,
1503 2289 1571 2352 hoc
1595 2292 1649 2351 est
1673 2289 1724 2350 di·

385 2400 478 2460 vinis
501 2401 662 2473 vocibus,
688 2401 851 2478 quamvis
875 2417 941 2479 per
964 2398 1135 2470 homines,
1161 2399 1197 2461 in
1220 2398 1282 2458 illa
1305 2396 1458 2460 Civitate
1473 2397 1606 2477 populo
1631 2414 1724 2459 com·

386 2507 557 2568 mendata
581 2510 672 2578 sunt,
709 2526 781 2569 non
803 2507 1156 2588 argumentacionum
1179 2505 1510 2568 concertacionibus
1534 2504 1722 2575 inculcata,

385 2618 425 2675 ut
448 2633 519 2676 non
541 2613 692 2676 hominis
716 2616 902 2695 ingenium,
927 2614 993 2675 sed
1015 2613 1083 2675 Dei
1106 2613 1286 2691 eloquium
1317 2615 1568 2690 contempnere
1604 2611 1723 2672 tormi-

387 2721 502 2792 daret,
528 2723 590 2801 qui
613 2722 675 2782 illa
698 2725 934 2802 agnosceret»
947 2719 967 2782 ¹.
983 2758 1023 2764 -
1041 2719 1195 2801 Propter
1208 2720 1274 2782 hec
1290 2721 1436 2781 ventum
1452 2721 1505 2780 est
1522 2718 1570 2780 ad
1586 2719 1723 2780 solven-

385 2828 472 2889 dum
496 2829 594 2908 quod
618 2830 724 2891 aliter
746 2831 900 2891 recitant
923 2830 1091 2891 doctores
1114 2828 1230 2890 sancti
1265 2827 1452 2889 universos
1487 2843 1627 2887 errores
1662 2825 1722 2887 ho·

386 2936 520 2998 minum
561 2936 786 3016 apponendo,
826 2955 907 2999 mox
946 2936 1124 2998 medelam
1162 2953 1207 2996 ne
1244 2933 1377 3005 ledant‚
1417 2935 1453 2995 et
1491 2933 1596 2996 aliter
1618 2923 1631 3016 Η
1671 2934 1724 2994 illi

386 3042 573 3122 prophani,
598 3044 660 3122 qui
681 3062 821 3106 venena
844 3042 1103 3122 apparentibus
1126 3041 1254 3103 liniunt
1277 3041 1381 3112 veris,
1407 3043 1447 3102 ut
1477 3043 1602 3119 captos
1631 3039 1723 3102 iner-

386 3167 462 3210 mes
501 3150 678 3212 occidant.
714 3150 788 3213 Nec
818 3153 940 3212 tamen
971 3149 1084 3212 nostri
1119 3149 1212 3210 inter
1248 3148 1475 3210 mulierculas
1509 3147 1724 3229 ydiotasque

386 3256 484 3318 viros
507 3256 690 3318 hominum
713 3257 946 3319 detestandos
971 3274 1122 3332 errores,
1148 3256 1215 3316 nisi
1240 3274 1320 3316 cum
1342 3253 1451 3315 luerit
1483 3257 1725 3334 opportunum

387 3381 441 3433 ne,
482 3363 629 3437 scilicet,
670 3365 755 3426 mali
787 3364 888 3425 mixti
920 3366 1035 3426 bonos
1070 3363 1246 3434 inficiant,
1280 3362 1470 3442 predicare
1504 3363 1723 3441 presumunt,

388 3469 473 3548 quia
496 3474 628 3533 natura
652 3490 767 3551 prona
791 3472 903 3552 magis
927 3472 964 3532 in
986 3471 1120 3532 malum
1148 3469 1287 3532 inheret
1315 3470 1470 3532 faciliter
1497 3468 1607 3530 ialsis.
1646 3466 1725 3528 Au·

386 3577 584 3656 gustinus
609 3579 702 3639 enim
725 3598 796 3640 non
820 3579 991 3641 disseruit
1013 3578 1147 3658 populo
1171 3577 1284 3639 libros
1308 3577 1358 3638 de
1382 3573 1556 3637 Civiate
1579 3575 1664 3646 Dei,
1690 3577 1725 3635 et

388 3687 527 3746 ceteros
550 3685 726 3747 adversus
748 3686 915 3748 infandos
940 3703 1092 3756 errores,
1119 3685 1185 3746 sed
1208 3685 1388 3764 dirigebat
1422 3683 1471 3744 ad
1494 3701 1565 3754 eos,
1596 3683 1725 3761 quibus

387 3810 478 3871 opus
502 3795 606 3854 erant
627 3793 676 3853 ad
700 3794 861 3854 salutem.
908 3792 988 3853 Non
1011 3793 1094 3854 sunt
1117 3809 1299 3853 sermones
1322 3791 1359 3851 in
1383 3790 1609 3869 exposicione
1630 3789 1725 3868 psal·

386 3917 526 3960 morum
550 3902 586 3961 et
608 3900 818 3962 omeliarum
841 3912 969 3979 magna
994 3900 1169 3979 congerie,
1198 3916 1287 3977 quos
1310 3900 1432 3959 tantus
1457 3897 1584 3958 doctor
1596 3897 1726 3976 agebat

388 4006 436 4067 ad
459 3988 622 4086 populos,
648 4025 719 4068 non
741 4006 923 4079 rithimati,
948 4025 1021 4068 non
1044 4007 1303 4067 concurrentes
1341 4007 1465 4075 metro,
1490 4023 1562 4065 non
1600 4004 1723 4082 tropis,

387 4131 459 4175 non
481 4114 583 4194 pleni¹
602 4114 709 4176 dictis
743 4115 925 4195 gentilium
963 4116 999 4175 et
1033 4112 1249 4185 huiusmodi,
1274 4112 1340 4174 sed
1370 4112 1583 4173 veritatibus
1612 4111 1725 4172 sacris

385 4219 610 4283 suffarsinati
632 4221 771 4300 pariter
794 4224 829 4282 et
854 4221 1033 4300 exemplis.
1083 4217 1142 4282 Sic
1177 4219 1336 4281 Doctor
1359 4221 1513 4290 sanctus,
1553 4217 1620 4279 Dei
1654 4218 1724 4296 spi·

386 4327 458 4389 ritu
485 4329 621 4408 plenus,
661 4326 817 4390 Contra
856 4326 1046 4390 Gentiles
1084 4327 1306 4389 laudandum
1339 4327 1506 4387 volumen
1539 4325 1732 4404 compegit..

387 4434 525 4514 aliquid
566 4437 811 4514 profecturum
846 4435 895 4496 ad
934 4432 1095 4507 Grecosi,
1138 4434 1231 4495 sicut
1262 4433 1334 4494 iam
1363 4431 1458 4494 facte
1483 4433 1535 4494 rei
1557 4431 1725 4512 probavit

386 4545 545 4614 eventus,
570 4542 738 4604 domino
759 4541 967 4605 Demitrio
990 4540 1226 4603 Euchiridion
1248 4540 1337 4601 illud
1360 4540 1399 4600 in
1412 4551 1554 4620 grecam
1570 4539 1725 4618 linguam

390 4829 602 4838 —-—-———-

495 5082 517 5151 ¹)
537 5085 567 5137 S.
585 5085 666 5138 ΑΗΒ.
687 5082 770 5136 Auo.
788 5083 835 5136 De
857 5082 941 5135 crvu,
960 5083 1026 5146 Det,
1044 5080 1151 5145 XVIII,
1170 5091 1230 5144 xm,
1248 5082 1289 5134 ad
1307 5081 1372 5144 litt.¹
1390 5079 1447 5133 col.
1466 5079 1528 5132 602.

493 5180 514 5245 ²)
533 5182 593 5235 Sur
619 5184 651 5235 le
676 5182 733 5233 but
758 5195 820 5247 que
845 5196 880 5234 se
905 5180 1065 5247 proposuit
1092 5179 1122 5233 S.
1147 5177 1280 5232 Thomas
1305 5178 1384 5231 dans
1409 5193 1468 5230 son
1493 5176 1585 5230 truite
1613 5175 1724 5228 Contra

387 5272 530 5333 Gentiles,
548 5270 586 5324 ci.
605 5272 627 5335 Ι,
645 5281 676 5323 11.
698 5268 782 5339 Quae
800 5273 842 5322 stt
859 5273 994 5322 auctoris
1013 5268 1161 5322 intentio?
