4300 6117
794 1017 980 1071 IOHANNIS
1003 1017 1185 1070 DOMINICI
1583 1007 1651 1070 433

319 1242 427 1302 cessit
450 1241 606 1303 delusus.
631 1240 789 1303 Alterius
813 1242 967 1303 civitatis
994 1242 1164 1311 eiusdem,
1181 1260 1247 1320 per
1264 1240 1360 1303 idem
1375 1239 1488 1302 ferme
1504 1243 1654 1319 tempus,

319 1349 466 1428 spiritus
501 1349 703 1427 nequiciam
737 1335 920 1417 transileo,
953 1349 1014 1428 qni
1052 1349 1147 1409 omni
1180 1348 1345 1409 custodia
1380 1348 1658 1426 prudentissime

319 1456 501 1535 vigilabat,
540 1457 607 1517 sub
651 1456 771 1534 specie
810 1456 971 1534 murilegi
1008 1457 1115 1526 visus,
1150 1455 1312 1534 telasque
1345 1455 1479 1516 sericas
1511 1473 1597 1534 sepe
1621 1455 1658 1516 in

320 1563 427 1624 domo
451 1563 599 1624 textoris
623 1565 785 1634 occabat,
810 1580 998 1641 quousque
1034 1565 1186 1640 uterque
1211 1562 1398 1640 coniugum
1429 1562 1496 1623 fuit
1528 1581 1549 1622 a
1584 1562 1657 1622 suis

320 1669 460 1730 delictis
499 1687 565 1749 per
601 1671 745 1748 plenam
782 1667 1043 1731 confessionem
1082 1671 1263 1748 purgatus.
1316 1667 1474 1730 Narrare
1521 1687 1657 1729 rennuo

321 1776 507 1837 cuiusdam
530 1777 677 1854 spiritus
702 1779 895 1837 nocturnos
919 1779 1089 1846 terrores,
1116 1776 1258 1838 cuidam
1281 1775 1385 1836 militi
1408 1795 1478 1837 uon
1510 1776 1612 1855 longe
1636 1793 1657 1836 a

321 1883 446 1944 meniis
470 1881 656 1945 Florencie
682 1883 837 1944 civitatis
873 1873 888 1965 ss
913 1886 998 1945 tunc
1023 1883 1267 1954 commoranti,
1292 1900 1363 1943 non
1386 1882 1497 1943 semel
1520 1885 1659 1944 tantum

321 1990 490 2051 audiente
514 1991 550 2050 et
573 1992 747 2051 tremente
772 1992 847 2050 tota
871 1991 1047 2069 populosa
1071 1989 1178 2051 domo
1202 1989 1438 2067 prodigaliter
1471 1989 1659 2060 immissos,

322 2096 427 2157 nullis
451 2097 619 2157 remediis
643 2098 690 2157 ab
714 2094 948 2158 infestacione
972 2099 1165 2168 cessantes,
1191 2097 1259 2157 nisi
1283 2114 1364 2157 cum
1385 2098 1515 2158 devote
1538 2097 1660 2160 audie·

322 2205 386 2265 bat
407 2204 588 2282 prolatum
612 2221 741 2264 nomen
763 2204 884 2265 istud:
908 2202 1035 2275 Maria,
1061 2222 1161 2283 quos,
1186 2206 1226 2264 ut
1243 2204 1412 2276 creditur,
1430 2205 1592 2265 secutum
1608 2205 1663 2264 est

322 2310 475 2382 exilium,
500 2313 581 2388 post
605 2328 760 2389 nequam
789 2313 1004 2372 tormentum
1019 2315 1034 2344 ²
1065 2311 1218 2389 ministri
1241 2311 1382 2389 prefati.
1409 2309 1522 2371 Silere
1547 2323 1665 2389 cogor»

323 2416 390 2478 biis
414 2417 602 2494 scripturis
632 2415 982 2488 confusis,·tediosns
1009 2416 1159 2480 effectus
1184 2417 1370 2478 cuiusdam
1399 2418 1545 2497 spiritus
1570 2417 1664 2479 ioca·

323 2523 465 2586 bundos
489 2526 614 2602 raptus
637 2525 741 2584 unius
765 2522 911 2585 infantis
934 2543 1110 2585 annorum
1134 2527 1290 2603 quatuor
1312 2525 1347 2585 in
1379 2527 1502 2585 nostro
1525 2515 1665 2603 'populo

325 2629 457 2692 Sancte
480 2628 597 2692 Marie
631 2629 788 2702 Novelle,
829 2649 910 2692 cum
942 2633 1096 2709 utroque
1128 2633 1279 2711 parente
1307 2631 1488 2692 morantis.
1521 2629 1666 2692 Medius

325 2738 419 2798 enim
452 2736 593 2808 dormit,
619 2739 656 2798 et
689 2738 850 2817 qualibet
878 2741 983 2799 nocte
1015 2739 1298 2817 speciosissimus
1332 2738 1391 2799 ille
1421 2740 1583 2799 aufertur
1617 2740 1664 2800 ab

327 2845 389 2916 eis,
413 2861 456 2905 eo
480 2862 589 2922 super
612 2862 759 2922 capsam
781 2845 876 2906 lecto
899 2845 1088 2906 adherenti
1112 2845 1246 2916 relicto,
1273 2845 1371 2906 nulla
1393 2845 1528 2906 lesione
1551 2863 1666 2924 usque

325 2950 433 3011 bodie
457 2951 494 3011 in
517 2951 591 3012 eius
617 2952 830 3030 corpusculo
852 2953 1068 3030 patefacta...
1094 2949 1232 3013 Harum
1255 2970 1410 3031 namque
1435 2953 1471 3013 et
1498 2951 1665 3013 similium

325 3057 529 3118 illusionum
561 3058 719 3119 rationes
755 3056 893 3130 fideles,
918 3059 1061 3137 populis
1094 3059 1365 3129 manifestande,
1391 3058 1597 3120 scribuntur
1629 3059 1665 3118 in

327 3161 470 3225 Canone
492 3173 597 3225 XXVI.
623 3162 664 3248 Q.
680 3184 713 3226 v.
732 3163 897 3226 Omnes
922 3163 1174 3244 episcopi¹,
1209 3184 1253 3226 ex
1277 3166 1427 3227 concilio
1450 3165 1664 3245 equitanico.

327 3288 479 3348 qnorum
504 3272 557 3331 est
581 3289 730 3332 summa.
754 3259 847 3355 Quia
870 3272 1042 3333 demones
1076 3270 1314 3333 ludificabant
1344 3273 1482 3334 mentes
1514 3290 1664 3351 sompno

327 3378 473 3455 sopitas,
497 3378 535 3439 in
557 3375 720 3439 fantasiis
746 3381 939 3457 conceptus
963 3379 1053 3440 tales
1077 3378 1283 3450 formantes,
1299 3380 1428 3457 quibus
1441 3379 1511 3440 illis
1520 3379 1665 3441 videtur

328 3502 407 3546 esse
431 3502 511 3545 cum
535 3483 672 3565 Dyana,
707 3487 743 3546 et
774 3488 995 3546 mortuorum
1030 3486 1302 3565 vivenciumque
1336 3487 1444 3547 turba
1478 3487 1663 3564 permixta.

329 3588 428 3652 Sicut
452 3591 545 3651 enim
568 3591 658 3670 ignis
681 3592 776 3654 calet
798 3595 937 3663 natura,
962 3593 1014 3654 sic
1037 3593 1098 3654 ille
1121 3591 1233 3654 hostis
1262 3593 1487 3672 dampnatus,
1514 3592 1665 3654 callidus

329 3700 365 3759 et
387 3700 554 3758 versutus
579 3701 634 3758 est
668 3717 690 3758 a
726 3701 856 3760 natura
880 3700 1061 3778 corrupta.
1096 3698 1183 3760 Vidi
1206 3699 1419 3778 languidam,
1444 3699 1665 3760 medicorum

331 3804 525 3865 multorum
548 3805 681 3866 iudicio
714 3806 959 3877 incurabilem,
984 3807 1201 3885 quandoque
1225 3806 1357 3867 limatis
1390 3807 1426 3866 in
1449 3806 1508 3868 die
1532 3804 1665 3867 Ascen-

329 3911 438 3972 sionis
461 3902 545 3972 ante
569 3911 655 3973 solis
688 3915 850 3974 exortum
885 3932 907 3974 a
940 3914 1055 3974 tribus
1079 3913 1288 3974 mulieribus
1321 3913 1525 3993 genuflexis,
1557 3911 1665 3974 Pater

329 4016 459 4079 Noster
480 4036 547 4096 pro
571 4019 731 4097 qualibet
753 4013 916 4100 lymatab
944 4020 1120 4098 premisso
1143 4019 1281 4081 linitam
1304 4021 1341 4080 in
1363 4023 1542 4082 momento
1563 4039 1666 4080 cura·

329 4126 412 4195 tam,
445 4124 510 4186 sed
538 4124 671 4186 detali
695 4124 1136 4188 obsertranciaiormatac
1159 4127 1229 4188 sibi
1253 4127 1477 4189 consciencia
1510 4127 1581 4187 iam
1604 4144 1665 4205 pe·

331 4231 511 4292 nitentem.
551 4230 609 4293 Ad
648 4231 772 4311 plagas
810 4234 981 4311 pristinas
1020 4252 1103 4294 mox
1139 4251 1331 4304 reversam,
1357 4237 1392 4294 et
1416 4233 1560 4295 demum
1582 4235 1665 4312 post

331 4356 471 4399 menses
496 4339 628 4399 auxilio
652 4343 815 4400 curatam
838 4340 960 4401 divino
984 4341 1202 4419 pascebatur
1225 4340 1319 4400 enim
1341 4341 1488 4419 spiritus
1511 4341 1667 4401 mendax

438 4795 471 4857 a)
490 4811 524 4840 =
544 4794 736 4848 Cornecnm?
774 4796 805 4859 b)
824 4812 859 4842 =
878 4796 1003 4864 lymata.
1040 4800 1069 4859 c)
1092 4823 1119 4832 -
1141 4795 1282 4849 formata.

439 4987 461 5053 ¹)
480 4989 633 5042 GRATIAN.
659 4989 732 5056 Cap.
757 4991 912 5056 Episcopi,
941 5005 1104 5056 eorumque
1132 4993 1263 5042 ministri
1286 4991 1350 5052 XII,
1378 4992 1496 5056 quaest.
1521 4991 1555 5054 V,
1581 5006 1667 5044 caus.

331 5079 436 5131 xm
464 5077 551 5131 Dans
570 5079 600 5132 le
618 5077 741 5141 Decret,
759 5093 796 5131 ce
814 5079 951 5146 chapitre
970 5080 1047 5132 dont
1064 5079 1096 5131 la
1115 5080 1264 5145 rubrique
1288 5081 1391 5146 porte:
1419 5079 1607 5148 sortilegam,
1635 5084 1669 5134 et

332 5171 480 5237 magicam
499 5171 595 5220 artem
614 5171 750 5234 episcopt
767 5169 905 5220 omnibus
922 5169 1020 5220 modis
1032 5169 1187 5222 eliminare
1200 5170 1349 5234 studeant,
1368 5170 1416 5221 est
1430 5169 1533 5222 donne
1545 5183 1667 5222 comme

333 5256 447 5310 extrait
465 5257 521 5308 des
541 5271 656 5310 canons
675 5259 717 5310 du
736 5256 860 5311 Concile
878 5257 1040 5326 d'ltncyre,
1059 5272 1127 5324 cap.
1145 5267 1166 5312 Ι.

1530 5387 1557 5428 28
