4300 6117
457 909 521 974 138
959 922 1118 976 LUCULA
1139 921 1279 976 NOCTIS

454 1142 653 1224 Xpisticola
677 1157 782 1225 agere
817 1145 965 1217 debet⁸,
1004 1146 1081 1207 sine
1104 1145 1233 1225 quibus
1265 1105 1340 1208 'non
1362 1147 1483 1226 potest
1504 1146 1648 1219 salvari,
1682 1164 1791 1226 qnam

455 1251 660 1330 neophitum
682 1252 889 1333 religionum
912 1251 1108 1324 Benedicti,
1131 1251 1307 1316 Dominici
1328 1253 1387 1315 vel
1409 1251 1601 1324 Francisci,
1623 1256 1792 1333 oportere

454 1376 671 1438 perannum,
689 1360 745 1420 sui
757 1359 893 1421 ordinis
907 1361 1053 1421 cunctas
1071 1360 1292 1421 ceremonias
1309 1360 1458 1433 discere,
1473 1360 1603 1440 quibus
1614 1360 1788 1431 obmissis,

455 1467 574 1544 potest
597 1466 748 1546 adipisci
770 1467 978 1529 felicitatem
1001 1464 1266 1528 sanctorum¹l

546 1570 630 1652 Age,
658 1573 714 1633 vir
742 1573 948 1652 spectabilis
976 1571 1082 1646 fama,
1118 1573 1284 1646 sciencia,
1322 1574 1460 1653 pariter
1489 1575 1526 1635 et
1554 1574 1696 1645 virtute,
1734 1573 1791 1634 cui

349 1682 364 1713 ⁰
456 1677 629 1741 Dominus
663 1668 678 1761 ss
714 1680 786 1741 stili
819 1679 1035 1760 eleganciam
1068 1680 1283 1760 singularem
1314 1681 1500 1751 concessit,
1530 1683 1566 1742 et
1594 1680 1715 1760 redige
1742 1680 1792 1742 ad

454 1786 620 1864 pedalem
652 1805 854 1848 mensuram
888 1789 961 1848 tam
998 1787 1035 1849 in
1069 1787 1211 1866 vulgari
1244 1805 1353 1866 quam
1390 1787 1427 1848 in
1462 1787 1602 1869 latino,
1620 1787 1791 1849 articulos

454 1890 541 1954 fidei
576 1911 656 1954 cum
687 1893 832 1974 glosulis
868 1894 990 1965 claris,
1030 1894 1153 1955 divina
1193 1897 1383 1973 precepta,
1427 1894 1578 1956 virtutes
1614 1896 1650 1955 et
1687 1893 1789 1965 vicia,

454 1999 550 2061 dona
583 2003 620 2062 et
657 2000 861 2072 carismata,
899 1998 1052 2081 Spiritus
1088 1999 1225 2063 fructus
1261 2001 1455 2081 prolesque
1489 2002 1610 2062 carnis
1648 2000 1790 2073 infecte,

453 2124 593 2168 necnon
625 2104 787 2169 Ecclesie
819 2108 999 2180 mandata,
1023 2108 1178 2170 iubentis
1207 2108 1353 2187 quando
1390 2109 1435 2170 sit
1464 2108 1673 2179 cenandum,
1704 2125 1790 2186 qua·

452 2213 542 2284 liter,
573 2214 790 2294 quandoque
813 2216 859 2277 sit
881 2215 1131 2286 ieiunandum,
1173 2215 1356 2295 quomodo
1392 2213 1634 2276 confitendum
1671 2217 1708 2276 et
1742 2213 1790 2275 ad

451 2318 714 2382 Eucharistiam
747 2322 994 2383 accedendum
1035 2322 1215 2396 divinam,
1260 2324 1300 2383 ut
1335 2323 1403 2394 sic,
1445 2324 1480 2383 te
1516 2322 1679 2391 doctore.
1719 2322 1791 2402 pri·

451 2428 557 2489 mitus
580 2428 683 2508 pueri
715 2426 881 2508 Xpistum
916 2429 1117 2498 addiscant,
1157 2429 1341 2508 faciesque
1385 2428 1477 2491 tales
1513 2427 1679 2500 infantes,
1703 2446 1791 2508 qua·

451 2534 503 2596 les
543 2553 615 2596 non
649 2538 732 2597 sunt
765 2535 872 2597 hodie
913 2554 1028 2598 senes.
1089 2535 1186 2622 Quid
1226 2536 1411 2608 subrides,
1457 2536 1515 2596 vir
1550 2535 1790 2597 venerande?

450 2639 630 2720 Numquid
652 2642 829 2704 maculam
845 2637 910 2704 tibi
926 2642 1051 2713 obieci,
1077 2646 1116 2705 ut
1132 2661 1237 2722 quem
1263 2643 1342 2704 cani
1359 2642 1606 2704 abscultantb²
1622 2660 1791 2723 proceres

449 2748 592 2809 attoniti
615 2748 864 2828 humiliterque
889 2750 1040 2811 audiunt
1063 2751 1190 2812 cuncti·
1206 2751 1390 2830 principes
1421 2752 1526 2821 terre,
1558 2761 1623 2830 ego
1647 2767 1791 2828 quoque

451 2856 637 2917 statuerim
671 2874 864 2935 puerorum
896 2856 1114 2918 doctorem?
1164 2855 1221 2918 An
1255 2857 1448 2936 imprecari
1482 2856 1625 2918 videor:
1662 2858 1791 2935 optare

451 2961 633 3041 quondam
654 2961 886 3024 intortunium
908 2962 1095 3044 Dyonisiil
1138 2961 1211 3025 Sed
1236 2964 1525 3025 circumfallant⁰
1555 2962 1663 3024 hodie
1687 2963 1791 3044 pueri

451 3063 606 3130 Tullium
629 3072 665 3131 et
686 3067 883 3150 Virgilium,
920 3068 1125 3143 Homerum,
1150 3069 1387 3132 Aristotelem
1411 3072 1448 3132 et
1469 3068 1642 3140 Anneuhr,
1668 3088 1792 3131 eorum

370 3175 373 3180 '
452 3193 563 3255 panes
588 3179 786 3255 querentes,
812 3176 1055 3256 receduntque
1087 3175 1253 3248 famelici,
1278 3175 1373 3238 falsa
1408 3177 1543 3239 cortice
1576 3177 1680 3256 pasti,
1697 3169 1792 3255 'quia

452 3301 523 3344 non
545 3285 600 3344 est
623 3283 684 3362 qui
707 3280 848 3362 frangat
871 3302 999 3363 panem
1023 3284 1168 3363 petenti,
1189 3284 1311 3344 vinum
1329 3283 1375 3345 de
1391 3285 1496 3346 botro
1511 3284 1700 3364 producat,
1718 3287 1790 3354 aut,

452 3389 603 3480 detectis
620 3389 748 3463 aristis,
774 3390 822 3451 ad
843 3390 967 3451 vitalia
982 3391 1154 3453 interiora
1169 3403 1280 3471 grana
1298 3390 1483 3470 perducat.
1511 3388 1574 3453 Set
1590 3393 1696 3463 certe,
1714 3391 1792 3452 sine

452 3496 673 3568 adulacione,
697 3498 734 3558 te
757 3499 899 3575 prefero
923 3499 1087 3561 omnibus
1110 3498 1189 3569 illis,
1215 3516 1304 3577 quos
1328 3516 1399 3559 non
1425 3497 1541 3559 solum
1558 3498 1604 3560 ab
1620 3497 1711 3559 urbe
1726 3497 1793 3560 sed

452 3603 579 3664 vellem
595 3603 717 3681 pulsos
734 3604 781 3665 ab
796 3605 892 3675 orbe,
913 3605 1013 3676 sicut,
1030 3604 1231 3666 resistendo
1246 3601 1415 3677 Labeoni,
1434 3603 1653 3684 Augustinus
1671 3622 1792 3683 quem·

452 3710 540 3772 libet
561 3708 787 3789 Xpistianum
811 3729 876 3772 suo
899 3712 1086 3790 anteponit
1108 3710 1249 3773 Platoni
1264 3709 1285 3773 ³.
1316 3709 1573 3773 Verumtamen
1596 3729 1669 3772 non
1691 3712 1792 3773 dedi·

452 3817 579 3897 gneris,
603 3814 799 3895 Xpistiane,
824 3817 872 3878 ad
896 3820 931 3879 te
954 3817 1152 3880 adventare
1183 3819 1386 3898 ignorantes
1409 3819 1572 3890 infantes,
1603 3819 1687 3897 quia
1720 3817 1792 3881 Do·

452 3925 576 3994 minus,
615 3923 714 3984 cuius
748 3923 898 4005 vestigia
929 3925 1026 3997 teris,
1057 3924 1242 4004 discipulis
1276 3925 1387 3988 dixit:
1428 3942 1442 3976 «
1469 3921 1583 3986 Sinite
1620 3924 1792 4005 parvulos

452 4031 574 4092 venire
597 4030 646 4091 ad
676 4048 741 4102 me,
775 4031 899 4092 talium
927 4033 982 4095 est
1015 4033 1109 4093 enim
1143 4045 1289 4113 regnum
1325 4032 1483 4094 celorum
1498 4051 1513 4086 ›
1526 4029 1549 4092 ⁴.
1587 4030 1793 4093 ministrum

460 4255 674 4265 ———-

558 4475 591 4535 o)
610 4488 644 4518 =
662 4472 783 4525 debeat.
821 4472 852 4536 b)
871 4487 905 4518 =
930 4472 1091 4524 auscultat.
1128 4475 1157 4536 c)
1182 4487 1217 4518 =
1242 4470 1468 4524 circumferant.

559 4646 580 4712 ¹)
598 4647 740 4702 Allusfon
758 4646 777 4700 a
795 4648 916 4701 l'annee
933 4648 974 4701 de
991 4649 1156 4716 probation
1175 4648 1281 4715 exigee
1300 4648 1357 4701 des
1376 4647 1538 4700 candidata
1557 4647 1576 4700 a
1595 4646 1626 4699 la
1644 4647 1695 4699 vie
1718 4647 1788 4701 reli·

451 4738 562 4806 gieuse,
588 4741 619 4792 et
643 4738 756 4791 durant
783 4738 919 4805 laquelle
946 4739 1031 4791 tonte
1056 4739 1146 4790 autre
1172 4738 1265 4790 elude
1293 4751 1354 4804 que
1372 4737 1451 4790 celle
1469 4736 1510 4789 de
1528 4736 1559 4789 la
1577 4735 1664 4803 regie
1681 4738 1713 4789 et
1731 4737 1790 4789 des

451 4828 642 4881 ceremonias
667 4827 856 4894 religieuses,
875 4827 954 4880 ainsi
973 4841 1034 4894 qne
1052 4826 1109 4879 des
1128 4826 1288 4894 pratiques
1307 4825 1523 4893 particulieres
1541 4825 1560 4878 a
1578 4824 1702 4890 l¹ordre,
1721 4825 1790 4878 leur

451 4918 500 4970 est
518 4917 674 4970 interdite.

559 5003 580 5071 ⁹)
598 5007 680 5059 Pour
697 5006 877 5058 auscultant.
907 5005 951 5060 Le
970 5018 1043 5058 sens
1062 5005 1103 5057 de
1121 5019 1157 5058 ce
1174 5005 1315 5058 membre
1334 5004 1374 5057 de
1396 5004 1510 5071 phrase
1528 5005 1576 5057 est
1594 5006 1718 5059 obscur.

559 5091 580 5161 ³)
598 5093 628 5147 S.
646 5095 727 5148 Aue.
745 5095 792 5148 De
813 5093 897 5147 civit.
915 5095 981 5157 Del,
999 5094 1092 5156 XXII,
1110 5103 1220 5146 xxvm.
1238 5094 1274 5146 In
1295 5092 1387 5161 Oper.
1407 5093 1471 5156 VII,
1489 5093 1555 5157 795,
1573 5093 1636 5148 796.

557 5181 579 5248 ⁴)
598 5182 628 5237 S.
647 5182 761 5249 Mine,
779 5183 815 5248 x,
836 5184 878 5236 14.
