4300 6117
825 907 1012 961 IOHANNIS
1035 908 1217 962 DOMINICI
1624 898 1689 961 331

358 1131 461 1194 idem
484 1130 769 1194 crisostomus
793 1150 921 1211 super
942 1130 1179 1193 Mattheum
1203 1134 1239 1193 et
1262 1132 1376 1194 dicat:
1408 1130 1477 1191 «In
1500 1130 1697 1211 Scripturis

359 1240 453 1301 enim
475 1239 588 1301 sacris
611 1239 779 1319 ignorans
803 1239 939 1301 invenit
962 1238 1052 1318 quid
1074 1238 1202 1311 discat,
1228 1241 1419 1301 contumax
1442 1238 1531 1317 quid
1562 1238 1697 1310 timeat,

358 1345 528 1407 laborans
551 1346 699 1425 premia,
734 1346 972 1425 pusillanimis
995 1345 1187 1407 mediocris
1210 1346 1351 1408 iusticie
1376 1346 1485 1417 cibos,
1521 1346 1582 1424 qui
1606 1345 1697 1407 etsi

358 1453 523 1533 pinguem
546 1470 618 1515 non
650 1453 785 1514 faciunt
808 1453 972 1523 animam,
1009 1453 1100 1514 mori
1125 1455 1244 1514 tamen
1267 1471 1339 1514 non
1361 1452 1584 1531 permittunt.
1625 1450 1696 1536 Qui

359 1561 479 1621 antem
502 1561 619 1639 magni
641 1560 750 1622 animi
773 1561 836 1631 est,
861 1560 997 1620 invenit
1021 1560 1071 1620 ibi
1095 1560 1301 1639 spirituales
1330 1577 1441 1631 escas,
1467 1578 1537 1638 que
1561 1559 1696 1622 ducant

360 1685 440 1729 eum
463 1684 578 1746 prope
600 1668 649 1729 ad
671 1667 878 1747 angelorum
901 1669 1088 1728 naturam:
1121 1666 1183 1745 qui
1205 1685 1293 1728 vero
1316 1669 1371 1729 est
1394 1684 1417 1727 a
1440 1666 1597 1747 dyabolo
1620 1666 1696 1727 vnl-

359 1776 516 1846 neratus,
532 1774 668 1835 invenit
681 1774 731 1836 ibi
748 1774 847 1835 cibos
863 1772 1096 1835 medicinales
1118 1776 1154 1836 et
1170 1774 1322 1836 salutem
1335 1791 1401 1853 per
1416 1774 1657 1853 penitenciam
1668 1795 1696 1835 ›.

362 1914 400 1922 -
426 1880 508 1942 Istis
532 1880 663 1942 sociari
685 1881 776 1960 petit
798 1881 1084 1942 venerabilis
1107 1878 1243 1961 Hugo,
1270 1881 1307 1941 in
1335 1880 1430 1942 libro
1454 1879 1515 1943 De
1538 1879 1696 1942 Anima

360 1987 499 2050 dicens:
528 1986 671 2050 «Nichil
695 1988 730 2047 in
753 1987 821 2051 hac
844 1988 920 2049 vita
943 1987 1084 2049 dulcius
1108 1988 1273 2057 sentitur,
1296 1987 1346 2048 nil
1366 1988 1510 2049 avidius
1534 1988 1695 2061 sumitur,

360 2096 410 2157 nil
433 2095 485 2156 ita
500 2086 514 2177 Ι
531 2098 545 2129 ¹
561 2097 714 2157 mentem
736 2095 783 2156 ab
800 2112 923 2157 amore
939 2094 1063 2156 mundi
1079 2097 1238 2174 separat,
1262 2095 1313 2156 nil
1327 2094 1380 2157 sic
1396 2095 1553 2156 animum
1570 2098 1739 2162 contraL
1754 2099 1828 2163 9Ἰτο
1857 2099 1978 2164 138110

360 2202 619 2282 temptaciones
642 2203 800 2274 roborat,
817 2202 867 2262 nil
882 2201 934 2263 ita
950 2202 1131 2263 hominem
1147 2202 1289 2271 excitat,
1306 2205 1342 2263 et
1357 2201 1509 2263 adiuvat
1528 2202 1578 2264 ad
1591 2220 1696 2265 omne

361 2328 450 2389 opus
475 2311 511 2370 et
533 2310 582 2369 ad
604 2325 745 2371 omnem
766 2309 938 2380 laborem,
963 2309 1059 2370 sicut
1084 2310 1243 2371 studium
1265 2328 1369 2371 sacre
1393 2307 1579 2389 Scripture
1594 2308 1637 2371 ²¹.

467 2414 658 2494 Sequendo
681 2433 767 2477 vero
790 2416 1020 2494 antiquorum
1055 2416 1243 2477 doctorum
1265 2435 1354 2478 vera
1388 2419 1424 2478 et
1446 2419 1602 2497 probata
1625 2418 1695 2497 gig·
1708 2420 1740 2482 4.

361 2524 471 2595 nasia,
497 2521 674 2585 fateamur
697 2525 864 2602 oportere
886 2523 924 2585 in
948 2526 1052 2602 parte
1076 2523 1305 2594 intellectiva,
1340 2526 1522 2604 tamquam
1546 2526 1583 2585 in
1613 2526 1695 2587 sub·

360 2630 489 2691 limiori
523 2628 674 2709 fastigio,
710 2630 850 2691 culmen
883 2627 1064 2691 felicitatis
1088 2631 1219 2693 viatori
1252 2632 1435 2710 possibilis
1471 2649 1515 2693 ex
1537 2632 1695 2711 propriis

361 2738 584 2799 naturalibus
607 2738 859 2815 consequende
884 2737 1021 2799 cercius
1045 2737 1243 2799 observari.
1277 2735 1338 2800 Sic
1360 2738 1438 2818 lego
1462 2740 1561 2817 quod
1583 2739 1621 2799 in
1643 2739 1696 2819 ip·

361 2845 433 2907 sius
469 2844 617 2906 exordio
639 2844 813 2923 scriptum
836 2843 987 2923 reperio,
1016 2846 1110 2923 quia,
1134 2844 1312 2916 videlicet,
1337 2845 1484 2924 quando
1507 2844 1592 2907 felix
1616 2849 1696 2909 erat

363 2952 533 3031 «positus
558 2951 671 3013 estin
693 2952 876 3031 paradiso,
913 2954 953 3012 ut
976 2955 1191 3031 operaretur
1206 2974 1220 3007 »
1234 2952 1255 3023 ²,
1291 2953 1429 3014 scilicet
1457 2952 1697 3032 speculando:

360 3057 580 3138 speculando
604 3059 727 3137 utique
750 3077 823 3121 non
844 3059 1042 3137 quamlibet
1065 3061 1280 3131 creaturam,
1316 3060 1354 3120 in
1375 3060 1456 3139 ipsa
1485 3060 1694 3131 consistens,

361 3166 428 3228 sed
449 3166 502 3227 sic
532 3184 575 3227 ex
609 3168 685 3228 tota
707 3165 800 3227 mole
824 3166 975 3228 tendens
1000 3166 1036 3227 in
1059 3164 1186 3235 Deum,
1223 3170 1356 3228 utnon
1384 3168 1499 3229 solum
1524 3166 1698 3230 clamaret

362 3272 546 3352 quodiam
560 3271 752 3351 perfidem
767 3274 979 3352 inspiratam
996 3273 1160 3335 tenebat:
1179 3271 1278 3335 Unus
1294 3285 1377 3352 ergo
1392 3275 1561 3353 princeps
1577 3306 1616 3314 —
1631 3274 1698 3335 sed

360 3380 455 3441 ultra
487 3391 707 3460 progressus,
743 3383 909 3443 nosceret
931 3380 1118 3453 attributa,
1156 3382 1192 3442 et
1224 3382 1374 3443 forsitan
1398 3382 1572 3456 raciones,
1607 3381 1698 3442 illud

361 3486 597 3566 apostolicum
619 3487 855 3566 probaturus:
879 3486 1081 3549 Invisibilia
1104 3486 1172 3549 Dei
1188 3506 1210 3548 a
1227 3490 1393 3550 creatura
1416 3487 1540 3549 mundi
1572 3506 1639 3567 per
1653 3506 1698 3549 ea

362 3612 432 3673 que
447 3592 545 3655 facta
560 3595 651 3666 sunt,
668 3594 888 3656 intellectiva
904 3594 1178 3674 conspiciuntur
1188 3592 1209 3655 ³.
1236 3626 1273 3635 -—
1301 3593 1393 3659 Puto
1408 3595 1516 3675 igitur
1532 3595 1698 3656 celeriter

361 3700 419 3763 hic
441 3697 519 3763 fore
541 3701 657 3762 libera
680 3704 798 3762 mente
822 3701 1028 3771 notandum,
1065 3702 1266 3763 mundanas
1302 3702 1441 3763 litteras
1465 3719 1488 3762 a
1512 3704 1597 3763 noto
1632 3719 1698 3781 per

468 4107 500 4163 a)
525 4122 560 4151 =
585 4105 788 4173 changement
806 4104 979 4166 d'ecritnre,
998 4104 1146 4157 nouvelle
1165 4106 1287 4158 cursive
1301 4105 1371 4171 plns
1384 4105 1597 4167 caracterisee,
1616 4106 1696 4158 mais

361 4195 401 4248 de
419 4196 520 4247 meme
539 4196 666 4262 epoque.

362 4374 577 4426 onvertement
595 4373 614 4426 a
632 4373 753 4442 Pelage.
792 4372 919 4426 Celni-ci
944 4372 1102 4425 d'aillenrs
1128 4388 1168 4425 en
1192 4371 1409 4438 revendiquait
1433 4375 1648 4426 ouvertement
1666 4374 1698 4426 la

361 4463 515 4530 paternit&
540 4462 619 4515 dans
644 4476 694 4515 ses
719 4462 828 4515 lettres
847 4462 866 4515 a
883 4462 1048 4516 Innocent:
1084 4460 1225 4529 ‹Legant
1251 4476 1345 4528 qnam
1372 4461 1413 4514 ad
1438 4476 1558 4514 sacram
1585 4462 1698 4516 Christi

362 4552 513 4620 virginem
531 4551 761 4605 Demetriadem
786 4552 819 4604 in
837 4550 963 4605 Oriente
989 4550 1237 4618 conscripsimus,
1261 4551 1294 4602 et
1318 4550 1479 4604 invenient
1503 4566 1561 4605 nos
1582 4553 1626 4604 ita
1644 4553 1698 4603 ho-

362 4642 453 4693 minis
471 4640 600 4693 laudare
618 4642 769 4703 naturam,
787 4642 821 4693 ut
839 4641 897 4693 Dei
916 4654 1040 4707 semper
1058 4640 1175 4707 gratiae
1193 4639 1343 4693 addamus
1361 4640 1507 4693 auxilium
1519 4653 1543 4685 ι·
1565 4639 1609 4694 Cf.
1629 4643 1698 4694 Mo·

362 4733 457 4783 nitram
476 4734 506 4783 ln
524 4731 696 4797 Epistulam
714 4746 777 4796 seq.
797 4730 832 4782 ln
853 4729 955 4795 Opera
974 4729 1003 4782 S.
1022 4729 1137 4783 EUSEB.
1156 4728 1428 4791 HIER.t.X1,col.
1451 4730 1494 4783 15.

470 4817 490 4885 ¹)
509 4817 552 4873 Ce
569 4828 700 4889 passage
718 4833 759 4871 ne
777 4833 813 4871 se
831 4820 942 4872 trouve
959 4832 1016 4885 pas
1034 4818 1114 4871 dans
1133 4818 1163 4871 le
1181 4819 1266 4871 texte
1284 4818 1327 4869 dn
1345 4819 1391 4869 De
1403 4819 1524 4882 Anima,
1542 4820 1585 4871 dn
1598 4820 1698 4872 moins

362 4909 405 4962 tel
423 4908 497 4975 qn'il
515 4922 594 4961 nous
613 4910 661 4960 est
676 4922 825 4976 parvenu,
845 4923 886 4961 ou
904 4908 988 4962 alors
1008 4908 1029 4960 il
1048 4922 1127 4960 nous
1146 4907 1245 4960 aurait
1259 4907 1405 4975 echappd.
1424 4908 1472 4961 On
1485 4909 1543 4961 sait
1556 4909 1698 4962 combien

362 4998 392 5050 le
410 4999 457 5051 De
475 4998 588 5051 Anima
606 5014 624 5051 a
643 4999 692 5051 ete
711 4998 875 5051 maltraite.

470 5084 491 5151 Ἰ
511 5085 557 5139 Cf.
581 5087 687 5141 Genes.
708 5087 744 5151 11,
765 5088 808 5141 15.

470 5172 490 5242 ¹)
509 5175 539 5229 S.
558 5177 665 5240 PAUL,
684 5178 726 5229 ad
742 5176 829 5235 Rom.
848 5176 870 5239 1,
890 5176 934 5231 20.
