4300 6117
442 860 509 922 426
947 871 1106 926 LUCULA
1128 868 1268 925 NOCTIS

441 1094 512 1166 ubi,
537 1095 735 1156 secundum
769 1094 1038 1168 Iohannem,
1067 1095 1141 1158 suis
1166 1095 1290 1158 emulis
1315 1095 1425 1156 dixit:
1463 1113 1478 1147 ‹
1505 1093 1582 1157 Vos
1608 1114 1651 1157 ex
1673 1098 1782 1176 patre

440 1202 598 1282 dyabolo
621 1203 717 1274 estis,
743 1204 780 1264 et
802 1202 985 1264 desideria
1023 1203 1138 1283 patris
1172 1202 1284 1264 vestri
1318 1201 1427 1264 vultis
1462 1200 1584 1264 facere
1600 1224 1615 1258 2
1632 1199 1653 1264 ¹.
1684 1201 1780 1265 Ecce

441 1310 621 1389 superbia,
645 1327 717 1388 qua
741 1328 781 1371 se
803 1312 945 1389 patrem
967 1307 1063 1372 fecit.
1103 1309 1168 1371 Ille
1190 1311 1238 1371 ab
1262 1309 1369 1371 inicio
1384 1308 1566 1371 homicida
1589 1307 1671 1372 fuit:
1696 1327 1781 1372 ecce

439 1413 629 1488 homicida,
656 1421 691 1477 et
714 1416 751 1477 in
773 1417 927 1479 veritate
950 1435 1022 1479 non
1057 1417 1167 1498 stetit.
1207 1415 1296 1479 Cum
1333 1415 1493 1496 loquitur
1531 1435 1575 1478 ex
1610 1417 1778 1497 propriis,

439 1522 665 1584 mendacium
689 1523 856 1602 loquitur,
882 1524 968 1602 quia
990 1524 1145 1585 mendax
1169 1525 1224 1585 est
1246 1513 1261 1606 Η
1289 1525 1325 1585 et
1347 1525 1454 1603 pater
1476 1523 1553 1585 eius
1578 1541 1657 1586 esse
1684 1542 1779 1585 men·

440 1629 593 1691 dacium.
620 1661 659 1670 -
684 1625 774 1693 Tres
810 1643 893 1712 ergo
927 1631 997 1703 isti,
1021 1633 1062 1692 ut
1095 1631 1141 1692 de
1176 1631 1305 1693 ceteris
1339 1630 1474 1704 sileam,
1510 1633 1593 1692 sunt
1626 1632 1778 1693 affectus

439 1737 516 1798 eius
538 1738 576 1798 in
599 1738 808 1816 operando:
833 1738 1003 1800 simulare
1024 1736 1150 1810 Deum,
1175 1737 1356 1817 loquendo
1380 1738 1548 1818 decipere
1570 1740 1608 1800 et
1623 1735 1774 1806 mentiri,

438 1842 620 1923 legificare
643 1844 840 1907 occidendo
865 1848 901 1907 et
923 1844 1125 1906 mactando.
1162 1843 1217 1905 Ex
1248 1845 1364 1924 primo
1397 1845 1487 1907 libet
1518 1844 1650 1907 intueri
1682 1841 1778 1923 quod

438 1951 636 2030 quidquam
658 1951 705 2013 sit
727 1952 777 2013 ad
810 1953 959 2033 gloriam
995 1952 1073 2026 Dei,
1109 1951 1285 2014 suadente
1322 1949 1461 2032 Spiritu
1496 1950 1639 2025 Sancto,
1664 1951 1776 2013 hostis

438 2059 612 2139 malignus
635 2056 796 2138 effigiare
820 2061 979 2132 conatur,
1005 2062 1045 2121 ut
1068 2077 1091 2120 a
1114 2059 1414 2139 prudencioribus
1446 2061 1483 2121 et
1517 2060 1658 2122 curiose
1692 2076 1776 2137 que·

438 2166 609 2237 rentibus,
634 2184 656 2227 a
680 2166 809 2244 quibus
833 2184 905 2227 non
928 2166 1045 2228 credit
1067 2185 1107 2228 se
1130 2166 1365 2239 adorandum,
1390 2184 1478 2228 vera
1501 2166 1719 2238 dubitentur,
1742 2165 1777 2227 et

438 2274 486 2335 ab
508 2270 640 2353 ydiotis
663 2273 894 2352 simplicibus,
920 2276 957 2335 et
986 2273 1170 2352 imperitis,
1197 2274 1257 2352 qui
1287 2273 1391 2334 nimis
1416 2274 1487 2336 cito
1511 2274 1672 2344 credunt,
1697 2273 1776 2334 sim·

439 2379 582 2460 pliciter
604 2380 787 2442 adoretur.

393 2483 424 2549 7.
544 2485 622 2549 Hec
644 2489 682 2549 in
705 2487 920 2566 quibusdam
943 2487 1224 2567 particularibus
1257 2488 1447 2549 effectibus
1482 2490 1566 2549 sunt
1594 2486 1774 2548 intuenda.

437 2591 609 2656 Dominus
633 2595 727 2656 enim
749 2594 846 2656 Deus
869 2595 973 2656 dedit
994 2595 1117 2656 nobis:
1144 2630 1184 2639 —
1209 2593 1432 2674 phisicam
1466 2595 1503 2655 in
1526 2592 1774 2674 Geneseosv

436 2698 515 2762 Iob
550 2703 585 2762 et
616 2700 973 2774 Ecclesiasten²,
1010 2733 1051 2743 -
1084 2701 1280 2763 ethicam
1312 2702 1349 2762 in
1380 2700 1662 2772 Proverbiis,
1699 2698 1775 2761 Sa·

436 2807 627 2887 piencia,
652 2807 992 2871 Ecclesiastico
1017 2811 1053 2870 et
1076 2808 1294 2887 quibusdam
1317 2808 1467 2880 aliis,—
1490 2807 1717 2870 historias
1741 2807 1777 2866 in

435 2912 537 2976 libris
560 2912 730 2995 Regum
754 2918 790 2977 et
812 2913 889 2977 fere
914 2915 1052 2977 cunctis
1075 2915 1156 2977 aliis
1181 2915 1366 2977 codicibus
1389 2915 1521 2977 veteris
1541 2910 1774 2976 Testamenti,

438 3053 478 3062 —-
503 3022 727 3101 poeticam
749 3022 787 3082 in
809 3023 902 3084 libro
926 3021 1219 3085 Canticorum
1248 3026 1283 3084 et
1311 3022 1392 3084 aliis
1416 3023 1581 3084 omuibus
1611 3021 1773 3101 figuratis

436 3131 500 3189 aut
521 3129 674 3208 figurate
696 3130 888 3191 veritatum
908 3129 1068 3192 archana
1091 3129 1338 3209 prodentibus,
1373 3161 1416 3171 —
1452 3130 1619 3191 cultum
1650 3147 1776 3190 suum

435 3235 473 3295 in
494 3233 702 3298 Levitico
725 3237 858 3309 docuit,
874 3237 1167 3316 -potenciam
1191 3229 1231 3298 et
1246 3236 1406 3297 auxilia
1423 3236 1460 3297 in
1475 3237 1564 3298 locis
1580 3235 1773 3298 innumeris

435 3342 644 3413 declaravit,
673 3343 847 3406 miracula
870 3344 981 3405 multa
1017 3343 1239 3414 monstravit,
1270 3343 1440 3423 produxit
1472 3343 1648 3423 prodigia,
1673 3343 1775 3404 iustis

435 3450 579 3511 vatibus
603 3450 755 3512 tradidit
778 3453 903 3513 sancta
927 3468 1111 3530 responsa,
1145 3450 1330 3531 religiosos
1363 3450 1460 3512 viros
1496 3450 1566 3512 sibi
1598 3449 1776 3511 ministra·

436 3558 537 3618 turos
559 3557 723 3628 instituit,
750 3560 785 3619 et
809 3557 955 3618 tandem
978 3575 1018 3618 se
1041 3557 1188 3619 adorari
1211 3557 1406 3618 mandavit.

392 3659 423 3723 8.
549 3662 686 3725 Similia
709 3665 886 3746 dyabolus
909 3683 981 3726 non
1002 3664 1187 3726 adinvenit
1210 3665 1336 3743 primo,
1362 3664 1427 3726 sed
1451 3663 1587 3725 emulus
1610 3662 1688 3732 Dei,
1713 3662 1775 3741 qui

436 3770 554 3850 gliscit
587 3772 735 3833 adorari
769 3788 850 3833 cum
873 3766 936 3844 eo,
961 3771 1023 3833 nbi
1057 3771 1150 3832 vidit
1181 3770 1296 3833 Deum
1329 3771 1392 3832 illa
1426 3768 1564 3841 fecisse,
1589 3770 1702 3840 finxit,
1736 3772 1776 3830 ut

436 3877 562 3957 potuit,
588 3878 730 3958 equalia
753 3879 923 3958 operibus
945 3878 1022 3939 Dei.
1068 3876 1164 3938 Nulli
1195 3878 1289 3939 enim
1320 3878 1526 3958 scriptores,
1550 3877 1638 3939 nulli
1670 3876 1774 3955 magi,

436 3984 605 4064 nullaque
629 3986 803 4066 prodigia,
827 3985 891 4047 aut
913 3985 1039 4063 quevis
1064 3983 1221 4046 humana
1254 4002 1376 4064 opera,
1402 4003 1471 4064 que
1506 3982 1604 4046 facta
1636 3986 1719 4045 sunt
1753 4001 1775 4044 a

434 4089 521 4162 Deo,
547 4110 652 4154 sacra
675 4091 810 4172 Pagina
832 4093 1018 4163 recitante,
1041 4093 1204 4172 tempore
1226 4094 1488 4171 precesserunt.
1513 4089 1583 4153 Ubi
1606 4103 1691 4171 ergo
1715 4090 1775 4152 ille

434 4199 607 4279 malignus
630 4199 769 4261 audivit
791 4199 968 4279 phisicum
991 4197 1145 4279 Spiritus
1170 4197 1293 4261 Sancti
1316 4198 1475 4260 dixisse:
1504 4197 1576 4259 «Iu
1598 4198 1775 4278 principio

488 4630 491 4634 -
543 4593 565 4661 ¹)
584 4595 614 4648 S.
633 4596 754 4659 Ionan,
770 4596 850 4658 tm,
873 4596 918 4648 44.

539 4681 560 4748 ²)
579 4685 621 4738 ee
639 4686 725 4738 texte
743 4699 891 4738 exercera
910 4699 1024 4739 encore
1041 4685 1072 4737 le
1091 4699 1247 4738 sarcasme
1265 4685 1305 4738 de
1323 4683 1463 4738 Salutati.
1486 4684 1511 4736 Il
1531 4684 1576 4737 dit
1588 4697 1628 4736 en
1646 4684 1775 4751 parlant

432 4774 488 4826 des
513 4774 661 4841 religieux
687 4774 740 4841 qui
766 4774 853 4826 n'ont
879 4789 980 4826 aucun
1007 4775 1103 4842 egard
1127 4790 1189 4827 aux
1215 4775 1315 4842 regies
1334 4775 1374 4828 de
1392 4775 1423 4826 la
1442 4774 1642 4841 grammaire:
1676 4772 1770 4826 «Non

433 4862 670 4916 offenderentur
688 4877 779 4916 aures
797 4865 913 4927 nostre,
933 4863 1005 4930 quia
1017 4878 1082 4916 non
1097 4863 1242 4917 audirent
1252 4877 1292 4916 ex
1306 4878 1361 4917 ore
1377 4863 1604 4930 religiosorum:
1618 4862 1771 4916 Dominus

432 4952 521 5005 dedit
545 4952 636 5004 nobis
660 4952 823 5021 physicam
849 4952 882 5005 in
903 4951 1064 5015 Geneeeos,
1090 4953 1145 5006 lob
1169 4953 1200 5006 et
1218 4953 1435 5006 Ecclesiasten.
1462 4951 1584 5005 Scirent
1609 4949 1770 5005 enimSGe·

432 5056 540 5094 neseoe
558 5042 726 5109 genitivum
744 5055 814 5093 esse
838 5041 972 5093 nominis
997 5041 1088 5108 hujus
1110 5041 1244 5106 Genesis,
1269 5057 1333 5095 non
1351 5040 1528 5104 ablativum,
1547 5056 1605 5094 nec
1623 5041 1770 5109 copulam

432 5130 525 5184 istam
543 5134 573 5183 et
590 5131 775 5198 coniungere
792 5144 885 5197 posse
903 5129 1047 5184 diversos
1066 5145 1195 5184 casus».
1221 5130 1266 5184 Cf.
1285 5130 1483 5198 Epistolurto,
1501 5129 1603 5190 1v21P.
1623 5146 1653 5198 p.
1673 5129 1734 5183 217.
