4300 6117
448 854 490 916 12
955 863 1115 917 LUCULA
1139 862 1279 916 NOCTIS

444 1085 556 1148 fuisse
579 1088 615 1147 in
637 1086 719 1147 aliis
743 1086 906 1165 gentibus
930 1084 1100 1156 homines,
1126 1086 1256 1163 quibus
1280 1085 1347 1147 hoc
1371 1086 1568 1147 misterium
1584 1085 1780 1146 revelatum

446 1196 510 1266 est,
543 1196 578 1255 et
602 1193 664 1272 qui
686 1193 752 1255 hoc
779 1193 892 1254 eciam
915 1193 1036 1254 dicere
1059 1193 1203 1271 impulsi
1226 1195 1316 1263 sunt,
1344 1194 1420 1253 sive
1439 1192 1633 1272 participes
1650 1191 1780 1253 luerint

446 1301 606 1362 eiusdem
628 1300 756 1379 gracie,
780 1300 856 1361 sive
879 1301 1052 1378 expertes,
1079 1300 1153 1361 sive
1179 1318 1245 1379 per
1267 1300 1381 1361 malos
1410 1300 1553 1379 angelos
1575 1299 1673 1360 docti
1699 1298 1778 1369 sint,

446 1426 536 1487 quos
558 1408 665 1468 etiam
694 1409 897 1485 presentem
924 1404 1100 1485 Xpistum,
1137 1425 1246 1485 quem
1269 1406 1370 1468 Iudei
1403 1425 1475 1467 non
1508 1407 1778 1485 acgnoscebant,

446 1515 576 1575 scimus
600 1513 709 1574 fuisse
735 1512 917 1575 confessos
935 1534 950 1565 »
965 1511 986 1573 ¹.

553 1619 729 1692 Secundo,
760 1621 845 1699 quia
867 1620 988 1680 omnia
1010 1619 1109 1681 dicta
1132 1618 1285 1698 Spiritus
1310 1618 1433 1681 Sancti
1460 1622 1609 1699 possunt
1637 1620 1780 1699 impune

445 1728 563 1806 legere
577 1726 767 1806 Xpistiani.
792 1724 841 1787 Et
863 1745 971 1805 quam
993 1726 1106 1787 multa
1133 1727 1230 1788 dicta
1254 1727 1365 1806 ipsius
1382 1725 1536 1806 Spiritus
1553 1726 1676 1788 Sancti
1699 1727 1780 1787 sunt

445 1834 606 1896 inlibris
629 1834 811 1913 gentilium
835 1835 870 1894 et
893 1833 1021 1894 litteris
1046 1833 1279 1895 secularium!
1316 1832 1461 1912 Nempe,
1486 1833 1619 1895 veritas
1648 1852 1671 1894 a
1693 1851 1779 1912 quo·

446 1959 598 2018 cumque
614 1941 765 2010 dicatur,
783 1958 804 2000 a
821 1938 955 2019 Spiritu
969 1938 1102 2001 Sancto
1119 1942 1182 2011 est,
1201 1940 1294 2002 sicut
1309 1942 1463 2002 testatur
1483 1938 1777 2013 Ambrosius²;

446 2049 482 2108 et
504 2048 614 2108 multe
637 2048 817 2117 veritates,
855 2048 1007 2107 maxime
1031 2051 1176 2108 omnes²
1203 2065 1273 2125 que
1295 2049 1460 2126 spectant
1491 2048 1538 2108 ad
1567 2047 1778 2109 catholicam

447 2151 565 2225 tidem,
591 2153 627 2214 in
650 2154 751 2216 libris
775 2154 845 2214 illis
868 2153 1054 2225 habentur,
1079 2156 1120 2215 ut
1143 2154 1263 2215 statim
1285 2154 1432 2233 patebit.

551 2256 690 2332 Tercio,
725 2261 811 2339 quia
833 2260 988 2340 legentes
1013 2261 1228 2321 secularium
1252 2262 1350 2322 dicta
1372 2261 1572 2321 litterarum
1606 2278 1691 2339 sepe
1720 2252 1778 2321 etb

445 2385 592 2428 numero
615 2369 735 2447 plures
758 2369 903 2429 fuerunt
930 2368 1057 2428 exinde
1082 2368 1130 2428 ad
1158 2367 1268 2429 fidem
1297 2368 1470 2429 conversi.
1516 2367 1567 2439 Id,
1600 2367 1646 2428 de
1669 2385 1717 2437 se,
1742 2367 1779 2427 in

445 2474 546 2535 libris
570 2473 936 2535 Confessionum
960 2476 1089 2536 recitat
1110 2473 1427 2554 Augustinus,
1466 2474 1642 2545 videlicet,
1681 2474 1778 2553 quod

444 2580 564 2659 legens
598 2582 729 2643 librum
762 2581 955 2659 quemdam
977 2579 1230 2643 Ciceronis
1265 2582 1323 2642 ad
1345 2578 1682 2652 Hortensemi‘,
1711 2579 1779 2642 fuit

444 2689 561 2749 motus
596 2688 643 2748 ad
678 2688 882 2767 religionem
907 2685 1163 2767 Xpistiauam4.
1211 2688 1342 2750 Narrat
1376 2691 1544 2767 preterea
1577 2688 1614 2748 in
1644 2688 1778 2749 eisdem

445 2812 484 2853 se
507 2806 672 2873 magnam
694 2797 835 2873 partem
855 2796 962 2874 primi
987 2796 1135 2874 capituli
1159 2793 1344 2875 Evangelii
1367 2795 1562 2857 secundum
1581 2792 1778 2855 Johannem

444 2900 480 2960 in
516 2901 616 2962 libris
655 2900 877 2963 Platonis
919 2902 1045 2982 legisse
1056 2899 1076 2975 ⁵,
1127 2905 1277 2982 propter
1310 2921 1379 2981 que
1414 2903 1513 2963 dicta
1547 2903 1622 2963 fere
1655 2919 1777 2962 omnes

443 3008 625 3086 platonici,
659 3007 720 3085 qui
748 3027 827 3069 cum
858 3005 986 3087 Xpisto
1016 3009 1054 3069 in
1096 3028 1204 3070 carne
1237 3008 1393 3070 humana
1419 3009 1601 3079 vivebant,
1634 3009 1778 3069 fuerunt

445 3114 494 3175 ad
532 3115 691 3176 eiusdem
729 3112 848 3193 Xpisti
885 3114 997 3176 fidem
1027 3105 1046 3197 ΙΙ
1079 3116 1252 3188 conversi,
1294 3117 1418 3195 paucis
1447 3116 1613 3195 exceptis,
1649 3116 1711 3193 qui
1738 3132 1776 3175 se

444 3222 703 3282 transtulerunt
740 3222 788 3283 ad
821 3222 983 3302 magiam,
1023 3223 1326 3299 quemadmodum
1363 3223 1400 3283 iu
1434 3222 1590 3301 quadam
1625 3221 1777 3301 epistola

443 3328 568 3389 scribit
578 3326 599 3388 ⁶.
647 3326 706 3389 Sic
732 3330 784 3389 sic
812 3329 904 3390 alter
927 3330 1139 3407 platonicus,
1176 3330 1304 3390 litteris
1337 3330 1391 3390 sui
1424 3329 1581 3390 doctoris
1609 3328 1774 3398 imbutus,

441 3433 609 3496 Iohannis
631 3433 863 3514 Evangelium
886 3436 1038 3497 audiens
1068 3436 1223 3506 recitari,
1263 3436 1476 3507 exclamavit
1506 3436 1670 3515 protinus
1700 3436 1776 3495 lore

442 3541 570 3602 litteris
594 3542 713 3603 aureis
736 3542 773 3601 in
798 3540 974 3604 frontibus
1001 3543 1217 3622 templorum
1240 3543 1478 3604 scribendum.
1502 3541 1606 3604 Certe
1622 3540 1689 3603 hoc
1705 3560 1777 3604 non

444 3647 600 3719 dixisset,
639 3649 670 3709 si
704 3648 904 3727 platonicos
938 3650 1050 3712 libros
1088 3668 1159 3711 non
1182 3650 1387 3711 studuisset.
1433 3649 1507 3711 Ista
1529 3650 1658 3711 recitat
1680 3649 1776 3710 idem

442 3897 655 3905 --.-——-..--

548 4128 580 4189 a)
599 4152 634 4161 -
653 4139 770 4178 omues.
807 4126 838 4190 b)
859 4152 891 4161 -
909 4126 950 4195 et.
987 4129 1015 4190 e)
1035 4142 1070 4171 =
1089 4125 1297 4179 Hortensium.

549 4326 570 4393 ¹)
589 4329 625 4381 In
645 4328 736 4395 Oper.
754 4329 818 4381 VII.
836 4307 897 4382 609.
916 4328 1071 4402 Qnelqnes
1091 4330 1258 4383 variantes.

549 4414 569 4482 ²)
589 4418 618 4470 S.
636 4417 738 4469 ΑΜΒΚ.
765 4417 928 4471 Commeat.
949 4422 979 4470 in
997 4419 1098 4484 Epist.
1119 4419 1132 4469 I
1151 4421 1194 4471 ad
1213 4418 1280 4471 Cor.
1306 4419 1343 4471 In
1362 4418 1454 4486 Oper.
1475 4419 1524 4483 1v,
1542 4418 1604 4472 258.

549 4504 570 4569 ³)
589 4508 671 4560 Pour
689 4508 895 4559 Hortensium.
928 4507 959 4559 C.
979 4507 1109 4561 Salutati
1134 4508 1211 4560 dans
1237 4522 1273 4561 sa
1298 4510 1432 4575 reponse
1459 4509 1601 4562 relevere
1626 4510 1706 4561 cette
1731 4509 1774 4560 in·

440 4595 631 4649 correction:
660 4612 673 4637 ¹
685 4611 747 4649 non
765 4596 936 4664 allegarent
954 4596 1109 4664 dialogum
1128 4597 1168 4649 ad
1187 4596 1380 4661 Hortensem,
1407 4598 1462 4650 sed
1481 4598 1521 4649 ad
1540 4596 1774 4650 Hortensium».

440 4684 466 4736 11
484 4685 532 4736 est
550 4685 619 4737 vrai
639 4684 825 4751 qu'ailleurs.
861 4685 1013 4737 Dominici
1032 4686 1108 4738 ecrit
1128 4687 1353 4739 correctement
1374 4688 1579 4740 Hortensium.

547 4771 569 4839 ⁴)
594 4773 624 4825 S.
641 4774 722 4827 Auo.
762 4772 991 4837 confessionum
1010 4774 1120 4837 III,1v.
1159 4775 1241 4828 «me
1267 4790 1344 4829 vero
1370 4776 1448 4828 liber
1473 4776 1604 4828 mutavit
1629 4774 1774 4828 allectum

439 4877 551 4924 meum,
570 4863 659 4916 etad
678 4863 820 4929 teipsum,
839 4862 978 4927 Domine,
996 4863 1128 4916 mutavit
1146 4878 1255 4929 preces
1281 4879 1375 4927 meas,
1401 4866 1432 4917 et
1459 4865 1533 4918 vota
1558 4880 1594 4917 ac
1618 4865 1774 4919 desideria

438 4965 509 5003 mea
527 4950 601 5005 tecit
618 4952 714 5003 alia».

547 5036 568 5106 ὓ)
588 5040 618 5093 S.
637 5040 716 5095 Aua.
733 5041 814 5094 Auo.
836 5038 973 5104 Confess.
991 5041 1054 5104 vll,
1072 5050 1113 5093 rx.

547 5126 568 5193 ⁰)
587 5129 617 5182 S.
634 5129 713 5183 AUR.
732 5130 813 5183 Auo.
834 5132 877 5182 nd
893 5131 1084 5195 Dioscorum,
1103 5126 1121 5197 ᾖ
1138 5130 1181 5183 33.
