4300 6117
877 887 1066 965 rourums
1089 911 1271 965 nouuucr
1675 898 1741 961 213

409 1009 483 1020 0-—

398 1137 500 1216 poris
523 1139 635 1218 gestu.
661 1134 772 1197 Amor
793 1154 880 1197 vero
904 1136 1020 1215 primo
1044 1135 1226 1214 eloquium
1242 1135 1341 1214 petit,
1366 1135 1507 1213 eloquio
1527 1134 1741 1213 postulante.

398 1242 506 1305 Clara
529 1244 623 1305 enim
647 1246 684 1305 et
706 1245 806 1304 recta
830 1243 1030 1303 animancia
1054 1243 1155 1322 signa
1178 1244 1262 1303 sunt
1286 1260 1393 1303 voces
1425 1242 1619 1303 existentes
1643 1242 1743 1321 signa

400 1369 531 1423 eorum,
558 1369 627 1429 que
651 1352 733 1411 sunt
757 1350 793 1411 in
817 1350 945 1420 anima,
970 1350 1199 1429 passionum
1228 1352 1352 1410 cetera
1365 1368 1461 1421 vero,
1486 1352 1526 1410 ut
1541 1351 1624 1409 sunt
1638 1348 1742 1409 intui·

397 1460 468 1531 tus,
504 1458 669 1528 saltacio,
702 1457 965 1528 contrectacto,
999 1457 1205 1535 amplexus,
1236 1456 1441 1518 muneracio
1471 1459 1508 1517 et
1537 1455 1742 1517 huiusmodi

398 1564 464 1626 hec
489 1566 659 1626 secuntur
672 1561 692 1635 ¹,
717 1566 758 1624 ut
780 1564 910 1625 milites
935 1576 1078 1644 regem:
1103 1580 1261 1641 namque
1287 1565 1446 1635 verbum,
1464 1564 1560 1641 quod
1577 1564 1624 1624 ab
1640 1562 1741 1624 intel·

397 1671 492 1733 lectu
516 1673 658 1733 emanat
680 1688 769 1731 voce
792 1672 960 1732 vestitum
980 1670 1029 1732 ad
1045 1688 1151 1731 aures
1167 1669 1349 1731 audientis
1366 1669 1568 1749 pertingens
1586 1671 1738 1741 exutum,

391 1779 444 1840 ibi
467 1778 516 1839 ad
538 1778 758 1839 intellectum
781 1778 915 1839 nudum
938 1777 1112 1849 ascendit,
1137 1779 1173 1837 et
1215 1776 1370 1837 mirabili
1404 1795 1513 1856 opere
1536 1777 1615 1838 illos
1648 1777 1738 1838 duos

393 1886 581 1965 coniungit.
605 1884 740 1965 Regula
757 1888 811 1946 est
826 1886 919 1945 enim
935 1884 1023 1945 etin
1039 1884 1233 1965 geometria
1251 1884 1481 1963 principium:
1507 1882 1736 1967 Quecnmque

394 1993 456 2053 uni
480 1995 516 2053 et
539 1993 655 2053 eidem
679 1995 762 2053 sunt
786 1990 921 2063 eadem,
946 1992 1040 2052 inter
1063 2009 1102 2052 se
1126 1992 1209 2051 sunt
1234 1990 1370 2052 eadem.

498 2094 605 2161 Tales
644 2099 801 2178 spiritus,
836 2101 876 2159 nt
912 2100 1032 2159 essent
1066 2096 1233 2176 perfecti,
1273 2098 1366 2159 sicut
1399 2098 1568 2178 magister
1602 2116 1733 2174 eorum,
1749 2090 1780 2153 5·

391 2207 608 2285 acceperunt
630 2206 814 2285 sexaginta
837 2205 996 2267 seniores
1019 2206 1056 2265 iu
1082 2204 1234 2277 deserto,
1258 2206 1299 2265 ut
1315 2204 1419 2285 digne
1439 2205 1607 2266 sederent
1627 2223 1736 2284 super

391 2312 583 2374 cathedras
605 2311 724 2393 Moysi
738 2311 759 2373 ².
784 2308 979 2391 Talemque
1004 2312 1169 2391 spiritum
1193 2330 1277 2373 cum
1300 2309 1435 2391 Spiritu
1459 2309 1590 2373 Sancto
1613 2314 1734 2391 postu·

386 2410 490 2482 labat
513 2418 678 2481 Heliseus
702 2437 724 2479 a
747 2438 813 2481 suo
835 2420 1005 2500 magistro
1033 2420 1102 2481 sibi
1133 2418 1284 2481 concedi
1294 2416 1315 2480 ³.
1346 2418 1552 2481 Alexander
1579 2437 1731 2498 quoque,

391 2529 567 2606 utsupra
590 2527 742 2587 relatum
766 2529 830 2598 est,
863 2530 989 2588 autore
1019 2526 1206 2597 Ieronimo,
1233 2544 1358 2587 carere
1388 2544 1459 2587 non
1486 2527 1603 2605 potuit
1629 2527 1731 2588 viciis

389 2631 547 2695 Leonide
570 2633 744 2714 pedagogi
767 2633 831 2705 sni,
857 2652 927 2712 que
940 2625 954 2716 ll
980 2652 1073 2695 nova
1097 2635 1190 2694 testa
1206 2632 1328 2695 bibit...
1344 2631 1365 2694 ⁴.
1395 2632 1483 2695 Vult
1498 2636 1647 2713 propter
1662 2634 1729 2695 hoc
1817 2625 1939 2689 L63'0

387 2741 426 2801 in
459 2739 751 2803 Moralibus
791 2738 1036 2820 Gregorius
1076 2740 1236 2802 eiusdem
1267 2740 1413 2819 spiritus
1437 2741 1483 2801 de
1514 2742 1728 2803 necessitate

388 2846 466 2909 iore
490 2848 695 2927 participes,
720 2848 781 2926 qui
806 2848 966 2909 eiusdem
990 2848 1153 2909 doctrine
1176 2848 1259 2907 sunt
1283 2850 1465 2909 consortes
1481 2838 1507 2929 ll.
1821 2840 1850 2900 B
1865 2840 1943 2905 47vo

500 2953 604 3017 Certe
627 2955 743 3035 igitur,
768 2973 813 3015 ne
835 2953 1015 3034 Xpistiani
1039 2955 1085 3014 de
1108 2954 1237 3032 spiritu
1261 2951 1430 3026 Socratis,
1446 2953 1615 3025 Platonis,
1629 2953 1727 3016 Aris·
1741 2945 1771 3007 6·

389 3061 508 3132 totilis,
545 3060 702 3134 Homeri,
738 3057 855 3133 Tullii,
888 3060 1038 3142 Virgilii,
1071 3059 1200 3130 Ovidii,
1232 3056 1415 3122 Terrencii
1454 3064 1490 3123 et
1525 3062 1728 3124 huiusmodi

388 3168 587 3240 hauriant·
614 3169 715 3231 hoste
739 3168 885 3247 spiritus
909 3168 985 3240 Dei,
1010 3168 1077 3229 sed
1100 3168 1308 3247 repleantur
1332 3166 1467 3248 Spiritu
1483 3167 1625 3241 Sancto,
1642 3170 1728 3247 quia

391 3277 486 3354 «qui
509 3276 660 3337 adheret
683 3276 760 3337 Deo
783 3293 874 3336 unus
898 3275 1045 3354 spiritus
1070 3278 1126 3336 est
1144 3272 1190 3346 »⁵,
1222 3276 1450 3355 persuadebo
1480 3275 1621 3355 populis
1651 3277 1726 3337 uni·

386 3383 499 3445 versis
524 3385 573 3454 ut,
597 3384 699 3445 libris
734 3383 916 3462 gentilium
950 3382 1118 3444 laceratis
1153 3384 1215 3443 aut
1247 3364 1448 3455 uictimatIS,
1474 3383 1570 3462 ipsos
1603 3402 1727 3446 sacros

388 3490 530 3551 codices
553 3490 673 3570 legant
695 3509 776 3551 cum
799 3492 959 3569 possunt,
984 3490 1020 3550 in
1045 3490 1175 3567 quibus
1199 3490 1357 3568 loquitur
1379 3490 1485 3562 Deus,
1522 3491 1583 3569 qui
1612 3492 1726 3552 estin

386 3597 508 3658 secula
531 3596 753 3659 benedictus

491 3923 524 3984 a)
545 3938 577 3966 =
596 3922 733 3974 audiant.

385 4062 448 4115 tiva
466 4063 639 4115 desinentia
657 4064 689 4115 tn
712 4067 793 4116 -tus
810 4065 1023 4131 comparativa
1045 4079 1109 4116 non
1125 4064 1251 4127 habent,
1271 4066 1302 4118 et
1320 4066 1360 4118 ob
1380 4066 1412 4117 id
1429 4081 1493 4118 non
1512 4065 1665 4120 dicerent:
1690 4069 1724 4119 ut

380 4154 527 4217 proprius
544 4153 663 4217 loquor,
686 4152 753 4205 vel:
776 4155 922 4221 gandium
947 4168 1009 4219 per
1025 4154 1153 4206 iubilnm
1171 4169 1341 4206 sermonem
1361 4158 1509 4220 proprius
1529 4157 1723 4221 exprimitur,·

383 4255 441 4293 nec
459 4242 552 4293 etlam
571 4243 734 4293 uterentur
751 4241 810 4295 hoc
828 4243 981 4295 adverbIo
997 4246 1243 4308 propriissime».

491 4328 512 4396 ¹)
532 4330 620 4384 Cette
638 4331 772 4383 division
790 4331 847 4384 des
866 4332 950 4385 actes
969 4331 1010 4385 de
1027 4332 1159 4385 l’amour
1178 4333 1253 4385 etait
1273 4333 1430 4399 exprImee
1442 4333 1521 4386 dans
1535 4348 1570 4386 ce
1585 4333 1720 4401 distique

383 4432 445 4485 qne
471 4419 534 4472 l'on
562 4422 707 4474 retronve
733 4421 811 4473 dans
843 4421 873 4473 le
899 4422 1111 4486 Polycraticus
1141 4421 1181 4473 de
1215 4422 1297 4474 JEAN
1321 4432 1364 4474 DE
1390 4422 1574 4487 SausBURY,
1599 4423 1652 4476 lib.
1670 4424 1720 4489 VI,

383 4523 448 4576 cap.
468 4518 560 4561 xxm:

706 4592 718 4616 e
728 4577 801 4619 Visus
817 4580 840 4619 et
854 4578 992 4631 alloquium,
1008 4580 1093 4629 hctus,
1110 4582 1166 4631 post
1182 4580 1265 4621 oscula
1279 4579 1375 4631 tactum,

702 4648 758 4691 Istis
771 4649 877 4703 quinque
890 4650 970 4693 modis
984 4650 1078 4703 species
1093 4651 1218 4703 signantur
1232 4652 1322 4693 amoris
1331 4665 1344 4689 »

383 4718 427 4773 ei.
441 4723 632 4788 Epistolario
649 4725 683 4775 di
702 4722 762 4775 Col.
782 4724 921 4785 salutati,
939 4725 1000 4777 vol.
1019 4724 1070 4789 111,
1088 4741 1117 4794 p.
1136 4726 1172 4777 44
1191 4724 1235 4791 (I).

489 4808 510 4873 ²)
529 4809 574 4864 ef.
593 4813 701 4874 Exod,
718 4813 824 4877 XVIII,
843 4813 934 4866 1327.

490 4896 511 4964 ³)
531 4899 576 4952 Ct.
595 4900 636 4953 1v
654 4902 739 4969 Reg,
759 4902 795 4965 11,
813 4903 839 4956 9.

486 4986 508 5053 ⁴)
527 4990 557 5042 S.
576 4990 690 5044 EUsEB.
709 4992 841 5045 HIERON.
860 4994 960 5060 Epist.
986 4993 1071 5048 CVII
1086 4997 1129 5048 ad
1145 4998 1282 5059 Laetam,
1300 4999 1337 5049 de
1353 4999 1543 5051 Institutione
1557 4994 1654 5063 sillae.
1680 4996 1716 5049 In

383 5075 474 5143 Oper.
492 5080 514 5131 t.
532 5079 554 5142 I,
573 5080 630 5132 col.
650 5080 711 5133 872.
730 5080 884 5135 Domtnici
902 5082 980 5136 ecrit
1000 5086 1133 5137 Leonide
1151 5100 1230 5153 pour
1248 5089 1399 5139 Leonidis.

488 5163 510 5233 ἦ)
530 5168 558 5221 8.
576 5169 684 5233 ΡΔυμ,
703 5170 717 5221 Ι
736 5172 779 5222 ud
796 5171 939 5237 Corinth,
957 5173 1007 5235 VI,
1028 5175 1070 5226 17.
