4300 6117
846 909 1032 962 IOHANNIS
1054 908 1236 964 DOMINICI
1645 898 1708 963 143

374 1125 689 1211 tualis'potencia,
713 1131 846 1211 inqua
868 1130 1157 1194 anthonomatice
1191 1133 1351 1194 divinum
1385 1132 1549 1195 thronum
1579 1134 1707 1206 existit,

374 1235 504 1310 Pallas,
528 1237 627 1300 velut
648 1238 695 1301 de
718 1239 836 1318 capite
860 1237 958 1301 Jovis
998 1257 1158 1312 excussa.
1190 1243 1345 1320 quatuor
1379 1241 1538 1320 prefatos
1562 1242 1709 1321 generat

376 1362 526 1406 cursus:
551 1345 678 1407 vitales
703 1345 857 1424 quidem.
881 1346 912 1407 si
948 1349 1181 1426 expectentur
1217 1365 1240 1408 a
1277 1346 1440 1420 Domino,
1466 1350 1502 1409 et
1538 1347 1708 1409 mortales

374 1469 397 1512 a
420 1451 547 1530 seipsis
570 1455 807 1532 presumptos.

463 1555 619 1619 Proinde
642 1559 754 1620 dubia
786 1559 939 1631 nomina.
972 1559 1037 1621 sed
1069 1578 1157 1622 vera
1181 1563 1217 1622 et
1248 1561 1491 1640 experimento
1515 1560 1706 1631 contraria,
1723 1557 1773 1620 14.

373 1663 604 1744 imponuntur
619 1655 638 1748 ΙΙ
661 1666 796 1728 eisdem
819 1669 868 1739 ut,
894 1665 957 1729 ubi
979 1664 1175 1728 difficultas
1198 1670 1351 1747 apparet
1379 1668 1416 1728 in
1437 1667 1566 1739 littera,
1591 1667 1707 1729 facilis
1796 1663 1914 1727 133110

375 1772 520 1852 spiritus
544 1773 580 1833 et
601 1772 826 1835 delectabilis
843 1791 907 1835 esu
922 1776 1104 1853 queratur.
1126 1772 1216 1835 Nam
1241 1772 1474 1837 Sallustius
1489 1776 1617 1837 auctor
1633 1792 1708 1836 cer·

374 1879 531 1942 tissimus
553 1881 684 1942 asserit
707 1875 840 1961 Tigrim
862 1883 898 1942 et
919 1877 1105 1942 Eufratem
1127 1900 1198 1944 uno
1221 1880 1319 1945 fonte
1348 1900 1495 1943 manare
1525 1882 1563 1942 in
1584 1879 1708 1942 Arme·

375 1987 433 2048 nia
442 1985 461 2059 ¹,
486 1987 745 2067 propterquod
757 1988 902 2067 scripsit
917 1991 1090 2050 sanctus
1106 1987 1337 2051 leronimus
1353 1988 1399 2050 de
1411 1988 1583 2068 predictis
1593 1986 1708 2050 flumi-

374 2094 478 2156 nibus
491 2093 512 2162 2.
538 2096 574 2156 et
595 2096 677 2174 post
693 2113 773 2156 eum
795 2087 1132 2157 Ysidorus'aliter
1148 2095 1378 2157 senciendum
1388 2094 1409 2157 ³.
1434 2094 1513 2158 Non
1536 2095 1630 2157 enim
1654 2096 1709 2157 est

375 2201 575 2281 negandum
598 2201 650 2263 sic
674 2219 753 2263 esse
776 2201 870 2264 sicut
891 2203 1012 2263 littera
1046 2205 1160 2274 sonat,
1199 2206 1307 2283 prout
1331 2202 1463 2265 docent
1496 2205 1707 2264 sanctus

374 2305 695 2388 Augustinus⁴
735 2309 772 2369 et
807 2304 1012 2370 Thomas
1051 2307 1292 2371 sanctus⁵.
1340 2309 1576 2389 Principalius
1623 2310 1706 2370 sunt

374 2426 484 2494 grana
509 2415 702 2494 querenda,
727 2416 789 2477 ubi
813 2416 932 2477 aristis
957 2418 993 2477 et
1022 2415 1170 2479 horrida
1193 2417 1302 2496 spica.
1320 2416 1537 2479 —Phison
1568 2434 1705 2496 nempe,

375 2540 479 2601 quem
504 2521 565 2583 alii
594 2540 771 2584 vocavere
796 2521 991 2604 Gangem,
1023 2522 1199 2602 phisicam
1220 2526 1332 2586 notat.
1357 2523 1472 2585 Phisis
1496 2523 1629 2603 quippe
1653 2524 1708 2584 est

373 2628 471 2708 apud
496 2626 631 2690 Grecos
655 2632 794 2700 natura,
820 2647 890 2708 que
915 2629 1041 2691 circuit
1063 2649 1203 2693 omnem
1227 2633 1360 2692 terram
1383 2634 1420 2692 et
1442 2630 1590 2702 Indiam,
1622 2629 1706 2692 edu·

373 2753 459 2798 cens
484 2736 530 2797 de
562 2738 657 2797 terre
687 2737 894 2807 visceribus,
920 2736 966 2797 de
990 2737 1085 2798 aeris
1109 2738 1299 2799 altitudine
1321 2737 1480 2799 bdelium
1502 2740 1537 2799 et
1560 2737 1706 2798 marinis

375 2842 503 2904 abissis
526 2843 665 2922 lapides
690 2844 876 2923 pretiosos.
903 2845 943 2887 ’-
978 2841 1088 2905 Gion
1122 2847 1289 2923 preterea
1319 2845 1349 2906 si
1386 2845 1451 2904 ‹i›
1481 2846 1637 2906 mutetur
1670 2845 1707 2905 in

377 2967 451 3010 ‹e›
492 2951 735 3029 geomanciam
775 2952 945 3022 tenemus,
975 2950 1155 3029 adquam
1192 2951 1373 3025 tenebrosi
1408 2950 1583 3013 Heracliti
1609 2950 1706 3014 theo·

373 3055 474 3136 logia.
500 3058 540 3117 ut
571 3056 704 3129 dicunt,
731 3056 891 3118 creditur
919 3057 1118 3130 terminata¹
1155 3059 1315 3120 ambiens
1350 3056 1521 3136 Ethiopes
1553 3059 1706 3138 populos

374 3164 469 3224 terre
492 3163 585 3225 natis
609 3165 791 3226 obscuros.
820 3163 954 3224 -Iam
979 3159 1146 3245 Tigris¹
1181 3165 1285 3226 velox
1319 3183 1434 3236 cursu.
1470 3165 1706 3246 dyalecticam

373 3268 512 3331 fundit²
549 3289 630 3332 cum
653 3270 862 3333 liberalibus
886 3271 1071 3333 sodalibus
1107 3272 1192 3344 suis,
1227 3274 1353 3351 petens
1385 3269 1573 3352 Assyrios,
1611 3273 1707 3334 circa

373 3377 600 3455 quadrivium
624 3377 702 3438 aliis
739 3377 944 3440 nationibus
979 3378 1090 3458 magis
1126 3379 1291 3441 intentos.
1317 3410 1358 3419 -
1382 3376 1583 3440 Eufrates
1620 3397 1706 3441 vero

373 3502 444 3546 non
477 3481 544 3546 fuit
576 3483 845 3555 describendus.
871 3485 1040 3563 quoniam
1072 3485 1298 3565 philosophia
1326 3484 1471 3546 moralis
1493 3488 1547 3547 est
1580 3487 1707 3547 nature

373 3591 485 3671 magis
508 3590 643 3653 inserta
666 3594 702 3653 et
726 3591 853 3653 circuit
874 3591 1091 3655 domesticos
1113 3592 1218 3663 lares.
1242 3592 1387 3654 aliunde
1409 3611 1480 3654 non
1502 3595 1616 3654 vecta.

481 3947 513 4008 u)
533 3959 567 3989 =
585 3941 703 3997 fundat.

480 4090 501 4158 ¹)
520 4091 670 4146 SALLUST.
695 4093 880 4161 Fragmenta
904 4095 1087 4146 incertorum
1108 4093 1263 4145 librorum.
1290 4092 1372 4145 Edit.
1392 4092 1480 4145 Paris
1501 4093 1579 4156 1574.
1597 4108 1626 4159 p.
1645 4093 1706 4146 204.

480 4177 501 4245 ²)
519 4180 550 4236 8.
570 4181 660 4234 HIER.
679 4184 766 4249 epist.
786 4181 836 4235 60:
850 4181 1070 4248 transcription
1089 4182 1181 4234 d'une
1198 4182 1291 4234 lettre
1309 4181 1510 4248 d‘Epipbane‚
1528 4183 1648 4250 ireque
1666 4184 1706 4236 de

373 4270 498 4342 Chypre
516 4273 623 4324 contre
640 4271 771 4325 l'erreur
789 4270 959 4338 d'Origene.
974 4271 1025 4338 qui
1043 4271 1220 4338 pretendait
1235 4285 1295 4338 que
1308 4271 1340 4322 le
1353 4272 1480 4324 Paradis
1489 4272 1529 4325 de
1540 4272 1572 4323 la
1585 4271 1706 4326 Genese

373 4360 447 4413 etait
471 4375 514 4413 nn
533 4361 674 4430 symbole
692 4362 723 4413 et
742 4361 847 4414 devait
866 4360 1043 4414 s’entendre
1065 4361 1109 4413 du
1126 4360 1255 4412 Paradis
1273 4359 1314 4414 de
1331 4360 1429 4413 lime.

481 4445 601 4514 Ἠῶ,
619 4450 749 4515 Elymoi.
769 4450 820 4503 lib.
839 4448 917 4512 xm,
937 4463 1004 4516 cap.
1022 4449 1065 4501 21.
1087 4451 1133 4502 De
1151 4449 1350 4501 Fluminibus.
1376 4449 1413 4501 In
1435 4448 1621 4516 Oper.X1V‚
1644 4449 1706 4504 491.

477 4535 501 4603 ⁴)
520 4537 549 4590 S.
568 4534 648 4591 Auo.
678 4537 785 4604 Super.
806 4538 913 4592 Genes.
931 4539 974 4590 ud
991 4539 1080 4590 litter.
1101 4538 1154 4590 lib.
1172 4538 1208 4601 V,
1226 4547 1279 4589 vn.
1308 4538 1344 4590 In
1365 4537 1455 4605 Oper.
1474 4538 1524 4602 111,
1542 4537 1610 4601 ³2&
1635 4539 1705 4591 ibid.

372 4625 450 4690 vm,
468 4635 521 4690 vn,
540 4626 601 4680 ³78.
1374 4631 1378 4640 “

480 4711 501 4780 ⁵)
520 4715 549 4769 s.
563 4713 706 4768 Tironis.
725 4716 754 4768 1²
768 4715 803 4789 Q.
825 4715 885 4780 cll,
905 4718 935 4778 13
954 4716 982 4768 11
999 4715 1076 4769 Dist.
1096 4725 1163 4767 xvn
1180 4714 1215 4789 Q.
1233 4714 1260 4768 3.
1278 4732 1306 4769 a.
1327 4716 1352 4767 2.
