4300 6117
475 919 542 982 434
980 932 1139 986 LUCULA
1161 931 1300 985 NOCTIS

474 1156 661 1218 mulierum
684 1156 792 1218 latria
813 1175 908 1217 vana
933 1159 968 1218 et
991 1157 1094 1235 quasi
1124 1156 1328 1218 limatamm
1356 1157 1523 1218 cultrices
1547 1157 1699 1228 ridebat.
1726 1157 1809 1220 hiis·

474 1281 545 1342 que
568 1263 708 1325 duobus
732 1264 874 1342 pabulis
898 1264 1037 1343 pinguis
1066 1261 1244 1325 afferebat
1265 1264 1303 1324 in
1336 1281 1477 1335 vanum,
1501 1265 1541 1325 ut
1571 1263 1809 1327 invitarentur

473 1372 586 1433 ceteri
608 1370 737 1432 similia
760 1371 829 1432 sibi
853 1371 1016 1431 convivia
1039 1371 1259 1442 ministrare;
1283 1371 1345 1432 ubi
1361 1389 1447 1432 vero
1471 1371 1617 1432 delusor
1632 1374 1732 1434 extat
1745 1372 1804 1434 de·

472 1479 580 1548 lusus.
606 1477 804 1538 remedium
827 1478 908 1539 tulii
931 1496 976 1538 ne
999 1480 1036 1539 et
1058 1477 1121 1538 illa
1144 1480 1387 1539 reverteretur
1408 1479 1458 1539 ad
1479 1478 1595 1556 ipsum
1619 1481 1655 1540 et
1678 1480 1807 1558 reliqui

472 1575 485 1666 {l
498 1587 672 1664 paverent
694 1585 806 1646 abire.
832 1617 871 1625 —
898 1583 976 1646 Non
998 1585 1106 1646 aliter
1130 1584 1277 1646 liberari
1308 1587 1459 1663 possunt
1493 1585 1636 1665 maligni
1660 1586 1805 1665 spiritus

470 1710 493 1753 a
516 1691 628 1753 tercio
652 1692 746 1752 malo
770 1693 820 1753 eis
844 1691 983 1763 innexo,
1008 1692 1106 1771 quod
1130 1694 1185 1753 est
1207 1703 1332 1771 regere
1355 1695 1391 1753 et
1426 1690 1608 1771 legificare
1641 1694 1803 1773 populos,

471 1817 579 1878 quam
602 1817 625 1859 a
647 1796 798 1877 prefatis
822 1799 972 1862 duobus.
997 1797 1052 1858 Ex
1075 1798 1152 1869 hoc.
1181 1799 1272 1860 sicut
1296 1799 1381 1860 olim
1403 1798 1630 1877 presidentes
1658 1799 1804 1861 thronos

469 1906 539 1967 sibi
561 1906 772 1967 locaverant
792 1905 829 1966 iu
850 1905 967 1987 ydolis
990 1905 1108 1976 mutis,
1136 1906 1232 1966 unde
1254 1905 1435 1967 Interdum
1471 1924 1569 1978 vera,
1593 1906 1803 1968 multociens

469 2011 570 2082 falsa.
595 2012 662 2074 sed
682 2012 894 2092 plerumque
909 2012 1077 2091 ambigua
1092 2012 1231 2074 dabant
1246 2029 1429 2091 responsa,
1454 2031 1521 2091 per
1534 2011 1803 2092 Xpistianorum

466 2119 755 2199 predicacionem
778 2117 862 2180 inde
885 2119 1005 2199 fugati,
1030 2119 1082 2180 sic
1105 2137 1198 2180 nunc
1222 2119 1259 2180 in
1278 2117 1549 2198 Xpistianorum
1571 2138 1656 2181 arce
1680 2139 1802 2199 supre-

466 2245 534 2298 ma,
565 2226 743 2288 vindictas
779 2229 952 2305 petentes,
977 2225 1143 2287 auliticas
1179 2226 1284 2287 sedes
1316 2229 1476 2288 statuere
1515 2226 1693 2288 laborant.
1733 2226 1804 2288 Cur

466 2334 533 2395 soli
556 2334 659 2413 pueri
681 2334 826 2405 indocti,
851 2331 925 2394 fide
949 2335 1069 2395 autern
1100 2333 1265 2412 religiosi,
1290 2333 1423 2412 quique
1459 2333 1611 2395 maxime
1641 2334 1691 2395 ad
1724 2335 1800 2394 offi-

466 2441 560 2503 cium
582 2440 845 2521 predicacionis
868 2440 1006 2510 directi,
1032 2440 1113 2520 plus
1136 2439 1265 2501 ceteris
1288 2440 1338 2502 ad
1361 2440 1555 2519 dampnate
1576 2439 1800 2520 philosophie

465 2546 646 2628 fuliginem
669 2548 864 2627 fatigantur
885 2547 1040 2609 venire?
1087 2545 1193 2608 Certe
1216 2547 1301 2626 quia
1327 2547 1364 2608 in
1394 2565 1587 2627 puerorum
1621 2549 1801 2611 mentibus

464 2654 582 2716 nullus
606 2654 746 2716 habitat
768 2652 885 2734 fulgor
907 2654 1037 2716 deifice
1060 2654 1199 2733 cognite
1222 2654 1395 2725 veritatis,
1420 2654 1520 2715 cuius
1551 2654 1676 2717 volunt
1705 2654 1798 2717 falsi-

464 2761 550 2823 tatis
573 2762 720 2841 spiritus
742 2762 937 2822 adventum
971 2761 1148 2840 impedire
1180 2762 1328 2822 mature.
1360 2759 1507 2822 Illorum
1540 2780 1626 2823 vero
1662 2761 1798 2823 thronis

465 2867 625 2930 resident
648 2868 762 2939 celsis,
786 2886 857 2947 quo
881 2868 966 2929 dum
988 2867 1123 2929 habent
1157 2867 1270 2946 legem
1301 2885 1424 2928 veram
1456 2868 1608 2930 turbulis
1643 2870 1797 2947 promul·

464 2987 559 3055 gare,
585 2975 630 3037 de
654 2975 823 3037 thesauro
847 2974 967 3036 cordis
992 2977 1155 3036 eructent
1178 2977 1377 3054 utramque,
1402 2993 1510 3054 quam
1533 2975 1695 3037 tabidam
1719 2993 1796 3054 pes·

463 3085 536 3145 tem
561 3086 597 3144 et
619 3083 816 3143 monstrum
839 3081 1043 3143 mirandum
1066 3082 1119 3143 sic
1142 3082 1290 3160 spiritus
1306 3081 1438 3160 prefati
1454 3082 1659 3143 fundarunt.
1685 3081 1795 3167 Quid!

461 3190 542 3269 plus
580 3189 668 3269 quid
701 3189 854 3251 senserit
891 3187 1037 3270 Cycero,
1068 3206 1177 3267 quam
1216 3188 1313 3268 quod
1348 3188 1575 3250 mandaverit
1598 3179 1611 3271 ll
1636 3187 1792 3268 Xpistus‚

461 3296 624 3358 moderni
647 3296 893 3375 predicatores
916 3294 1108 3357 locuntur?
1154 3293 1193 3361 Si
1215 3295 1370 3374 denique
1393 3294 1617 3375 philosophie
1639 3296 1795 3358 studium

461 3403 557 3465 ultra
580 3421 703 3464 eorum
727 3403 934 3482 opinionum
956 3403 1055 3464 dicta
1077 3420 1184 3464 nosse
1207 3401 1316 3464 nichil
1348 3385 1486 3475 afferet,
1511 3400 1674 3464 fortassis
1704 3403 1793 3464 tanti

461 3510 607 3572 amissio
629 3510 801 3589 temporis
817 3509 1030 3571 tollerabilis
1047 3511 1152 3580 esset,
1177 3508 1243 3570 sed
1260 3527 1368 3588 quum
1385 3527 1494 3571 causa
1511 3511 1565 3570 est
1578 3509 1793 3590 negligencie

461 3619 497 3679 et
523 3617 726 3696 ignorancie
759 3616 880 3678 divine
916 3616 1103 3694 corrupcio
1138 3616 1373 3688 audiencium,
1398 3616 1604 3678 devocionis
1638 3617 1791 3690 amissio,

459 3725 692 3804 peccatorum
725 3725 837 3794 favor,
862 3723 1031 3801 superbie
1064 3724 1327 3795 nutrimentum,
1357 3722 1552 3785 fomentum
1584 3722 1789 3805 hypocrisis,

459 3830 634 3892 mencium
667 3829 816 3902 faustus,
842 3830 1031 3892 enervacio
1064 3829 1238 3901 veritatis,
1261 3830 1348 3891 fidei
1382 3830 1554 3902 titillacio‚
1578 3819 1792 3910 oportunum

458 3938 603 4000 videtur
625 3937 785 3999 radicem
809 3937 972 4008 evellere.
997 3954 1040 3997 ex
1063 3954 1136 4015 qua
1160 3939 1288 3998 cuncta
1310 3939 1453 4015 prefata
1486 3938 1663 4017 pluraque
1698 3939 1792 3999 mala

458 4046 664 4108 nascuntur.
689 4042 771 4116 Sed,
796 4044 827 4105 si
850 4062 921 4105 non
943 4044 1070 4106 luisset
1092 4044 1225 4107 bonum
1248 4043 1333 4105 olim
1355 4045 1498 4105 sanctas
1522 4045 1673 4106 feminas
1705 4045 1790 4106 viris

457 4152 622 4213 habitare
645 4169 726 4213 cum
750 4151 893 4223 sanctis,
917 4162 1065 4230 magnus
1090 4148 1242 4211 Basilius
1266 4151 1304 4211 id
1327 4169 1398 4212 nou
1421 4151 1633 4212 ordinasset.
1658 4150 1706 4213 At
1729 4152 1788 4214 ubi

454 4259 608 4321 invaluit
642 4257 780 4320 hostilis
812 4258 999 4336 iniquitas,
1037 4260 1073 4319 et
1107 4257 1287 4318 hominum
1319 4255 1435 4319 femur
1468 4259 1650 4331 emarcuit,
1676 4260 1789 4320 sancti

455 4365 594 4438 Patres,
619 4366 820 4426 animarum
854 4366 997 4436 zelotes,
1022 4364 1161 4426 destrui
1185 4347 1411 4437 mandarunt,
1435 4365 1529 4427 sicut
1562 4365 1599 4426 11
1634 4363 1789 4426 XVIII

454 4471 608 4534 Causa
641 4472 844 4534 continetur
865 4473 902 4533 in
935 4469 1169 4544 eanone1‚
1206 4471 1324 4532 omnia
1353 4473 1389 4533 et
1412 4472 1549 4551 singula
1572 4473 1789 4534 monasteria

454 4579 576 4659 dupla,
600 4579 656 4641 vel
682 4580 849 4658 duplicia,
874 4597 944 4658 que
967 4577 1118 4640 fundata
1141 4581 1252 4650 erant,
1278 4579 1391 4641 eciam
1413 4597 1480 4658 per
1509 4578 1608 4639 illum
1642 4597 1788 4641 venera·

412 4661 419 4674 ’
452 4687 563 4748 bilem
586 4691 727 4765 patrem
751 4683 930 4747 Basilium.
956 4683 1025 4758 Sic,
1050 4685 1080 4747 si
1105 4704 1317 4748 concessero
1339 4687 1472 4747 bonum
1498 4703 1576 4748 esse
1592 4685 1695 4747 bonis
1712 4685 1788 4765 phi·

454 4792 616 4871 Iosophie
639 4792 796 4854 studium
818 4793 1003 4864 naturalis,
1035 4793 1184 4871 visaque
1215 4793 1310 4854 mala
1340 4793 1520 4871 prodeunt
1552 4793 1637 4854 inde
1671 4796 1707 4854 et
1729 4811 1787 4855 ue·

561 5193 582 5261 ¹)
601 5196 700 5249 GRAT.
720 5196 791 5262 Cap.
809 5193 992 5261 lestntmus
1009 5199 1128 5250 minime
1147 5198 1265 5262 duplex.
1282 5197 1360 5261 XXI,
1373 5196 1496 5270 Quaest.
1517 5197 1553 5260 ΙΙ,
1572 5195 1661 5250 eaus.
1680 5195 1784 5249 XVIII.
