4300 6117
422 830 489 892 442
930 840 1088 894 LUCULA
1110 837 1251 893 NOCTIS

422 1063 585 1124 omnibus
621 1063 797 1142 effugatis,
837 1063 893 1136 At,
919 1082 964 1125 ne
987 1082 1146 1143 unquam
1170 1063 1266 1126 dicte
1289 1063 1444 1126 visiones
1472 1067 1700 1126 verterentur
1720 1065 1763 1126 in

422 1170 580 1242 dubium,
604 1171 703 1232 illam
727 1170 899 1232 Dominus
923 1171 973 1232 ad
994 1174 1156 1233 sanctam
1181 1171 1387 1250 religionem
1410 1171 1589 1244 conduxit,
1614 1171 1762 1252 viginti²

421 1277 609 1359 mensibus
638 1277 853 1339 continuatis
887 1277 964 1339 sine
1000 1279 1081 1339 cibo
1117 1281 1153 1340 et
1186 1280 1276 1356 potu
1310 1278 1494 1357 corporeis
1530 1278 1761 1340 invisibiliter

420 1384 531 1462 pavit,
567 1386 604 1446 et
627 1402 740 1463 usque
776 1384 813 1444 in
835 1384 1048 1446 hodiernum
1071 1385 1168 1446 diem
1190 1385 1313 1465 viginti
1337 1385 1444 1447 trium
1471 1403 1648 1446 annorum
1669 1387 1760 1446 tem·

420 1508 510 1570 pore
532 1492 701 1563 iunctam,
738 1491 902 1554 omnibus
924 1491 1256 1554 sanctimonialibus
1280 1491 1466 1570 speculum
1481 1492 1555 1554 vite
1578 1492 1722 1571 reliquit
1734 1490 1757 1553 ¹.

420 1595 498 1659 Hec
521 1598 615 1660 enim
638 1598 802 1660 fortassis
828 1601 883 1660 est
905 1599 1177 1678 responsionum
1200 1595 1412 1660 differencia
1435 1598 1645 1678 colligenda,
1671 1599 1759 1678 qnia

420 1722 543 1766 omnes
566 1722 633 1784 per
655 1705 933 1784 nigromanciam
971 1707 1008 1766 et
1041 1706 1117 1767 eins
1153 1707 1316 1768 surculos
1339 1705 1609 1785 respondentes,
1646 1706 1758 1766 mani·

419 1814 510 1873 feste
534 1815 618 1874 sunt
640 1813 743 1891 pravi
767 1814 803 1873 et
825 1831 979 1892 persepe
998 1813 1170 1874 nunciant
1192 1813 1294 1874 falsa.
1332 1811 1402 1874 Ubi
1425 1830 1513 1874 vero
1537 1813 1669 1874 demon
1690 1831 1760 1893 per

419 1919 577 1998 seipsum
601 1920 805 1998 respondet,
830 1921 894 1981 aut
915 1920 1098 1998 pretendit
1123 1920 1256 1982 exitum
1277 1937 1439 1999 pravum,
1465 1920 1558 1982 sicut
1579 1917 1679 1980 Enee
1701 1938 1758 1981 re·

419 2024 674 2105 pansithalie
696 2026 812 2099 sedes,
837 2027 867 2086 si
891 2028 1011 2088 tamen
1033 2027 1072 2087 in
1094 2027 1259 2088 omnibus
1281 2029 1449 2106 putamus
1464 2026 1657 2088 mencienti
1681 2045 1757 2088 cre·

419 2133 578 2195 dendum
592 2131 758 2204 Maroni²,
784 2136 847 2194 ant
859 2132 951 2195 falsa
968 2136 1004 2195 et
1020 2136 1146 2195 contra
1162 2152 1304 2195 sacram
1320 2133 1526 2213 religionem
1542 2151 1607 2195 sua
1623 2134 1758 2212 promit

419 2242 533 2302 verba
554 2238 717 2319 profana.
742 2237 851 2313 Sicut,
876 2243 1024 2302 auctore
1039 2239 1312 2320 Augustino,
1336 2241 1430 2301 male
1446 2241 1686 2320 interrogatus
1710 2240 1757 2302 de

418 2345 546 2427 Xpisto
581 2346 767 2426 delphicus
801 2345 931 2425 Apollo
967 2347 1168 2426 respondit,¹
1201 2349 1264 2408 aut
1300 2347 1486 2427 respondit
1516 2348 1684 2427 ambigua
1706 2347 1756 2408 ad

418 2454 637 2515 intellectum
660 2452 864 2533 oppositum
888 2454 1182 2532 componendum,
1219 2456 1260 2515 nt
1293 2456 1348 2516 est
1370 2452 1460 2516 illud
1495 2454 1658 2516 eiusdem
1680 2454 1754 2515 del·

417 2560 523 2640 phici,
559 2560 657 2639 quod
679 2558 782 2621 Pirro
797 2553 822 2632 b,
859 2557 1058 2622 Grecorum
1081 2561 1165 2640 regi,
1196 2561 1341 2640 paranti
1368 2578 1469 2622 arma
1492 2559 1672 2631 Romanis,
1708 2561 1752 2622 de

416 2667 537 2729 futuro
561 2669 691 2728 eventu
713 2667 878 2746 querenti
901 2668 1098 2746 respondit,
1130 2667 1270 2730 dicens:
1312 2666 1430 2730 «Dico
1454 2670 1499 2738 te,
1534 2665 1645 2738 Pirre,
1679 2668 1753 2728 vin·

418 2793 501 2836 cere
523 2792 631 2854 posse
653 2773 834 2836 Romanos
850 2771 899 2836 »³.
925 2772 999 2835 Sed
1019 2792 1193 2853 responsa
1208 2775 1331 2836 divina
1354 2792 1536 2854 nunquam
1552 2777 1635 2836 sunt
1650 2775 1751 2846 falsa,

417 2899 598 2960 nunquam
633 2881 670 2942 in
692 2881 892 2942 animarum
915 2881 1111 2960 perniciem
1135 2873 1296 2953 tendunt,
1334 2900 1418 2944 raro
1442 2881 1752 2943 communicantur

417 2989 531 3050 eciam
553 2988 666 3060 bonis,
696 2987 878 3049 rarissime
900 2988 1013 3060 malis,
1051 2991 1087 3050 et
1111 2988 1141 3050 si
1165 2990 1321 3050 obscura
1343 2989 1415 3050 sint
1436 2988 1627 3060 interdum,
1667 3007 1753 3049 nun·

416 3114 523 3174 quam
548 3098 668 3156 tamen
690 3094 866 3174 ambigua,
891 3098 927 3156 et
950 3093 1152 3174 provehunt
1175 3096 1212 3155 in
1234 3095 1361 3156 melius
1385 3097 1592 3174 receptores
1617 3113 1749 3157 eorum.

369 3198 399 3260 9.
512 3199 591 3264 Non
616 3202 721 3263 decet
744 3200 812 3263 hoc
834 3200 1071 3274 Noctiluca,
1098 3202 1196 3281 quod
1218 3203 1334 3281 primo
1356 3202 1500 3280 incepta
1523 3203 1702 3280 processit
1730 3220 1754 3263 a

415 3310 505 3381 luce,
525 3309 594 3370 nisi
615 3309 653 3370 in
676 3326 785 3387 opere
809 3308 995 3370 terminari
1019 3311 1204 3380 nocturno,
1229 3311 1269 3371 ut
1291 3326 1364 3369 non
1386 3308 1457 3370 luci
1477 3309 1604 3370 lucem.
1623 3307 1697 3370 Sed
1712 3311 1752 3370 tu

416 3434 569 3496 quoque,
594 3416 752 3478 virorum
776 3415 921 3494 optime,
945 3415 1043 3477 nocti
1058 3434 1228 3477 auroram
1241 3433 1413 3495 apponas,
1438 3415 1471 3476 si
1488 3415 1602 3476 eciam
1618 3433 1753 3478 aurora

415 3523 677 3585 existimabitur
701 3521 856 3601 dignum.
894 3517 1043 3583 Tetrum
1066 3523 1161 3584 enim
1184 3521 1292 3584 cahos
1314 3523 1425 3606 nimis·
1449 3523 1642 3584 obscurum
1665 3523 1751 3583 mix·

415 3633 533 3692 turam
556 3630 699 3690 unicam
733 3647 804 3690 non
827 3628 964 3708 patitur
986 3629 1086 3701 lucis,
1120 3631 1241 3690 tamen
1266 3629 1318 3690 illi
1341 3629 1536 3701 vermiculi,
1573 3629 1750 3709 aquibus

414 3738 487 3799 tale
510 3736 591 3798 hnic
615 3736 718 3815 operi
751 3736 947 3815 imponitur
980 3754 1118 3807 nomen,
1156 3737 1194 3797 in
1228 3736 1389 3816 qualibet
1423 3738 1528 3814 parte
1551 3737 1666 3798 noctis
1689 3755 1752 3798 va·

413 3846 543 3924 gantur
558 3834 585 3926 ll.
625 3842 673 3904 Et
700 3854 784 3922 ergo
808 3842 1029 3922 deponamus
1060 3842 1323 3922 philosophiam
1346 3860 1425 3904 esse
1453 3843 1624 3923 sompniis
1646 3861 1752 3922 opor·

414 3954 547 4021 tunam,
578 3950 789 4029 incipientes
812 3967 836 4028 a
857 3950 1039 4029 sompniis,
1075 3967 1146 4029 que
1169 3950 1231 4011 illa
1254 3968 1325 4011 non
1348 3949 1457 4021 novit,
1483 3967 1526 4010 ex
1549 3948 1672 4010 divina
1695 3968 1751 4011 re·

413 4058 599 4120 velacione
634 4057 813 4119 concessis
848 4056 953 4118 bonis
987 4059 1023 4119 et
1045 4057 1170 4136 utique
1193 4057 1306 4129 malis,
1331 4074 1483 4135 quorum
1507 4057 1670 4135 exempla
1694 4074 1751 4118 re·

417 4285 630 4294 .——-———

521 4483 554 4543 a)
573 4495 608 4527 =
626 4479 742 4546 viginti.
779 4479 811 4540 b)
832 4495 867 4526 =
885 4493 974 4546 puro.

522 4656 544 4724 ¹)
562 4657 590 4710 A
607 4658 678 4711 n'en
695 4673 752 4725 pas
777 4656 900 4721 douter,
924 4655 1079 4710 Dominici
1102 4658 1177 4710 veut
1201 4658 1307 4724 parler
1333 4656 1373 4710 ici
1398 4655 1438 4709 de
1464 4656 1565 4710 sainte
1584 4656 1750 4734 catherine

410 4748 451 4800 de
469 4745 584 4801 Sienne
603 4747 634 4799 et
654 4747 794 4814 rappelle
812 4746 964 4814 quelques
986 4760 1046 4799 nns
1072 4746 1128 4798 des
1148 4747 1294 4813 prodiges
1312 4746 1365 4813 qui
1390 4745 1573 4813 templirent
1591 4747 1622 4799 la
1639 4747 1690 4801 vie
1709 4747 1749 4799 de

410 4837 496 4891 cette
514 4837 747 4904 incomparable
763 4837 882 4903 apotre.

521 4922 542 4992 ⁹)
560 4925 680 4978 Vmon„
699 4925 775 4978 Aen.
794 4926 816 4988 l,
835 4925 888 4979 260
907 4939 954 4992 sq.

519 5012 540 5080 ³)
559 5015 590 5068 S.
612 5013 691 5068 AUR.
709 5013 789 5068 Aue.
815 5016 862 5067 De
883 5014 968 5067 Civlt.
986 5016 1053 5079 Del,
1071 5015 1122 5080 111,
1141 5023 1215 5067 xv11.
1241 5014 1277 5068 ln
1298 5012 1389 5081 Oper.
1415 5013 1518 5079 t.V11,
1546 5014 1601 5068 col.
1619 5013 1664 5068 97.
1701 5013 1747 5067 Cf.

411 5103 525 5168 clem,
541 5106 580 5158 de
597 5105 797 5167 Divinatione,
815 5104 869 5157 lib.
888 5105 925 5155 11.
