4300 6117
451 872 493 933 10
954 881 1114 935 LUCULA
1135 880 1274 935 NOCTIS

449 1106 602 1167 veritate
626 1106 786 1174 docente,
823 1109 944 1167 cetera
965 1108 1127 1168 membra
1150 1106 1368 1185 nequissima
1392 1108 1495 1167 erunt
1505 1102 1526 1167 ¹.
1571 1104 1649 1168 Hoc
1673 1108 1784 1185 caput

448 1213 503 1274 rei
525 1212 676 1292 publice,
716 1213 815 1274 velut
836 1216 1007 1283 cecatum,
1047 1232 1136 1275 cane
1158 1213 1216 1274 vel
1250 1213 1380 1274 baculo
1412 1231 1560 1275 necesse
1589 1212 1698 1275 habet
1722 1214 1787 1274 aut

448 1319 598 1399 puerulo
622 1319 705 1399 regi.
730 1318 836 1381 Adde
859 1320 957 1398 quod
972 1320 1179 1399 ignorancia
1205 1319 1413 1381 humilitatis
1438 1338 1593 1381 noverca
1613 1322 1649 1382 et
1676 1320 1785 1399 perti·

448 1426 551 1488 nacie
575 1428 698 1496 mater,
740 1445 811 1487 non
833 1427 918 1488 sinit
939 1427 1032 1489 tales
1057 1445 1161 1489 cecos
1186 1429 1346 1489 rectores
1373 1428 1596 1507 sapientibus
1624 1426 1783 1497 credere,

449 1533 541 1595 sicut
575 1552 742 1612 expresse
777 1534 823 1596 de
852 1531 1015 1595 Roboam
1048 1552 1152 1595 sacre
1185 1534 1304 1595 littere
1335 1534 1482 1595 tradunt
1492 1532 1512 1595 ².
1560 1531 1692 1612 Sicque
1730 1534 1782 1595 rei

449 1640 592 1719 publice
618 1640 687 1701 hoc
709 1641 842 1701 malum
865 1643 1050 1720 expertum
1088 1642 1206 1702 evenit
1233 1643 1269 1703 et
1292 1641 1440 1712 eveniet,
1473 1641 1572 1720 quod
1604 1641 1787 1720 predixit²

449 1746 635 1827 discipulis
650 1747 740 1809 suis:
767 1767 782 1798 «
798 1746 835 1808 Si
859 1765 964 1809 cecus
989 1766 1073 1809 ceco
1098 1749 1269 1809 ducatum
1292 1750 1438 1827 prestet,
1463 1748 1570 1810 ambo
1591 1748 1629 1808 in
1644 1749 1788 1809 foveam

450 1851 637 1915 cadunt»⁸,
676 1849 904 1916 Termineiur
919 1865 1002 1934 ergo
1018 1855 1135 1915 maior
1156 1854 1222 1916 hec
1244 1855 1450 1935 proposicio
1474 1873 1554 1916 cum
1570 1853 1785 1934 Vegetio,

449 1961 542 2022 libro
558 1961 674 2039 primo
693 1960 725 2020 D
736 1980 757 2021 e
777 1960 837 2023 Re
856 1962 956 2022 mili
968 1962 1073 2032 tari,
1091 1962 1251 2023 dicente:
1272 1960 1417 2022 Nullum
1432 1962 1544 2042 magis
1559 1961 1652 2023 scire
1669 1962 1782 2031 decet,

450 2085 559 2147 quam
596 2068 804 2148 principem,
843 2069 943 2130 cuius
981 2070 1137 2131 sciencia
1176 2069 1284 2130 debet
1323 2069 1487 2130 omuibus
1524 2069 1697 2149 prodesse
1728 2086 1786 2129 su·

450 2175 578 2236 biectis
598 2172 644 2236 »⁴.

383 2276 413 2337 6.
557 2280 729 2343 Eiusdem
750 2282 903 2344 racionis
928 2282 1132 2363 proposicio
1155 2282 1271 2343 minor
1294 2285 1350 2345 est
1373 2285 1467 2353 nota,
1504 2302 1585 2344 cum
1614 2282 1660 2343 de
1689 2282 1787 2342 Iacto

450 2386 630 2467 Xpistiani
663 2391 788 2468 regant
818 2389 855 2449 in
878 2388 1124 2468 spiritualibus
1161 2391 1197 2451 et
1228 2390 1488 2468 temporalibus
1526 2390 1649 2450 mundi
1681 2387 1785 2449 huius

450 2496 657 2574 porcionem
691 2513 763 2556 non
796 2514 946 2575 parvam
971 2486 1009 2578 ΙΙ;
1046 2497 1092 2568 et,
1123 2496 1170 2557 de
1204 2497 1292 2567 iure,
1320 2498 1387 2558 sub
1417 2514 1514 2577 papa
1544 2495 1721 2558 catholico
1750 2496 1789 2556 et

452 2601 668 2681 imperatore
698 2600 897 2681 Xpistiano,
930 2603 1099 2664 universa
1128 2602 1336 2664 monarchia
1365 2604 1462 2665 orbis
1493 2604 1627 2665 terreni
1653 2602 1788 2665 debeat

451 2709 642 2769 moderari.
689 2707 767 2770 Hoc
802 2709 957 2787 quidem,
997 2703 1218 2771 secundumb
1251 2711 1373 2771 divina
1401 2710 1588 2790 promissa,
1628 2708 1787 2771 futurum

451 2816 639 2877 locundius
656 2818 894 2895 expectamus,
919 2816 1086 2895 quandoc
1102 2816 1171 2878 erit
1188 2835 1321 2878 «unum
1342 2818 1434 2879 ovile
1450 2820 1487 2879 et
1502 2836 1593 2878 unus
1610 2812 1785 2897 pastor»⁵.

451 2923 551 3002 quod
573 2923 734 2983 nonnulli
766 2923 931 3002 pociores
953 2921 1137 3003 Xpistiani
1171 2924 1375 2986 litteratura
1407 2927 1443 2986 et
1471 2925 1608 3005 spirltu,
1649 2941 1788 2985 necnon

451 3029 605 3090 maiores
629 3028 774 3100 Hebrei,
814 3032 897 3091 ante
920 3030 1083 3108 quintum
1116 3049 1248 3091 annum
1276 3031 1493 3111 oppinaniur
1516 3033 1683 3101 futurum,
1721 3048 1790 3109 per

452 3134 610 3197 Danielis
648 3136 856 3200 vaticinium
889 3136 927 3196 in
962 3136 1119 3215 capitulo
1155 3136 1229 3207 120,
1268 3135 1456 3197 Mccccx
1486 3139 1535 3199 ad
1558 3138 1707 3209 tardius,
1747 3139 1789 3198 ut

453 3244 585 3313 dicunt,
609 3243 828 3323 implendum
839 3240 861 3302 ⁶.

557 3614 589 3677 α)
608 3613 639 3672 -Ι-
660 3611 809 3665 Christns.
846 3612 878 3675 b)
896 3628 931 3658 Ξ
950 3611 1044 3664 iuxta.
1082 3615 1111 3678 e)
1131 3627 1165 3659 =
1185 3627 1262 3665 cum.

557 3786 578 3852 ¹)
594 3788 625 3841 S.
643 3789 767 3841 Mam.
786 3798 827 3851 v1,
847 3789 892 3841 23.

558 3874 578 3941 ⁷)
596 3878 651 3931 ΙΙΙ.
669 3878 743 3946 Reg.
763 3878 827 3941 XII,
845 3878 871 3941 3,
890 3892 936 3944 sq.

557 3964 578 4030 ⁸)
597 3966 626 4020 S.
645 3966 782 4029 Murra..
801 3977 854 4031 xv,
875 3967 918 4020 14,

556 4053 579 4119 ⁴)
596 4056 694 4108 FLAv.
714 4056 831 4107 VEGET.
867 4057 999 4108 [nstitui.
1018 4054 1077 4111 Rei
1101 4056 1252 4117 militaris,
1272 4055 1295 4117 1,
1310 4056 1468 4123 prologus.
1506 4056 1550 4108 Le
1575 4056 1660 4109 texte
1682 4056 1790 4109 exact:

452 4161 466 4187 ι
479 4145 587 4211 Neque
604 4160 790 4211 quemqnam
808 4145 904 4213 magis
923 4144 1021 4206 decet,
1039 4144 1091 4197 vel
1116 4143 1246 4196 meliora
1274 4143 1361 4207 scite,
1386 4144 1438 4198 vel
1463 4144 1563 4210 plura,
1587 4160 1680 4211 quam
1705 4145 1789 4211 prin·

451 4234 560 4300 cipem,
578 4235 665 4301 cnjus
683 4234 826 4287 doctrina
845 4233 988 4286 omnibus
1007 4234 1112 4300 potest
1129 4233 1279 4299 prodesse
1302 4233 1448 4301 subjectIs
1459 4251 1483 4285 ›.

558 4318 579 4386 ὅ)
597 4322 628 4375 8.
646 4323 767 4385 Ionan,
786 4332 816 4386 x,
840 4322 885 4375 16.

559 4408 580 4477 ⁸)
598 4412 730 4475 DAMEL,
747 4412 812 4474 XII,
828 4411 928 4475 11,12.
954 4411 998 4464 Ce
1016 4416 1149 4477 passage
1166 4424 1245 4462 nous
1263 4408 1380 4464 ionrnit
1397 4425 1440 4464 nn
1458 4410 1707 4479 renseignement
1720 4412 1790 4479 pre-

451 4500 539 4553 cienx
564 4515 619 4553 sur
643 4500 675 4553 la
699 4501 772 4555 date
797 4501 837 4554 de
861 4500 893 4554 la
919 4499 1123 4565 composition
1149 4498 1188 4551 de
1215 4499 1246 4552 la
1264 4500 1391 4553 Luculu.
1428 4500 1509 4553 C'est
1540 4500 1621 4553 donc
1651 4501 1725 4555 bien
1749 4516 1790 4555 eu

454 4590 532 4654 1405,
550 4605 612 4656 que
630 4589 781 4643 Dominiei
795 4589 933 4643 ecrivail.
951 4589 1011 4641 Les
1029 4588 1217 4655 esperances
1237 4603 1297 4655 que
1315 4589 1378 4642 l'on
1395 4590 1480 4643 avait
1504 4590 1545 4643 de
1568 4590 1637 4643 voIr
1660 4590 1734 4643 ilnir
1759 4590 1790 4645 le

451 4679 586 4731 schisme
605 4694 646 4731 en
665 4679 742 4741 1410,
762 4678 903 4731 subirent
920 4677 1057 4744 quelque
1075 4677 1158 4731 delei
1176 4678 1254 4729 dans
1272 4678 1342 4732 leur
1360 4678 1545 4743 realisafion,
1563 4694 1617 4732 car
1635 4694 1671 4733 ce
1688 4678 1790 4733 uelut

453 4768 546 4834 qu'en
565 4768 644 4832 1417,
662 4783 720 4834 par
738 4767 892 4820 l'election
910 4767 950 4819 de
968 4767 1083 4818 Martin
1101 4766 1137 4830 V,
1154 4780 1214 4833 qne
1233 4767 1263 4819 Ia
1280 4766 1352 4833 paix
1366 4767 1532 4834 religieuse
1543 4770 1599 4834 put
1613 4782 1647 4821 se
1660 4768 1791 4823 retablir

458 4855 507 4909 On
523 4858 670 4911 retronve
688 4857 767 4909 dans
786 4870 822 4909 ce
839 4864 970 4923 passage
988 4870 1049 4909 nne
1066 4854 1199 4909 allusion
1217 4856 1434 4929 anxlreveries
1453 4856 1652 4925 Joacmmtes.

1014 5063 1227 5071 *-
