4300 6117
777 1551 967 1729 lllla
1022 1553 1368 1740 PARsl

837 1986 1046 2093 [CAPUT
1083 1985 1294 2093 xvffll

509 2343 641 2431 [E]rgo,
675 2369 742 2430 pro
773 2351 1022 2414 declaracione
1055 2352 1233 2414 dictorum
1267 2353 1304 2413 et
1342 2351 1522 2414 solucione
1551 2349 1736 2412 nacionum

402 2456 593 2519 duodecim
615 2459 880 2538 promissarum,
906 2459 1096 2521 duodecim
1119 2459 1290 2522 articulos
1313 2456 1448 2520 formo:

513 2626 653 2689 Primus
670 2630 747 2690 est:
774 2625 911 2690 Saluti
940 2628 1181 2708 reipublice
1211 2630 1332 2690 obest
1361 2647 1442 2690 non
1471 2645 1617 2708 parum
1646 2627 1735 2707 phi·

400 2734 725 2816 losophancium
763 2737 947 2816 regimen
986 2738 1027 2798 et
1065 2738 1251 2798 caterva.

513 2839 699 2904 Secundus
726 2845 805 2905 est:
838 2840 1086 2906 sinceritati
1114 2843 1220 2904 iidei
1255 2842 1601 2923 philosophorum
1637 2845 1735 2904 sunt

401 2949 689 3012 tradictiones
713 2950 906 3012 adverse.

508 3052 657 3118 Tercius
692 3059 772 3118 est:
807 3055 1051 3120 Secularem
1084 3058 1314 3120 scienciam
1351 3057 1597 3119 intellectus
1632 3057 1734 3119 divi·

402 3181 477 3224 nus
515 3181 596 3224 non
634 3162 776 3226 habet

492 3268 665 3355 ¹Quartus
686 3273 756 3333 est:
780 3269 1078 3334 Ethnicorum
1102 3273 1305 3334 sciencia
1327 3291 1350 3334 a
1373 3271 1518 3334 sacris
1542 3269 1732 3332 Litteris

401 3380 469 3439 est
492 3377 719 3441 fidelibus
743 3379 1007 3441 interdicta.

511 3482 663 3569 Quintus
680 3488 759 3547 est:
783 3485 1107 3566 Intelligencie
1130 3485 1295 3567 Pagine
1318 3504 1449 3548 sacre
1472 3486 1732 3547 litterarum

398 3591 791 3671 philosophorum
814 3611 925 3655 usus
949 3595 1141 3655 multum
1164 3594 1376 3656 resistit.

506 3696 636 3761 Sextus
660 3702 736 3762 est:
761 3697 920 3762 Utilius
946 3703 1010 3762 est
1034 3699 1261 3780 Xpistiano
1284 3703 1441 3762 terram
1464 3718 1589 3761 arare
1612 3717 1732 3778 quam

399 3806 619 3886 gentilium
656 3807 880 3869 intendere
918 3806 1056 3868 libris.
1132 3806 1134 3810 ’

511 3909 690 3992 Septimus
722 3916 808 3976 est:
851 3912 1007 3976 Gracie
1037 3914 1182 3976 divine
1216 3912 1428 3994 perfectio
1458 3915 1615 3976 liberat
1644 3915 1730 3976 via·

398 4021 506 4083 toris
544 4023 723 4082 mentem
762 4039 784 4082 a
824 4020 1035 4082 doctrinis
1069 4020 1274 4083 humanis.

512 4124 671 4189 Octavus
714 4129 800 4189 est:
848 4125 1042 4189 Humana
1079 4127 1351 4208 philosophia
1393 4129 1625 4191 virtutibus
1667 4148 1729 4191 re·

398 4235 517 4297 sistit
556 4235 598 4296 et
631 4233 832 4296 moribus.

503 4341 625 4403 Nonus
657 4342 742 4402 est:
782 4338 883 4403 Sola
918 4359 1042 4404 sacra
1076 4342 1265 4404 sciencia
1302 4346 1367 4405 est
1403 4345 1564 4416 sancta,
1589 4344 1727 4423 plena,

398 4447 785 4519 sufficientissima,
819 4447 1043 4510 humanum
1077 4461 1206 4529 genus
1246 4449 1300 4511 ad
1339 4450 1529 4529 quelibet
1566 4450 1729 4530 agenda

398 4555 623 4618 directiva.

398 4769 610 4778 --——--.--

503 4914 523 4982 ¹)
543 4917 695 4971 Dominici
712 4931 889 4971 commence
913 4917 952 4971 lei
971 4918 1002 4970 la
1027 4917 1058 4970 30
1074 4917 1176 4986 partie
1194 4919 1235 4970 de
1251 4918 1283 4969 la
1301 4917 1425 4980 Lucula‚
1444 4917 1690 4983 correspondant
1708 4916 1727 4969 a

397 5004 428 5057 la
445 5006 615 5072 premiere:
635 5005 716 5060 cust
733 5007 764 5059 la
783 5008 918 5074 reponse
936 5022 997 5060 aux
1015 5007 1137 5060 raisons
1156 5021 1196 5058 en
1213 5005 1325 5060 lavenr
1337 5007 1377 5058 de
1391 5006 1571 5060 l'etudedes
1580 5006 1725 5058 Anciens.

397 5092 478 5147 C’est
502 5095 581 5147 dana
610 5096 691 5148 cette
716 5097 861 5149 derniere
885 5097 995 5163 partie,
1020 5097 1059 5149 de
1084 5097 1244 5164 beaucoup
1268 5098 1299 5149 la
1324 5098 1395 5164 plus
1426 5095 1638 5149 considerable
1666 5109 1727 5161 que

396 5181 554 5248 Domlnici‚
574 5198 614 5236 en
631 5184 808 5252 repondant
826 5201 887 5240 aux
906 5187 1114 5249 adversaires,
1132 5200 1284 5254 exposera
1304 5201 1356 5239 sea
1374 5199 1506 5253 propres
1524 5184 1618 5238 idees.
