4300 6117
473 971 539 1033 242
981 982 1140 1038 LUCULA
1162 981 1302 1037 NOCTIS

473 1206 647 1267 cientibus
664 1224 790 1285 pacem
807 1227 822 1260 >r
839 1204 858 1267 ¹.
877 1238 919 1246 —
936 1205 974 1267 Si
998 1219 1082 1287 ergo
1106 1208 1177 1268 iam
1192 1225 1259 1286 per
1273 1205 1392 1286 Xpisti
1403 1208 1609 1286 passionem
1623 1207 1669 1268 ab
1686 1225 1809 1269 amore

472 1314 696 1374 terrenorum
730 1331 851 1374 sumus
889 1314 1014 1392 erepti,
1050 1333 1094 1374 ex
1129 1314 1295 1375 iumentis
1330 1313 1489 1375 homines
1527 1312 1624 1384 lacti,
1648 1313 1754 1375 liberi
1785 1331 1809 1375 a

471 1419 663 1501 dyabolica
685 1420 867 1491 servitute,
892 1420 990 1480 illam
1006 1420 1249 1500 relinquamus
1262 1420 1472 1492 doctrinam,
1498 1422 1560 1481 aut
1580 1438 1650 1499 que
1665 1422 1809 1481 terrena

471 1530 688 1605 scruptatur,
712 1529 775 1588 aut
798 1545 868 1605 que
891 1529 937 1589 ob
961 1528 1052 1589 lucri
1075 1528 1210 1589 terreni
1233 1546 1379 1590 causam
1402 1531 1544 1590 amatur
1558 1530 1581 1590 ².
1621 1527 1700 1612 Que
1720 1546 1809 1601 vero

472 1635 518 1696 de
534 1652 654 1695 rerum
669 1634 807 1695 naturis
824 1635 1020 1696 communis
1036 1638 1092 1696 est
1107 1634 1232 1707 brutis,
1259 1636 1469 1696 societatem
1482 1653 1554 1697 non
1569 1635 1702 1696 habeat
1728 1653 1810 1696 cum

469 1741 547 1813 hiis,
573 1741 634 1819 qui
650 1742 820 1821 angelicis
836 1741 970 1803 debent
992 1741 1191 1820 agminibus
1207 1741 1392 1803 interesse.
1417 1740 1524 1804 Absit
1539 1742 1665 1821 procul
1681 1761 1703 1803 a
1719 1740 1809 1803 fide·

470 1848 563 1910 libus
587 1848 833 1927 perscrutacio
857 1848 919 1909 illa
943 1848 1145 1929 dyabolica,
1169 1867 1241 1928 que
1264 1850 1510 1929 pluralitatem
1525 1850 1675 1910 deorum
1697 1849 1809 1909 nomi·

470 1960 533 2016 nat
555 1955 736 2036 hystorico
758 1956 816 2016 vel
840 1955 906 2016 sub
931 1955 1152 2035 metaphora,
1166 1958 1205 2017 ut
1218 1956 1270 2018 sic
1293 1974 1381 2017 vera
1396 1957 1580 2035 sapiencia
1596 1955 1672 2027 Dei,
1688 1955 1810 2018 catho-

468 2064 540 2124 lica
574 2063 676 2133 tides,
713 2081 735 2123 a
769 2061 846 2123 Deo
885 2063 1092 2123 beatissimo
1128 2064 1298 2134 revelata,
1338 2063 1469 2142 dirigat
1507 2082 1572 2124 nos
1611 2064 1647 2123 in
1677 2064 1746 2133 via,
1771 2065 1810 2124 et

470 2170 637 2232 restituat
660 2170 773 2248 portis
797 2168 979 2231 felicitatis
1004 2187 1191 2248 superne...
1216 2167 1312 2231 Satis
1328 2170 1444 2231 illuxit
1459 2170 1677 2232 mundanam
1695 2170 1809 2231 scien·

360 2340 364 2346 ,
472 2279 563 2339 ciam
587 2277 701 2339 eciam
724 2296 746 2338 a
769 2278 903 2338 sanctis
926 2276 1105 2349 fidelibus,
1138 2277 1290 2338 maxime
1319 2276 1507 2356 neophitis,
1542 2276 1620 2339 fore
1649 2276 1810 2356 prohibi·

470 2388 554 2446 mm

404 2482 455 2549 15.
582 2490 655 2554 Sed
678 2491 796 2553 adhuc
820 2492 957 2552 occurit
979 2490 1037 2552 hic
1060 2492 1253 2552 locandum
1286 2490 1437 2551 verbum
1471 2489 1718 2551 leronimi
1749 2490 1810 2551 ad

470 2599 722 2670 Damasum,
747 2599 978 2661 monstrantis
1001 2616 1067 2677 per
1091 2598 1242 2660 Paulum
1265 2598 1364 2677 quod
1387 2598 1455 2677 legi
1476 2616 1548 2658 non
1561 2598 1671 2659 debet
1694 2597 1810 2658 ethni-

471 2726 595 2770 corum
618 2706 753 2786 sophia,
780 2707 865 2767 licet
886 2706 1021 2767 videris
1046 2706 1271 2784 disputantes
1295 2705 1341 2767 de
1365 2705 1432 2765 hiis
1467 2704 1676 2783 particulis:
1712 2722 1726 2753 «
1753 2722 1810 2766 ne

471 2816 666 2895 legas»,
705 2830 794 2873 «ne
828 2810 1194 2892 permaneasfl,
1243 2810 1316 2873 Sed
1336 2812 1661 2891 utrumqueponit:
1697 2811 1809 2872 ‹Pri-

471 2941 568 2984 mum
591 2920 745 3000 quidem,
769 2939 815 2980 ne
838 2920 1061 2981 consorcium
1086 2922 1121 2981 et
1145 2937 1345 2981 sermonem
1369 2919 1558 2998 strepitum
1593 2918 1666 2979 suis
1698 2918 1809 2980 lecto-

471 3030 571 3091 ribus
594 3028 778 3089 tribuant:
803 3027 901 3088 nulla
924 3028 975 3088 ibi
998 3028 1170 3088 saturitas
1194 3027 1367 3097 veritatis,
1386 3026 1482 3087 nulla
1499 3026 1641 3087 iusticie
1657 3024 1807 3087 reiectio

471 3136 660 3215 reperitur.
686 3132 846 3196 Studiosi
870 3152 992 3196 earum
1015 3134 1051 3195 in
1074 3131 1168 3195 lame
1192 3134 1270 3194 veri
1294 3136 1329 3195 et
1351 3134 1523 3195 virtutum
1547 3133 1700 3211 penuria
1725 3150 1808 3211 per·

470 3245 647 3307 severant.
672 3240 787 3303 Huius
805 3241 985 3321 sapiencie
1001 3242 1097 3320 tipus
1115 3241 1203 3302 etin
1226 3239 1551 3301 Deutronomio
1567 3240 1633 3301 sub
1647 3239 1807 3301 mulieris

471 3351 614 3431 captive
638 3349 855 3411 describitur
878 3349 993 3428 ligura
1007 3346 1028 3419 ³,
1053 3348 1100 3409 de
1139 3365 1211 3426 qua
1246 3347 1369 3409 divina
1403 3366 1472 3408 vox
1506 3348 1670 3426 precipit,
1703 3348 1750 3418 ut,
1776 3346 1808 3407 si

469 3457 675 3520 Israhelites
713 3474 793 3517 eam
829 3455 963 3516 habere
1006 3455 1160 3516 voluerit
1197 3473 1353 3525 uxorem,
1392 3454 1580 3515 calvitium
1616 3454 1649 3515 ei
1684 3452 1805 3525 faciat,

469 3578 603 3645 ungues
627 3565 792 3643 presecet
816 3564 852 3623 et
874 3562 966 3642 pilos
990 3561 1141 3624 auferat.
1188 3560 1339 3623 Etcum
1362 3562 1496 3622 munda
1520 3560 1629 3623 fuerit
1664 3560 1805 3633 effecta,

470 3677 555 3735 tunc
578 3673 739 3732 transeat
761 3671 798 3730 in
820 3670 967 3731 victoris
991 3670 1203 3749 amplexum.
1250 3668 1337 3741 Hec,
1374 3669 1404 3730 si
1428 3669 1624 3730 secundum
1648 3668 1807 3729 litteram

468 3780 717 3858 intelligamus,
742 3796 859 3839 nonne
897 3777 1050 3838 ridicula
1087 3777 1198 3837 sunt?
1237 3776 1364 3855 Itaque
1403 3780 1439 3837 et
1477 3794 1542 3837 nos
1580 3774 1649 3837 hoc
1685 3774 1807 3837 tacere

453 3887 634 3957 solemus,
660 3885 805 3964 quando
828 3884 1059 3963 philosophos
1084 3884 1240 3963 legimus,
1265 3884 1410 3961 quando
1442 3883 1477 3943 in
1509 3901 1635 3944 manus
1663 3884 1806 3944 nostras

470 3990 1805 4082 mmmmmmmmemmm;mwfflmmmffloemmm

470 4103 519 4163 ad
546 4103 708 4164 nostrum
742 4100 870 4179 dogma
905 4098 1166 4170 convertimus;
1192 4098 1223 4159 si
1258 4098 1346 4176 quid
1382 4116 1469 4159 vero
1503 4096 1734 4175 superfluum,
1760 4098 1807 4158 de

472 4330 685 4337 ———

575 4534 607 4593 a)
634 4556 667 4565 —
693 4545 753 4597 que
778 4543 855 4583 vero
884 4528 924 4580 de
949 4543 1054 4581 rerum
1081 4528 1200 4581 naturis
1227 4528 1395 4580 communis
1421 4528 1469 4578 est
1494 4526 1601 4589 brutis,
1628 4526 1805 4578 societatem

470 4638 553 4674 non.
568 4659 574 4672 .
589 4658 619 4672 ..

576 4797 597 4862 ¹)
616 4797 660 4851 Cf.
680 4797 710 4851 s.
729 4798 802 4861 Ine,
821 4797 872 4860 111,
891 4797 980 4849 13-18.

577 4894 597 4961 Ἴ
615 4895 645 4949 3.
663 4896 778 4949 EUSEB.
797 4895 885 4947 HIER.
904 4896 1004 4960 Epist.
1022 4894 1092 4945 xxi
1111 4896 1153 4945 od
1170 4895 1340 4945 Damasum
1358 4895 1396 4945 de
1415 4894 1534 4945 duobus
1551 4890 1635 4956 fllits.
1654 4890 1690 4943 In
1711 4891 1803 4957 oper,

468 4987 490 5049 I,
508 4986 570 5049 385,
589 4983 607 5053 ᾖ
621 4986 662 5038 13.
681 4985 823 5037 Allusion
841 4984 859 5037 'a
877 4985 909 5036 la
926 4984 1019 5036 lettre
1031 4984 1071 5035 de
1085 4982 1116 5035 C.
1133 4983 1263 5035 Salutati
1279 4983 1297 5035 'a
1311 4982 1359 5034 ira
1375 4982 1526 5034 Giovanni
1539 4982 1579 5034 da
1594 4980 1804 5045 Samminiato,

467 5081 507 5129 ou
525 5077 556 5127 le
575 5075 749 5128 chancelier
777 5074 928 5141 attaquait
952 5073 1213 5139 l'interpre'tation
1237 5087 1298 5139 que
1323 5072 1452 5123 donnait
1471 5073 1501 5124 le
1520 5070 1693 5123 camaldule
1709 5070 1749 5122 de
1769 5084 1806 5122 ce

467 5173 596 5233 passage
615 5164 656 5216 de
674 5165 756 5216 saint
774 5164 905 5216 Je'rdme.
943 5161 987 5215 cf.
1006 5162 1203 5229 Epistolario,
1222 5162 1243 5212 t.
1262 5160 1363 5212 IV·IP.
1383 5175 1414 5226 p.
1436 5159 1565 5214 186487.

576 5251 596 5318 ³)
616 5253 660 5306 cf.
677 5255 809 5317 Denter,
827 5252 905 5315 XXI,
931 5252 1020 5303 1044.
