4300 6117
472 948 539 1011 160
974 962 1133 1016 LUCULA
1156 961 1296 1018 NOCTIS

419 1247 424 1260 ,
466 1184 659 1262 utrumque
684 1185 842 1264 requirit.
875 1183 912 1246 Si
928 1186 1145 1266 negligenter
1169 1186 1310 1249 Domini
1334 1188 1530 1261 cithareda,
1558 1190 1800 1269 speculacioni

466 1289 652 1351 celestium
676 1310 795 1353 rerum
817 1291 956 1364 affixus,
981 1294 1153 1373 populum
1175 1312 1197 1354 a
1217 1293 1294 1355 Deo
1309 1296 1535 1357 commissum
1551 1296 1732 1370 direxerit,
1748 1298 1800 1359 ita

468 1401 507 1458 ut
546 1418 618 1460 non
655 1399 869 1478 corripuerit
916 1400 1111 1479 aliquando
1146 1418 1298 1480 pravum
1330 1400 1444 1463 filium
1478 1421 1596 1475 suum,
1635 1404 1759 1466 dicens
1789 1425 1799 1466 ι

465 1502 587 1588 Quare
610 1505 675 1567 hec
698 1504 842 1568 iecisti?
867 1507 928 1584 qui
951 1509 1070 1568 tamen
1094 1510 1173 1569 erat
1195 1509 1315 1587 gracia
1337 1510 1473 1588 plenus,
1500 1511 1680 1589 quomodo
1703 1511 1799 1573 dice·

465 1629 544 1672 mus
565 1613 770 1674 interiorem
794 1614 999 1692 quempiam
1022 1614 1200 1676 homiuem
1221 1615 1326 1676 simul
1346 1616 1487 1678 duobus
1504 1619 1642 1678 tantum
1657 1619 1799 1680 actibus

465 1717 667 1798 desperatis
703 1720 897 1792 intendere,
929 1723 969 1782 ut
1007 1723 1091 1783 sunt
1127 1721 1350 1802 philosophie
1389 1723 1546 1785 studium
1583 1727 1620 1786 et
1659 1725 1799 1786 sedium

466 1827 610 1905 sceptra
648 1827 717 1887 rite
754 1827 909 1888 tenere!
957 1826 1077 1889 Minus
1111 1831 1232 1890 autem
1266 1830 1364 1889 illam
1398 1833 1591 1892 veneratur
1635 1830 1799 1910 sophiam

463 1933 627 2013 quisquis
665 1930 773 1996 inerit
825 1935 991 2014 opinatus
1034 1935 1276 2014 interpellanti
1325 1937 1560 1999 insistendum
1612 1939 1797 2017 predictis.

466 2038 635 2125 Quisquis
659 2041 752 2101 enim
775 2058 862 2101 sano
886 2040 1008 2120 palato
1028 2042 1343 2122 contemplacionis
1359 2046 1478 2122 gustat
1496 2044 1688 2116 dulcorem,
1709 2047 1798 2127 regi·

463 2147 568 2208 minis
590 2148 701 2209 nutrit
725 2149 967 2228 contemptum
990 2150 1027 2210 et
1049 2148 1171 2209 odium
1193 2150 1289 2229 parit
1312 2150 1481 2212 eiusdem.
1506 2149 1566 2212 Ad
1594 2151 1798 2214 huiusmodi

462 2254 621 2316 studium
657 2253 778 2333 dirige,
817 2273 923 2334 quem
957 2255 1156 2317 solitarium
1189 2257 1299 2337 cupis,
1336 2274 1442 2336 quem
1475 2260 1598 2320 autem
1620 2262 1797 2321 rectorem

462 2365 640 2442 expectas,
676 2361 811 2441 legibus
847 2364 883 2422 et
916 2363 1033 2441 patrie
1067 2363 1324 2426 consuetudine
1354 2365 1463 2444 reple.
1501 2363 1592 2427 Nam
1626 2367 1795 2440 mirabor,

461 2470 613 2532 laudans
638 2468 837 2531 mirabilem
860 2467 983 2542 Deum,
1009 2470 1039 2530 si
1062 2469 1187 2531 videro
1225 2470 1382 2533 «folium
1405 2471 1503 2551 quod
1525 2476 1632 2534 vento
1657 2474 1798 2554 rapitur

460 2580 499 2639 et
522 2595 703 2656 nunquam
726 2576 762 2636 in
786 2576 913 2637 eodem
936 2578 1033 2638 statu
1066 2580 1252 2657 permanet
1270 2599 1284 2633 1
1299 2575 1319 2651 ¹,
1344 2591 1434 2659 vago
1464 2577 1602 2640 flumini
1635 2580 1797 2643 iunctum

460 2683 761 2764 philosophorum,
784 2683 923 2744 curiose
937 2683 1100 2746 doctrine
1116 2685 1180 2746 tali
1197 2703 1303 2746 cursu
1320 2689 1544 2748 constantem
1558 2688 1738 2750 aiiectum.
1753 2721 1793 2728 —

460 2790 554 2852 Hinc
577 2790 727 2853 Petrus
742 2788 963 2850 Ravenuas
982 2791 1019 2850 in
1034 2808 1212 2852 sermone:
1239 2809 1254 2843 ‹
1270 2788 1447 2853 Odibilius
1464 2792 1572 2853 nichil
1587 2796 1643 2855 est
1657 2794 1795 2856 subtili·

458 3006 545 3068 dere
570 3006 646 3066 dies
670 3022 763 3075 suos,
789 3022 859 3082 que
887 3023 953 3066 nec
987 3004 1093 3076 domi,
1117 3023 1183 3065 nec
1218 3005 1356 3077 milicie,
1381 3024 1447 3067 nec
1482 3006 1519 3066 in
1553 3008 1641 3078 ioro,
1665 3026 1733 3070 nec
1757 3009 1795 3070 in

460 3113 626 3183 claustro,
651 3130 717 3173 nec
742 3112 778 3170 in
802 3111 910 3182 curia,
938 3112 1064 3173 necin
1086 3109 1260 3182 Ecclesia,
1292 3130 1357 3174 nec
1381 3113 1513 3174 alicubi
1536 3117 1696 3192 possunt,
1726 3116 1795 3177 nisi

459 3220 633 3281 duntaxat
648 3220 684 3279 in
700 3218 805 3280 scolis
818 3216 1060 3280 ».—Sc1ibens
1077 3216 1214 3280 Seneca
1231 3218 1280 3279 ad
1295 3215 1491 3280 Lucillum:
1518 3238 1532 3271 ‹
1550 3217 1645 3304 Quid
1660 3224 1725 3292 est,
1742 3223 1794 3283 iu·

457 3327 543 3406 quit,
568 3326 713 3387 acucius
736 3325 858 3396 arista,
883 3326 920 3386 et
943 3317 1005 3385 inb
1024 3341 1096 3403 quo
1120 3327 1176 3386 est
1197 3325 1322 3386 utilis?
1346 3321 1434 3387 Tale
1461 3329 1524 3397 est,
1550 3327 1674 3406 inquit,
1699 3329 1793 3409 inge·

456 3433 554 3493 nium
576 3450 648 3512 quo
672 3433 749 3493 sola
772 3432 971 3494 subtilitate
985 3432 1176 3493 lasciviens
1188 3432 1285 3493 nulla
1300 3432 1337 3492 in
1349 3450 1389 3494 se
1405 3433 1540 3495 residet
1554 3435 1730 3513 gravitate
1749 3434 1792 3497 ›³.

457 3541 534 3602 Hec
559 3539 687 3601 Petrus
700 3539 722 3600 ⁴.

408 3631 441 3695 9·
564 3645 680 3732 Quam
709 3647 756 3708 sit
785 3646 989 3708 necessaria
1021 3648 1121 3707 recta
1151 3647 1374 3708 consciencia
1405 3648 1441 3708 et
1472 3647 1647 3708 viciorum
1671 3648 1793 3710 odium

457 3759 635 3816 terrarum
670 3754 945 3833 magistratibus,
977 3771 1129 3833 quorum
1165 3756 1220 3814 est
1250 3755 1451 3815 ceterorum
1486 3755 1654 3816 resistere
1676 3756 1791 3829 malis,

456 3863 535 3941 ipsa
570 3861 724 3941 dignitas
761 3860 912 3922 clamat!
947 3858 1010 3922 Ait
1044 3861 1137 3921 enim
1179 3859 1371 3940 Gregorius
1406 3861 1443 3921 in
1479 3859 1750 3925 Moralibus
1782 3882 1791 3924 :

458 3986 472 4019 «
486 3967 652 4030 Summus
675 3969 774 4030 locus
789 3968 881 4029 bene
892 3968 1032 4047 regitur,
1051 3986 1131 4029 cum
1140 3968 1171 4028 is
1188 3967 1249 4047 qui
1264 3971 1386 4047 preest
1401 3967 1526 4028 viciis
1542 3969 1666 4048 pocius
1683 3988 1791 4049 quam

454 4076 698 4138 iratribus
722 4073 1126 4137 dominatur>⁵.—Item
1142 4073 1376 4136 Cassiodorus
1400 4075 1487 4136 dicit
1508 4076 1553 4136 in
1576 4075 1789 4139 Psalmis:

456 4182 630 4244 «Publici
654 4181 794 4243 decoris
818 4186 934 4243 mater
956 4185 1010 4244 est
1033 4200 1132 4243 meus
1156 4183 1319 4261 regentis,
1345 4184 1381 4243 et
1415 4182 1521 4260 quale
1543 4181 1652 4244 fuerit
1679 4183 1789 4245 domi·

560 4528 593 4589 a)
617 4552 641 4560 -
666 4524 742 4577 sola.
782 4525 813 4590 b)
834 4551 863 4560 -
885 4525 926 4578 in.

561 4701 583 4767 ¹)
601 4704 668 4757 Joa.
687 4704 766 4768 xm,
785 4703 829 4756 25.

561 4789 582 4859 ²)
602 4793 714 4846 SENEC.
734 4794 834 4860 Epist.
853 4795 896 4845 ad
913 4794 1017 4846 Lucili.
1036 4793 1224 4845 LXXXVIII.

559 4880 580 4947 ²⁵)
599 4881 711 4935 SENEc.
729 4884 829 4949 Epist.
848 4884 891 4934 ud
908 4883 1013 4934 Lucili.
1032 4883 1177 4944 LXXXII,
1195 4882 1244 4934 24:
1264 4881 1350 4934 Nihil
1367 4885 1414 4934 est
1431 4884 1552 4934 centius
1569 4885 1678 4934 orista.
1702 4879 1788 4951 Qua·

450 4973 523 5023 dam
536 4972 654 5024 inutilia
673 4975 704 5024 et
720 4969 896 5035 inefficacia
915 4974 984 5037 ipsa
1002 4972 1158 5024 subtilitas
1177 4973 1283 5023 reddit.

556 5057 578 5126 ⁴)
597 5059 641 5114 ct.
660 5061 741 5114 tuan
759 5070 802 5112 nn
820 5060 1005 5124 Ssurssurr,
1024 5061 1234 5129 Metalogicas,
1260 5060 1296 5122 11,
1314 5069 1378 5123 vm,
1404 5060 1457 5126 qui
1480 5060 1585 5113 donne
1612 5060 1699 5113 aussi
1723 5061 1787 5112 tex·

448 5149 632 5203 tuellement
649 5164 702 5202 ces
721 5150 873 5204 citations.
894 5149 977 5202 Nous
997 5149 1126 5202 n'avons
1139 5165 1182 5216 pn
1199 5150 1246 5202 les
1260 5152 1423 5202 retrouver
1436 5149 1514 5202 dans
1527 5148 1635 5202 Pierre
1648 5149 1786 5202 Damion·

560 5235 581 5303 ⁶)
601 5238 700 5291 GREG.
719 5238 827 5290 Macri.
848 5239 883 5290 In
903 5239 1017 5291 Moral.
1038 5238 1144 5302 XXVI,
1162 5247 1249 5290 xm
1286 5238 1322 5291 In
1342 5236 1644 5304 oper.11,c01.³76.
