4300 6117
507 914 570 979 178
1009 927 1168 981 LUCULA
1190 926 1330 981 NOCTIS

505 1150 631 1231 Faleg
646 1154 750 1213 natus
768 1153 823 1213 est
832 1148 852 1222 ¹,
871 1152 917 1213 ob
932 1150 971 1212 id
986 1151 1185 1231 linguarum
1202 1152 1329 1213 divisio
1345 1152 1438 1214 sicut
1453 1153 1490 1213 in
1506 1156 1665 1215 nostram
1679 1154 1833 1234 linguam

507 1258 720 1320 translatum
743 1256 851 1337 Faleg
873 1259 1132 1338 interpretatur
1141 1256 1162 1320 ².

457 1360 488 1423 2.
609 1364 688 1426 Non
711 1383 819 1445 posse
841 1367 961 1426 autem
985 1366 1143 1426 divinum
1165 1366 1351 1445 proprium
1383 1384 1462 1428 esse
1486 1367 1659 1446 cognosci,
1698 1385 1740 1429 eo
1763 1386 1833 1429 non

506 1472 698 1544 revelante,
724 1472 824 1533 testis
842 1475 896 1533 est
913 1470 1090 1543 Salomon,
1114 1490 1232 1553 ymmo
1248 1472 1325 1552 ipse
1342 1491 1462 1534 rerum
1480 1472 1631 1535 effector
1652 1492 1720 1554 per
1735 1472 1832 1536 Salo·

507 1598 648 1641 monem
672 1580 811 1640 dicens:
845 1578 951 1664 «Que
974 1583 1094 1641 autem
1118 1580 1154 1639 in
1178 1579 1263 1641 celis
1287 1582 1378 1651 sunt,
1405 1580 1485 1659 quis
1508 1580 1745 1660 investigabit,
1771 1584 1832 1643 aut

505 1705 648 1748 sensum
672 1689 772 1747 tuum
795 1686 874 1765 quis
890 1686 989 1758 sciet,
1013 1686 1082 1747 nisi
1104 1689 1143 1748 tu
1159 1686 1303 1748 dederis
1328 1690 1363 1749 et
1382 1687 1520 1748 miseris
1537 1685 1709 1767 Spiritum
1725 1686 1831 1749 Sanc·

504 1796 580 1854 tum
602 1796 701 1854 tuum
725 1793 771 1854 de
794 1793 976 1855 altissimis
990 1814 1004 1849 ›
1017 1791 1038 1854 ³.
1052 1826 1091 1833 —
1108 1792 1233 1855 Nonne
1257 1792 1441 1856 confusum
1465 1797 1518 1856 est
1540 1794 1676 1855 labium
1698 1794 1735 1855 in
1758 1795 1831 1855 uni·

502 1918 608 1962 versa
632 1902 738 1971 terra,
764 1918 806 1961 ex
822 1918 894 1979 quo
909 1899 1064 1961 humana
1087 1900 1315 1980 presumpcio
1331 1900 1601 1979 deprehendere
1617 1901 1730 1962 voluit
1745 1900 1832 1980 quid

502 2009 598 2068 esset
621 2005 727 2079 Deus,
766 2007 814 2067 ab
846 2007 925 2086 ipso
958 2007 1058 2086 prius
1090 2009 1257 2086 suscepto
1282 2008 1366 2086 quia
1390 2006 1465 2069 est⁴
1500 2010 1536 2069 et
1558 2008 1643 2086 quia
1673 2010 1769 2070 esset
1795 2008 1831 2069 id

501 2133 572 2194 quo
595 2115 709 2175 maius
734 2114 882 2193 cogitari
898 2132 969 2175 non
992 2112 1150 2193 possiti?
1174 2112 1261 2175 Cum
1287 2117 1338 2177 tot
1363 2115 1573 2176 emerserint
1588 2114 1774 2194 opiniones
1790 2133 1831 2176 ex

498 2222 578 2300 ipsa
600 2220 716 2302 hydra
737 2219 904 2282 herculea
920 2224 968 2293 ut,
994 2220 1063 2282 nisi
1088 2218 1211 2283 Sancti
1236 2219 1390 2300 Spiritus
1412 2221 1501 2301 ignis
1526 2239 1606 2282 eam
1634 2223 1829 2293 comburat,

498 2328 674 2408 pullulent
689 2328 809 2407 capita
824 2326 1018 2401 mortifera,
1042 2328 1104 2389 ubi
1126 2328 1322 2389 creduntur
1343 2328 1466 2408 priora
1481 2332 1495 2362 ¹
1518 2328 1667 2390 succisa.
1681 2362 1724 2369 —
1738 2347 1752 2379 ‹
1766 2327 1830 2390 Re·

498 2435 610 2496 latum
624 2437 679 2496 est
695 2435 797 2506 enim,
813 2438 853 2496 ut
875 2436 1022 2496 recitem
1045 2436 1159 2496 verba
1182 2434 1256 2496 divi
1279 2434 1511 2515 Augustini,
1534 2433 1593 2495 De
1618 2433 1830 2497 Civitate

498 2540 602 2615 Dei,
638 2543 675 2602 in
708 2541 848 2603 litteras
883 2542 1129 2603 doctissimum
1162 2540 1369 2620 pontificem
1400 2539 1588 2603 Scevolam
1627 2542 1829 2622 disputasse

497 2650 567 2710 tria
590 2661 721 2729 genera
745 2649 879 2710 tradita
894 2648 1066 2710 deorum:
1092 2668 1213 2710 unum
1236 2668 1258 2709 a
1280 2650 1427 2729 poetis,
1452 2648 1632 2710 alterum
1655 2668 1678 2710 a
1701 2649 1828 2729 philo·

498 2757 656 2836 sophis,
691 2756 868 2817 tercium
900 2774 923 2817 a
954 2756 1222 2835 principibus
1256 2756 1490 2818 civitatum.
1537 2754 1695 2817 Primum
1721 2768 1827 2836 genus

498 2864 723 2944 nugatorium
739 2862 827 2924 dicit
844 2881 932 2934 esse,
948 2863 1046 2941 quod
1061 2862 1174 2924 multa
1189 2862 1234 2924 de
1252 2864 1320 2924 diis
1337 2862 1517 2943 fingantur
1528 2863 1689 2943 indigna;
1707 2881 1827 2924 secun·

496 2972 582 3033 dum
605 2989 676 3032 non
699 2982 894 3050 congruere
918 2970 1134 3040 civitatibus,
1161 2970 1259 3049 quod
1281 2970 1438 3032 habeant
1457 2969 1580 3049 aliqua
1596 2988 1825 3050 supervacua,

498 3079 619 3157 aliqua
643 3078 756 3139 eciam
780 3069 878 3157 [que]
907 3078 1027 3139 obsint
1053 3077 1196 3157 populis
1225 3096 1361 3139 nosse...
1400 3076 1477 3162 Que
1509 3080 1591 3138 sunt
1615 3080 1734 3139 autem
1758 3077 1825 3149 illa,

500 3204 569 3265 que
590 3186 734 3265 prolata
756 3185 793 3244 in
816 3184 1043 3246 multitudine
1065 3184 1218 3246 nocent?
1256 3182 1342 3255 Hec,
1377 3184 1501 3263 inquit,
1537 3202 1608 3245 non
1634 3202 1713 3246 esse
1742 3185 1826 3246 deos

497 3291 698 3362 Herculem,
715 3290 955 3370 Esculapium,
972 3290 1158 3353 Castorem
1174 3294 1209 3353 et
1225 3290 1407 3353 Pollucem
1420 3311 1435 3346 ›
1448 3288 1469 3352 ⁶.
1495 3322 1538 3332 -
1561 3290 1742 3371 Expedire
1768 3291 1825 3368 igi·

496 3402 555 3461 tur
570 3389 584 3481 {i
610 3399 787 3461 existimat
804 3399 880 3459 falli
895 3400 931 3460 in
947 3398 1116 3479 religione
1140 3399 1312 3469 civitates,
1338 3399 1436 3477 quod
1460 3397 1604 3477 quidem
1628 3417 1699 3460 non
1718 3398 1825 3459 tacuit

497 3506 616 3569 Varro
640 3506 849 3577 deridendo,
885 3505 1025 3567 dicens:
1067 3504 1265 3567 <Preclara
1288 3505 1421 3585 religio,
1446 3500 1519 3584 quo
1541 3506 1722 3585 confugiat
1742 3506 1825 3566 libe·

498 3615 633 3676 randus
669 3612 841 3685 infirmus,
881 3615 1019 3675 etcum
1041 3613 1230 3674 veritatem
1254 3631 1326 3692 qua
1347 3613 1521 3674 liberetur
1543 3613 1711 3691 inquirat,
1754 3630 1825 3673 cre·

499 3723 607 3784 datur
630 3722 661 3782 ei
686 3721 854 3801 expedire
877 3719 975 3799 quod
997 3720 1161 3781 fallitur»
1176 3716 1195 3780 ⁷.

450 3832 481 3896 3.
604 3826 742 3889 Genus
778 3826 948 3888 deorum
986 3826 1189 3889 traditum
1225 3846 1245 3887 a
1268 3825 1407 3906 poetis
1441 3826 1492 3887 ita
1516 3828 1572 3887 est
1591 3829 1696 3906 turpe
1720 3829 1824 3905 atque

495 4026 706 4035 ...—

600 4211 632 4272 α)
651 4236 685 4245 -
704 4208 817 4274 priora.

600 4384 622 4451 ¹)
644 4386 750 4440 Genea.
768 4386 805 4449 Χ,
823 4386 866 4439 25.

600 4473 620 4541 ¹)
641 4464 757 4528 lsmon'.
777 4476 907 4541 Etymol.
926 4476 961 4538 V,
980 4484 1090 4539 xxm,
1108 4474 1134 4527 6.
1153 4475 1189 4527 In
1209 4474 1299 4540 Oper.
1319 4473 1369 4536 ΠΙ,
1387 4473 1448 4525 224.

601 4562 622 4629 ³)
641 4565 784 4631 sapient,
804 4564 853 4628 IX,
873 4565 915 4628 16,
936 4566 977 4618 17.

600 4652 870 4718 ¹)Exod.111,14.

598 4740 620 4807 Β)
639 4744 683 4797 Cf.
704 4744 733 4797 S.
753 4742 857 4796 mon.
876 4743 953 4817 ItQ.
972 4744 1008 4806 ΙΙ,
1027 4758 1054 4795 a.
1074 4745 1099 4805 1,
1118 4744 1158 4796 ad
1176 4743 1201 4795 2.

597 4831 621 4898 8)
639 4832 668 4886 8.
688 4833 768 4887 Auo.
793 4835 840 4885 De
861 4832 945 4885 croit.
970 4834 1036 4895 Del,
1061 4832 1110 4895 IV,
1136 4842 1239 4884 xxvn:
1264 4834 1311 4884 De
1337 4832 1435 4884 tribus
1461 4831 1621 4899 generibus
1645 4832 1770 4883 deorum
1787 4830 1822 4881 de

496 4924 608 4988 quibus
638 4922 786 4977 Scaevola
811 4920 953 4989 pontifex
979 4921 1210 4988 disputavitln
1227 4921 1316 4987 Oper.
1342 4920 1405 4985 VH,
1437 4919 1497 4973 1³3.
1530 4918 1589 4972 Sur
1620 4918 1760 4981 Scevola,
1787 4916 1822 4971 cf.

495 5012 607 5075 C1cm,
634 5014 680 5065 De
701 5011 838 5076 Oratore,
863 5012 916 5064 lib.
934 5011 956 5074 I,
983 5027 1008 5064 c.
1027 5011 1077 5064 39:
1110 5030 1122 5054 ‹
1138 5048 1145 5062 .
1159 5048 1166 5062 .
1180 5046 1187 5061 .
1203 5048 1209 5062 .
1226 5012 1473 5075 surlsperltorum
1498 5009 1772 5073 eloquentissimus,
1795 5010 1824 5060 et

492 5103 693 5167 eloquentium
706 5104 1020 5167 jurisperitfsslmus».

598 5186 617 5255 ἶ)
639 5191 668 5243 8.
686 5191 767 5244 Auo.
788 5191 864 5243 lbfd.
