4300 6117
463 953 528 1017 136
971 964 1130 1018 LUCULA
1152 964 1291 1018 NOCTIS

462 1187 553 1248 bene
576 1184 733 1249 faciebat
756 1187 897 1258 Paulus.
923 1188 1065 1250 dicens:
1095 1186 1213 1273 «Quis
1237 1186 1443 1250 infirmatur
1466 1189 1502 1249 et
1525 1199 1589 1268 ego
1612 1206 1683 1249 non
1698 1185 1796 1248 intir-

463 1311 564 1355 mor»
578 1291 614 1354 ¹?
639 1291 677 1354 Si
691 1312 777 1356 vero
794 1313 865 1356 non
881 1313 925 1355 ex
942 1295 1090 1375 integro,
1109 1294 1173 1356 sed
1190 1295 1266 1356 sine
1280 1295 1428 1357 crimine
1443 1295 1606 1374 sequitur
1620 1293 1795 1373 Xpistum

463 1399 547 1462 licet
569 1419 640 1463 uon
663 1400 844 1480 perfectus
869 1403 924 1469 sit.
951 1406 1005 1463 est
1030 1405 1151 1463 tamen
1174 1420 1282 1462 verus
1298 1400 1519 1480 Xpistianns.
1544 1401 1590 1462 de
1615 1419 1686 1480 qno
1702 1400 1797 1463 idem

462 1508 692 1587 prosequitur
714 1509 750 1568 in
773 1510 909 1580 eodem,
934 1509 1074 1570 dicens:
1103 1508 1213 1588 «Ipse
1240 1511 1295 1570 est
1309 1506 1528 1587 Xpistianus‚
1547 1509 1608 1587 qui
1631 1509 1668 1568 in
1691 1508 1796 1569 domo

462 1633 529 1676 sua
550 1615 777 1696 peregrinum
799 1634 838 1677 se
862 1633 940 1677 esse
965 1616 1155 1696 cognoscit.
1201 1614 1325 1676 Patria
1349 1619 1472 1676 nostra
1495 1633 1636 1677 sursum
1659 1619 1723 1685 est,
1748 1614 1798 1676 ibi

462 1721 620 1801 hospites
644 1741 715 1783 nou
739 1723 880 1784 erimus.
906 1721 1025 1785 Ceteri
1041 1735 1125 1803 ergo
1141 1722 1243 1784 multi
1260 1722 1347 1783 solis
1364 1723 1513 1784 vocibus
1531 1725 1566 1784 et
1583 1722 1798 1801 quibusdam

464 1829 571 1908 signis
595 1829 830 1891 exterioribus
854 1828 953 1891 falsis
977 1829 1045 1891 hoc
1067 1830 1136 1891 sibi
1159 1833 1284 1891 sancte
1307 1829 1489 1908 religionis
1506 1847 1635 1891 nomen
1649 1846 1797 1908 usurpa·

462 1935 567 1997 vim,
586 1965 628 1977 -
651 1934 744 1997 Hinc
767 1935 863 1997 idem
886 1936 1013 1998 doctor
1036 1937 1162 1998 scribit
1178 1935 1335 1997 ibidem:
1364 1934 1575 2016 «Xpistiani
1594 1953 1723 1998 nomen
1739 1935 1797 1995 ille

463 2041 598 2104 trustra
621 2043 777 2113 sortitur.
815 2044 876 2122 qui
899 2042 1064 2122 Xpistum
1099 2043 1243 2104 minime
1268 2032 1282 2125 {l
1309 2043 1477 2104 imitatur.
1510 2041 1579 2128 Qui
1609 2043 1703 2103 enim
1733 2041 1799 2102 tibi

462 2148 611 2230 prodest
633 2150 766 2221 vocari,
802 2149 898 2229 quod
928 2168 1069 2220 nones,
1106 2154 1141 2211 et
1167 2169 1297 2211 nomen
1319 2167 1495 2229 usurpare
1530 2148 1711 2210 alienum?
1736 2146 1799 2210 Set

463 2257 493 2318 si
515 2255 743 2336 Xpistianum
767 2260 802 2319 te
836 2275 914 2318 esse
950 2257 1117 2327 delectat.
1145 2275 1215 2336 que
1238 2255 1505 2335 Xpistianitatis
1528 2259 1611 2317 suut
1633 2268 1726 2336 gere.
1764 2258 1798 2317 et

463 2365 590 2425 merito
607 2364 672 2424 tibi
687 2361 866 2442 Xpistiani
889 2382 1018 2425 nomen
1041 2361 1238 2426 assumer³.
1256 2394 1298 2404 —
1321 2361 1473 2444 Legerat
1496 2363 1590 2424 enim
1612 2362 1670 2424 hic
1693 2364 1798 2442 pater

465 2469 761 2550 ciprianum,
797 2471 999 2532 dicentem:
1034 2469 1277 2550 «Xpistianus
1301 2488 1404 2531 nemo
1441 2473 1538 2531 recte
1562 2469 1704 2540 dicitur.
1730 2469 1800 2530 nisi

467 2578 528 2657 qui
551 2576 679 2656 Xpisto
703 2578 862 2639 moribus
887 2579 1084 2656 coequatur
1102 2575 1149 2637 22⁴.

420 2677 451 2740 4.
557 2683 626 2745 Per
648 2684 714 2745 hec
737 2687 857 2763 potest
879 2684 928 2745 ad
944 2685 1124 2763 quesitum
1139 2684 1345 2763 aliqualiter
1361 2683 1582 2762 responderi.
1606 2681 1697 2744 Nam
1713 2681 1801 2742 nulli

466 2792 550 2853 licet
572 2790 799 2870 Xpistiauum
837 2810 907 2854 non
943 2808 1031 2862 esse,
1056 2791 1122 2852 sed
1160 2791 1374 2870 imperatum
1412 2790 1567 2862 cuilibet,
1597 2790 1727 2851 scimus
1765 2791 1800 2850 et

464 2899 608 2960 unicum
630 2897 792 2970 accedat¹
816 2898 1002 2977 discipulis
1026 2899 1100 2959 suis
1125 2896 1276 2958 Domino
1301 2897 1470 2959 iubente:
1497 2896 1718 2958 ‹Predicate
1740 2895 1800 2976 igi·

464 3009 523 3066 tur
537 3003 770 3085 Evangelium
792 3005 888 3067 omni
911 3007 1085 3076 creature,
1104 3005 1166 3083 qui
1182 3004 1377 3066 crediderit
1394 3007 1429 3066 et
1454 3004 1658 3084 baptizatus
1681 3001 1799 3073 tuerit,

465 3112 585 3174 salvus
623 3113 700 3184 erit,
737 3113 906 3191 quivero
930 3130 1001 3174 uon
1025 3111 1231 3184 crediderit,
1264 3107 1650 3190 condempnabitur›⁵.
1685 3109 1802 3196 Quam

464 3219 672 3281 notabiliter
694 3218 786 3281 tides
810 3220 997 3298 proposita
1025 3218 1235 3298 baptismati
1257 3217 1349 3278 tuit:
1373 3237 1465 3289 uam,
1491 3219 1567 3279 siue
1597 3218 1660 3278 illa
1683 3217 1800 3278 nullus

465 3327 608 3388 adultus
631 3329 751 3406 potest
775 3326 916 3399 salvari,
942 3326 1019 3388 sine
1041 3325 1260 3404 baptismate
1283 3343 1370 3387 vero
1393 3323 1560 3387 fluminis.
1599 3324 1801 3387 Dummodo

464 3452 535 3496 non
573 3434 667 3495 desit
705 3433 886 3512 baptisma
923 3431 1079 3494 fluminis
1117 3435 1180 3494 aut
1214 3432 1404 3512 sauguinis,
1429 3432 1532 3494 multi
1566 3432 1735 3493 dicuntur
1764 3432 1801 3492 in
1894 3460 1899 3470 ·

468 3541 591 3602 celesti
614 3541 701 3602 sede
717 3541 887 3619 recepti.⁸
908 3537 1004 3600 Alibi
1023 3542 1143 3601 tamen
1166 3538 1232 3600 hec
1254 3539 1406 3600 materia
1423 3542 1477 3601 est
1492 3538 1721 3618 disputanda.
1739 3535 1802 3600 Set

469 3777 681 3785 ——-

574 3977 606 4038 α)
625 3990 659 4020 :
680 3973 829 4038 collocati,
848 3988 888 4026 en
906 3980 1011 4040 marge
1030 3974 1150 4037 recepti.

468 4167 531 4204 non
541 4149 665 4218 patitur,
683 4151 737 4217 qui
748 4150 868 4203 miseris
883 4150 1035 4212 subvenit,
1054 4151 1108 4217 qui
1118 4149 1325 4217 indigentibus
1340 4149 1499 4211 succurrit.
1517 4148 1570 4215 qui
1584 4164 1654 4201 cum
1669 4162 1802 4200 moeren·

468 4240 550 4292 tibus
577 4241 696 4302 maeret.
724 4240 777 4306 qui
803 4240 944 4292 dolorem
969 4239 1096 4291 alterius
1122 4238 1211 4305 qnasi
1240 4238 1401 4304 proprium
1425 4237 1526 4301 sentit,
1551 4238 1604 4305 qui
1628 4237 1669 4290 ad
1692 4237 1803 4290 {letum

467 4329 593 4382 fletibus
624 4330 813 4395 provocatur
848 4329 965 4391 alienis,
995 4328 1081 4395 cuius
1109 4343 1247 4381 mensam
1276 4341 1396 4394 pauper
1421 4328 1525 4380 nullus
1554 4327 1683 4394 ignorat.
1715 4327 1803 4394 cujus

469 4419 555 4472 cibus
577 4419 694 4470 cunctis
713 4417 854 4482 offertur,
879 4418 966 4485 cujus
983 4419 1100 4470 bonum
1118 4432 1226 4470 omnes
1244 4418 1369 4479 norunt,
1388 4419 1420 4470 et
1437 4431 1529 4469 nemo
1546 4416 1641 4469 sentit
1658 4415 1804 4483 iniuriam

470 4509 526 4561 etc.
541 4545 548 4559 .
564 4543 570 4557 .
585 4543 591 4558 .
606 4525 619 4552 »
652 4507 688 4559 In
709 4506 799 4574 Oper.
818 4507 867 4569 VI,
888 4507 965 4559 1045.

577 4594 598 4661 ²)
617 4595 647 4650 S.
665 4597 775 4659 Plus„
794 4596 820 4647 11
838 4599 881 4649 ad
901 4595 966 4649 cor.
985 4605 1026 4658 xi,
1046 4595 1089 4648 29.

577 4685 598 4752 ¹)
617 4685 659 4738 ee
678 4693 809 4754 passage
826 4699 867 4738 ne
886 4698 921 4737 se
946 4686 1056 4738 trouve
1079 4699 1135 4752 pas
1158 4684 1237 4736 dans
1256 4684 1286 4737 le
1311 4683 1357 4736 De
1381 4684 1447 4736 Vita
1466 4683 1569 4734 christ.
1588 4680 1803 4749 amotusque

469 4791 504 4831 ce
521 4791 562 4830 ne
587 4777 647 4829 soit
673 4789 734 4828 une
759 4775 844 4842 glose
869 4774 908 4827 de
935 4774 1074 4837 l'auteur,
1100 4787 1154 4826 sur
1170 4775 1201 4826 le
1219 4780 1350 4840 passage
1367 4772 1545 4839 precedent,
1568 4772 1621 4839 qui
1640 4771 1714 4825 etait
1732 4771 1803 4840 ddja

469 4865 534 4919 tres
553 4866 659 4919 altere.

578 4952 600 5019 ³)
619 4955 648 5008 S.
667 4955 748 5008 Auo.
766 4954 813 5006 De
837 4953 903 5005 Vita
922 4953 1024 5005 christ.
1043 4951 1121 5003 1.1n
1141 4950 1232 5018 Oper.
1251 4951 1299 5013 vl.
1319 4949 1397 5003 10³3.

578 5042 600 5108 ⁴)
619 5043 648 5098 S.
668 5043 817 5096 CYPRIAN·
836 5043 882 5095 De
901 5042 1016 5094 Habitu
1041 5042 1201 5109 Virgtnum‚
1219 5040 1283 5092 VII.
1314 5038 1393 5113 «Qui
1405 5054 1473 5093 esse
1485 5039 1625 5106 cupimus
1637 5037 1803 5101 christiani,

472 5134 620 5187 debemus
639 5134 723 5200 quod
742 5131 879 5185 Christus
898 5131 975 5183 dixit
994 5132 1025 5184 et
1043 5129 1116 5184 tecit
1134 5129 1285 5182 imitari».
1310 5129 1347 5181 ln
1367 5127 1459 5195 Oper.
1478 5128 1516 5190 11,
1533 5126 1595 5181 459.

581 5218 602 5286 ⁵)
621 5221 650 5274 s.
669 5221 781 5285 Mane..
800 5229 864 5282 xvi,
884 5221 926 5273 14.
