4300 6117
860 1014 1047 1068 IOHANNIS
1070 1012 1252 1067 DOMINICI
1656 1000 1721 1063 223

386 1244 454 1305 sub
477 1242 540 1303 illo
562 1260 649 1303 vero
672 1240 849 1302 velamine
873 1240 1022 1302 notabili
1046 1240 1083 1300 et
1104 1238 1289 1300 luminoso.
1329 1232 1446 1308 Tales,
1475 1236 1506 1297 si
1530 1235 1722 1323 traduntur

386 1350 572 1411 studentes
596 1348 645 1410 ad
667 1346 1001 1427 philosophandum,
1041 1345 1234 1424 proficient
1258 1344 1415 1425 opipare,
1456 1342 1522 1405 sed
1542 1342 1604 1405 ubi
1627 1342 1722 1403 levia

387 1458 527 1519 levibus
551 1459 587 1517 et
609 1473 703 1518 vana
718 1455 820 1515 vanis
845 1454 942 1515 nullo
966 1453 1126 1532 pondere
1149 1453 1265 1532 prime
1287 1452 1451 1513 veritatis
1475 1467 1635 1511 connexa
1650 1452 1722 1510 tra·

388 1565 531 1634 duntur,
568 1581 590 1623 a
612 1562 715 1624 vanis
739 1579 886 1622 necesse
919 1564 974 1622 est
997 1561 1036 1621 ut
1060 1562 1214 1637 utraque
1237 1559 1474 1620 terminentur
1507 1558 1544 1618 in
1566 1559 1721 1618 ventum.

387 1670 467 1733 Hoc
491 1670 616 1732 docuit
638 1668 746 1740 Deus,
785 1686 866 1730 cum
890 1668 972 1729 talis
995 1665 1113 1728 iactus
1138 1669 1193 1728 est
1215 1666 1330 1737 homo,
1361 1665 1503 1744 qualem
1526 1665 1639 1727 voluit
1662 1662 1722 1724 ho·

388 1779 518 1839 minem
543 1777 738 1856 quemlibet
759 1774 849 1837 lieri.
884 1773 1046 1836 Verbum
1069 1772 1247 1852 siquidem
1271 1772 1367 1834 idem
1395 1776 1432 1834 et
1454 1770 1645 1853 Sapiencia
1668 1773 1723 1831 est

385 1886 621 1955 incarnatum,
645 1887 684 1945 ut
708 1885 859 1944 formam
883 1881 1045 1943 traderet
1068 1881 1241 1960 sapiendi,
1278 1880 1338 1959 qui
1363 1880 1466 1941 dicit:
1509 1878 1635 1941 «Unus
1668 1881 1723 1941 est

387 1993 557 2072 magister
579 1994 709 2060 vester,
733 1987 914 2070 Xpistus1.
939 1988 1008 2050 Hic
1031 2006 1155 2049 sacras
1172 1986 1329 2049 Litteras
1352 1988 1563 2067 exponebat,
1589 1990 1722 2048 etcum

385 2100 496 2161 sciret
520 2098 608 2177 quid
623 2098 786 2159 veritatis
811 2099 905 2158 esset
929 2098 966 2156 in
990 2095 1155 2157 doctrina
1178 2095 1372 2175 gentilium,
1398 2112 1470 2155 non
1486 2112 1547 2155 eos
1563 2094 1721 2155 nomina·

386 2207 460 2277 bat,
496 2206 562 2266 sed
586 2204 794 2266 terribiliter
817 2204 1030 2283 increpabat
1061 2204 1201 2263 utentes
1231 2220 1354 2263 eorum
1384 2201 1534 2273 iudiciis,
1571 2202 1720 2263 occultis

387 2313 554 2375 misteriis
565 2311 744 2391 ignoratis.
754 2309 863 2372 —Ait
878 2311 971 2371 euim
986 2308 1183 2371 secundum
1194 2307 1395 2371 Matheum:
1410 2307 1548 2371 «Facto
1562 2327 1719 2388 vespere,

386 2420 506 2482 dicitis
530 2437 695 2481 serenum
719 2420 797 2491 erit,
822 2417 1060 2479 rubicundum
1084 2418 1139 2477 est
1155 2417 1248 2477 enim
1266 2416 1399 2489 celum;
1425 2418 1461 2477 et
1478 2416 1722 2488 mane,'hodie

385 2530 591 2607 tempestas,
616 2526 740 2587 rutilat
764 2526 856 2587 enim
877 2526 980 2586 triste
1004 2524 1129 2585 celum.
1153 2522 1298 2584 Faciem
1322 2536 1405 2603 ergo
1431 2524 1498 2584 celi
1521 2523 1722 2585 diiudicare

388 2635 509 2703 nostis,
534 2634 633 2712 signa
649 2635 770 2693 autem
786 2636 987 2711 temporum
1003 2648 1074 2691 non
1086 2631 1236 2709 potestis
1255 2630 1372 2692 scire?
1386 2654 1400 2685 u
1414 2630 1435 2691 2.
1465 2662 1500 2671 -
1519 2629 1566 2692 Et
1582 2632 1720 2701 iterum,

386 2741 584 2803 secundum
606 2737 756 2801 Lucam:
799 2738 913 2799 «Cum
937 2738 1100 2799 videritis
1124 2738 1255 2799 nubem
1293 2738 1466 2799 orientem
1502 2740 1550 2800 ab
1580 2757 1720 2809 occasu,

386 2848 509 2910 statim
532 2847 669 2908 dicitis:
694 2846 835 2907 nimbus
851 2847 958 2917 venit,
991 2849 1028 2905 et
1050 2845 1102 2905 ita
1124 2845 1175 2905 iit.
1205 2843 1252 2905 Et
1276 2862 1356 2906 cum
1380 2848 1541 2906 austrum
1564 2844 1721 2918 flantem,

387 2956 525 3017 dicitis:
551 2955 636 3033 quia
654 2955 751 3015 estus
767 2954 854 3024 erit;
880 2956 916 3014 et
931 2952 983 3013 tit.
1007 2950 1192 3031 Ypocrite,
1217 2950 1346 3012 taciem
1363 2953 1430 3013 celi
1446 2955 1483 3013 et
1498 2955 1594 3013 terre
1610 2953 1722 3014 nostis

387 3063 557 3142 probare,
589 3059 655 3122 hoc
679 3062 799 3121 autem
823 3064 963 3138 tempus
987 3060 1168 3137 quomodo
1192 3078 1263 3120 non
1286 3058 1534 3137 probatis?»³.

493 3168 583 3230 Item
626 3167 812 3229 mandavit
845 3168 924 3247 ipsa
962 3164 1153 3245 Sapiencia
1187 3166 1374 3228 incarnata
1408 3167 1527 3228 adhuc
1572 3167 1722 3229 rudibus
1738 3156 1789 3217 16-

386 3276 572 3356 discipulis
596 3275 678 3346 suis,
715 3278 754 3335 ut
778 3293 849 3335 non
872 3275 966 3335 irent
989 3274 1025 3333 in
1047 3274 1126 3335 vias
1149 3274 1320 3353 gencium,
1353 3276 1393 3335 et
1429 3292 1510 3336 cum
1533 3273 1720 3336 Samaritis

387 3401 431 3444 ne
455 3383 758 3444 communicarent
767 3379 788 3452 ⁴,
822 3398 911 3459 quos
935 3381 1079 3449 demum
1103 3380 1228 3441 doctos
1253 3383 1289 3441 et
1312 3379 1387 3442 fide
1410 3385 1601 3460 provectos
1624 3382 1720 3443 idem

385 3490 491 3559 Deus,
528 3488 682 3568 Spiritus
706 3486 869 3560 Sanctus,
907 3486 1107 3548 Samariam
1137 3487 1233 3548 misit
1265 3490 1301 3549 et
1328 3488 1514 3550 universos
1537 3489 1686 3569 gentiles
1697 3486 1717 3561 ⁵,

384 3616 457 3658 non
492 3596 692 3657 contrarius
722 3596 792 3657 sibi
822 3594 929 3664 Deus,
966 3595 1031 3656 sed
1058 3594 1242 3655 insinuans
1277 3596 1362 3673 quia
1397 3597 1515 3656 omnia
1539 3586 1553 3678 Η
1578 3600 1718 3676 tempus

385 3703 528 3775 babent,
560 3706 596 3765 et
626 3704 699 3764 suis
716 3703 848 3782 spaciis
870 3704 1058 3764 transeunt
1071 3702 1248 3772 universa,
1274 3705 1384 3780 atque
1400 3703 1501 3763 nobis
1519 3704 1719 3783 exemplum

386 3810 601 3889 relinquens,
641 3828 685 3871 ne
710 3810 789 3888 quis
813 3811 949 3870 audeat
976 3807 1208 3888 philosophos
1232 3809 1289 3869 vel
1313 3808 1499 3881 hereticos,
1539 3828 1629 3889 quos
1653 3812 1719 3891 sig·

384 3915 534 3979 nificant
557 3920 680 3997 gentes
704 3920 740 3978 et
756 3916 942 3987 Samarite,
968 3916 1036 3976 nisi
1059 3916 1159 3994 prius
1183 3912 1291 3976 luerit
1314 3916 1351 3975 in
1374 3913 1449 3977 fide
1464 3934 1531 3996 per
1547 3915 1718 3997 Spiritum

386 4021 560 4085 Sanctum
583 4024 717 4103 optime
741 4024 925 4084 solidatus.
941 4054 984 4063 -
1001 4019 1039 4082 Si
1055 4018 1299 4083 Terrenciano
1317 4022 1504 4095 versiculo,
1522 4021 1631 4085 Saulo
1647 4024 1719 4085 iam

386 4131 536 4192 interra
553 4132 735 4211 prostrato
751 4129 875 4191 Ihesus
890 4119 905 4211 ΙΙ
923 4130 1083 4207 loquens,
1109 4130 1165 4189 est
1181 4126 1290 4200 ususl,
1316 4130 1453 4191 sciebat
1471 4130 1521 4191 illi
1536 4131 1718 4210 gentilium

385 4237 515 4299 edocto
537 4237 689 4316 loquelis
712 4236 895 4316 prodesse,
931 4237 962 4297 si
985 4234 1154 4297 feriretur
1177 4234 1244 4295 hiis
1269 4236 1358 4307 telis,
1395 4238 1525 4315 quibus
1558 4241 1636 4299 erat
1667 4239 1718 4298 in·

384 4344 504 4406 flatus.
544 4343 698 4429 Quidam
722 4345 815 4406 enim
839 4343 997 4423 cuspidis
1021 4344 1095 4404 ictu
1119 4346 1288 4403 narratur
1312 4361 1398 4405 casu
1422 4348 1568 4406 sanatus
1593 4364 1615 4406 a
1637 4364 1719 4425 pec·

384 4452 474 4513 toris
498 4454 721 4531 apostemate
743 4452 853 4532 gravi,
890 4470 960 4513 non
984 4468 1071 4512 casu
1094 4468 1296 4529 percussus,
1334 4469 1458 4512 verum
1494 4453 1609 4513 tucius
1632 4471 1720 4514 nece

495 4836 516 4901 ¹)
534 4839 563 4891 s.
583 4839 717 4900 numu,
734 4838 841 4902 mn,
862 4839 903 4891 ιο.

385 4981 389 4987 ,
492 4924 586 4993 ²)1n,
608 4927 686 4991 xv1,
707 4928 731 4979 2.

493 5013 514 5079 ³)
532 5016 561 5069 s.
582 5018 667 5080 nuc..
688 5017 755 5078 xn,
773 5016 865 5069 ⁵45⁶.

492 5102 514 5168 ⁴)
534 5105 563 5157 s.
583 5106 717 5169 Murra,
735 5106 772 5168 x,
791 5107 816 5159 5.

496 5190 582 5259 ⁶)1n.
603 5195 737 5259 xxvm,
759 5196 802 5248 19.

491 5280 514 5348 ⁶)
531 5282 667 5337 mm.
685 5286 837 5348 Phormio,
856 5284 921 5338 Act.
940 5285 962 5348 Ι,
982 5301 1063 5339 scen.
1082 5286 1118 5350 11,
1137 5286 1181 5339 28.
1204 5285 1248 5339 cf.
1267 5288 1329 5339 not.
1349 5301 1379 5353 p.
1399 5286 1443 5350 94,
1461 5288 1534 5339 note
1554 5287 1579 5338 1.
