4300 6117
454 949 519 1012 104
958 960 1118 1014 LUCULA
1139 959 1279 1015 NOCTIS

454 1183 759 1262 concupiscencia,
770 1186 897 1245 autore
907 1178 1124 1252 Tertuliano,
1137 1181 1287 1244 femInas
1299 1183 1423 1246 videre
1433 1203 1504 1245 non
1515 1188 1670 1265 poterat.
1684 1185 1795 1268 Virgo

453 1306 596 1367 quoque
619 1290 774 1351 moritur
797 1289 911 1351 Plato.
935 1288 1151 1352 zenocrates
1175 1308 1246 1350 non
1269 1290 1382 1352 valuit
1403 1291 1541 1353 luxurie
1560 1295 1731 1355 vexillum
1746 1297 1796 1357 ad

452 1395 716 1474 impudiciciam
743 1398 925 1458 inclinare.
955 1395 1193 1458 Demostenes
1216 1396 1342 1458 derisit
1365 1398 1475 1458 scorti
1498 1398 1675 1472 lascivias,
1705 1419 1794 1480 quas

452 1504 614 1580 penitere
627 1522 698 1565 non
711 1503 880 1566 emendas
893 1503 1036 1564 vocavit
1049 1501 1069 1563 ¹.
1103 1502 1231 1564 Animo
1247 1500 1359 1565 fortes
1370 1502 1617 1583 Anazagoram
1634 1511 1670 1568 et
1682 1506 1793 1570 Zeno·

452 1605 587 1671 fontem
603 1623 730 1689 graves
748 1611 868 1672 nuncii
883 1585 990 1671 trium
1005 1612 1171 1670 natorum
1186 1613 1337 1671 mortem
1351 1613 1536 1689 portantes
1553 1631 1625 1673 non
1637 1618 1793 1677 retraxe-

453 1719 536 1777 runt
548 1719 661 1778 eciam
673 1717 721 1779 ad
732 1719 948 1778 momentum
961 1716 1007 1777 ab
1019 1714 1150 1778 officiis
1160 1716 1300 1788 divinis,
1310 1717 1439 1795 quibus
1450 1719 1534 1779 tunc
1546 1723 1649 1780 erant
1655 1721 1792 1783 intenti.

454 1824 686 1903 Picthagoras
725 1824 879 1902 quidem,
920 1822 1119 1902 exemplum
1148 1823 1317 1901 equitatis
1348 1822 1545 1902 Xpistianis
1578 1827 1792 1906 relinquens,

455 1931 643 1996 creditoris
657 1931 816 1992 defuncti
840 1931 891 1990 eis
912 1929 1073 1991 debitum
1090 1930 1127 1989 in
1142 1931 1330 1991 tabernam
1345 1930 1518 2001 submisIt,
1537 1935 1572 1993 et
1589 1935 1793 2011 preducens

453 2038 660 2118 evangelico
675 2038 797 2108 verbo,
811 2037 914 2098 dixit:
941 2035 1090 2097 «Redde
1106 2036 1203 2114 quod
1219 2036 1331 2098 debes
1347 2035 1388 2097 ›².
1406 2035 1635 2118 Anazagoras
1651 2059 1794 2119 posses·

452 2147 570 2208 siones
586 2163 670 2206 suas
681 2145 795 2206 libere
812 2144 973 2223 permisit
988 2144 1116 2223 perire,
1128 2162 1170 2203 ne
1186 2143 1273 2222 ipsis
1289 2144 1455 2216 intentus,
1472 2144 1664 2208 illiteratus
1679 2148 1792 2226 peris·

453 2257 518 2315 set.
543 2251 770 2332 Paupertatis
794 2251 954 2312 fervidus
972 2250 1097 2320 cultor,
1114 2249 1310 2330 Dyogenes,
1333 2253 1417 2312 ante
1434 2269 1556 2313 omnes
1573 2250 1792 2333 Xpistianos,

452 2360 636 2421 voluntate
659 2359 854 2428 mendicus,
880 2354 1023 2418 effulsit.
1047 2354 1263 2418 Zenocrates
1298 2375 1385 2418 vero
1416 2358 1521 2435 plura
1550 2361 1670 2438 potuit
1703 2362 1792 2422 divi·

454 2468 589 2529 ciarum
602 2467 863 2544 contempnere,
878 2482 984 2542 quam
1001 2476 1148 2542 magnus
1164 2461 1369 2525 Alexander
1380 2463 1520 2526 valeret
1533 2466 1602 2527 sibi
1617 2466 1792 2532 conferre.

453 2572 523 2658 Qui
538 2591 695 2650 unquam
718 2573 811 2633 inter
825 2570 1020 2632 catholicos
1037 2568 1181 2631 fuerunt
1196 2571 1352 2642 arctiori,
1370 2574 1432 2632 aut
1447 2572 1563 2633 eciam
1580 2573 1686 2634 simili
1703 2577 1792 2636 cari-

453 2682 528 2743 tate
552 2679 710 2751 connexi,
735 2681 774 2738 ut
798 2675 946 2738 Clamon
970 2679 1005 2739 et
1036 2675 1185 2749 PhisIas,
1211 2677 1267 2738 cui
1300 2677 1407 2739 cessit
1436 2678 1574 2740 furiosa
1597 2681 1792 2744 crudelitas

454 2786 595 2868 tyranni
609 2786 625 2846 l
648 2784 773 2846 Nonne
796 2785 887 2846 tales
911 2785 1001 2864 petit
1017 2784 1075 2845 lex
1090 2781 1218 2863 Xpisti,
1237 2783 1379 2862 qualem
1394 2783 1541 2863 legimus
1557 2785 1790 2860 Aristotilem,

453 2893 588 2974 pietate
611 2891 823 2971 preclarum,
855 2891 1033 2952 dicentem
1057 2908 1097 2952 se
1119 2892 1258 2951 tantum
1281 2909 1389 2951 unum
1416 2892 1681 2955 incommodum
1704 2896 1790 2974 pati,

453 3000 599 3069 scilicet,
625 3017 664 3060 se
679 3017 749 3060 non
765 3016 872 3078 posse
895 2997 1058 3058 omnibus
1083 2996 1323 3076 indigentibus
1346 2997 1547 3060 subvenire.
1573 2999 1612 3061 Si
1626 3021 1713 3063 vero
1730 3022 1791 3082 pa·

453 3107 585 3170 tiencia
607 3106 717 3168 habet
740 3123 830 3185 opus
853 3106 1052 3185 perfectum
1076 3103 1335 3182 animabusque
1357 3105 1499 3182 piorum
1531 3106 1682 3186 largitur
1711 3128 1791 3190 pos-

453 3215 629 3276 sessiones
655 3216 806 3282 eternas,
831 3211 996 3272 miranda
1018 3209 1086 3272 fuit
1117 3211 1154 3270 in
1190 3209 1348 3282 Socrate,
1389 3211 1587 3274 sustinente
1623 3215 1719 3277 inter
1753 3235 1792 3278 se

454 3323 612 3383 rixantes
635 3337 774 3390 uxores,
800 3321 839 3379 ut
863 3321 1068 3380 asuesceret
1084 3317 1179 3379 bono
1198 3318 1397 3397 prelibato⁸
1412 3319 1566 3382 virtutis.
1591 3319 1793 3385 Laudanda

455 3432 508 3491 est
532 3428 598 3490 hec
621 3428 657 3488 in
673 3426 832 3497 Archita,
849 3426 910 3504 qui
934 3425 1047 3487 noluit
1071 3443 1176 3486 servo
1199 3425 1345 3486 meritas
1368 3426 1576 3503 persolvere
1599 3446 1722 3508 penas,
1750 3447 1791 3492 eo

455 3534 552 3614 quod
575 3553 614 3596 se
638 3533 821 3596 senciebat
845 3533 975 3593 iratum
993 3529 1014 3592 ³.
1039 3530 1155 3616 Quam
1190 3530 1332 3592 humilis
1367 3528 1434 3593 fuit
1472 3551 1596 3594 eorum
1631 3533 1790 3598 Plotinus

455 3611 628 3703 honorum
652 3643 883 3720 contemptor,
910 3656 990 3700 cum
1015 3639 1144 3700 ceteris
1167 3638 1309 3700 multis!
1341 3636 1436 3722 Quid
1459 3640 1589 3718 loquar
1612 3641 1658 3703 de
1682 3644 1790 3705 absti-

455 3749 591 3819 nencia,
628 3748 752 3808 radice
785 3747 966 3816 virtutum,
1004 3763 1085 3807 cum
1120 3743 1334 3815 Carneades,
1371 3745 1500 3807 sedens
1532 3749 1582 3808 ad
1621 3767 1788 3820 mensam,

455 3855 729 3917 oblivisceretur
752 3853 945 3915 extendere
968 3846 1119 3913 manusb
1135 3851 1183 3913 ad
1207 3852 1334 3921 cibum,
1354 3853 1417 3912 aut
1431 3853 1596 3915 manibus
1612 3859 1790 3936 sumptum

456 3963 589 4024 inferre
611 3961 763 4023 labellis.
788 3958 869 4038 Ipse
893 3977 1035 4038 quoque
1074 3958 1154 4038 gule
1191 3958 1306 4020 cultor
1342 3957 1400 4019 vel
1422 3961 1568 4032 ventris,
1603 3959 1788 4040 Epicurus,

457 4087 562 4148 quem
600 4068 651 4129 illi
690 4067 849 4129 homines
873 4065 1123 4147 philosophum
1154 4083 1225 4126 non
1251 4067 1382 4126 vocant
1397 4067 1420 4136 ⁰,
1445 4067 1510 4128 sed
1537 4085 1695 4147 procum,
1721 4087 1789 4148 qno

458 4176 681 4238 constituerit
701 4164 715 4258 Ι.
740 4174 778 4234 in
800 4173 1045 4252 voluptatibus
1080 4170 1289 4234 felicitatem
1323 4171 1523 4246 humanam,
1556 4192 1639 4236 suos
1669 4176 1788 4249 libros,

456 4284 609 4345 docente
632 4284 757 4344 sancto
781 4279 967 4353 Ieromino,
993 4279 1155 4359 implevit
1186 4278 1353 4350 oleribus,
1378 4274 1624 4360 persuadens‘1
1639 4287 1781 4345 omnes⁸

456 4408 479 4450 a
495 4390 663 4451 carnibus
687 4385 899 4450 abstinere⁴¹

458 4581 670 4590 ———

561 4725 593 4786 a)
619 4739 652 4769 =
678 4721 870 4789 prelibanda.
925 4722 956 4784 b)
983 4737 1017 4767 =
1042 4735 1176 4774 manum.
1220 4723 1249 4784 o)
1268 4737 1302 4767 =
1317 4722 1484 4774 nominant.
1542 4724 1576 4787 d)
1594 4739 1628 4769 =
1647 4723 1788 4776 suadens

456 4814 485 4875 e)
511 4828 545 4858 =
573 4812 726 4865 omnibns.

564 4969 585 5036 ¹)
604 4970 648 5023 CI.
667 4971 702 5025 A.
722 4971 826 5033 GELL,
845 4971 932 5023 Nocf.
951 4973 1033 5024 attio.
1052 4970 1073 5032 1,
1094 4979 1158 5021 vm.

565 5057 585 5124 ²)
604 5060 633 5113 S.
653 5061 785 5122 MATTH,
804 5059 909 5124 XVIII,
929 5059 972 5112 28.

564 5145 584 5213 ⁹)
602 5149 632 5202 S.
652 5149 785 5200 HffiRorl.
806 5149 849 5200 ad
866 5147 1030 5212 salvinam,
1050 5148 1148 5215 Epist.
1160 5147 1297 5200 LXXIX.
1316 5148 1352 5199 In
1372 5146 1463 5213 Oper.
1482 5148 1504 5211 l,
1524 5149 1586 5202 731.

563 5236 585 5302 ⁴)
604 5239 647 5290 ln.
677 5238 755 5290 Adv.
773 5239 973 5301 Iovinianum,
991 5237 1043 5290 lib.
1063 5237 1098 5290 11.
1129 5237 1164 5290 In
1184 5236 1411 5305 Oper.11,31a
