<?xml version="1.0" encoding="UTF-8"?>
<!DOCTYPE html PUBLIC "-//W3C//DTD XHTML 1.0 Transitional//EN"
    "http://www.w3.org/TR/xhtml1/DTD/xhtml1-transitional.dtd">
<html xmlns="http://www.w3.org/1999/xhtml" xml:lang="en" lang="en">
 <head>
  <title>
</title>
<meta http-equiv="Content-Type" content="text/html;charset=utf-8" />
  <meta name='ocr-system' content='tesseract 3.04.00' />
  <meta name='ocr-capabilities' content='ocr_page ocr_carea ocr_par ocr_line ocrx_word'/>
</head>
<body>
  <div class='ocr_page' id='page_1' title='image "./luculanoctis00domigoog_0225.png"; bbox 0 0 4300 6117; ppageno 0'>
   <div class='ocr_carea' id='block_1_1' title="bbox 841 969 1707 1036">
    <p class='ocr_par' dir='ltr' id='par_1_1' title="bbox 841 969 1707 1036">
     <span class='ocr_line' id='line_1_1' title="bbox 841 969 1707 1036; baseline -0.003 -2"><span class='ocrx_word' id='word_1_1' title='bbox 841 981 1027 1036; x_wconf 80' lang='lat' dir='ltr'>IOHANNIS</span> <span class='ocrx_word' id='word_1_2' title='bbox 1050 981 1232 1034; x_wconf 87' lang='lat' dir='ltr'>DOMINICI</span> <span class='ocrx_word' id='word_1_3' title='bbox 1645 969 1707 1031; x_wconf 87' lang='grc'><strong>101</strong></span> 
     </span>
    </p>
   </div>
   <div class='ocr_carea' id='block_1_2' title="bbox 362 1195 1923 2143">
    <p class='ocr_par' dir='ltr' id='par_1_2' title="bbox 362 1195 1923 2143">
     <span class='ocr_line' id='line_1_2' title="bbox 485 1195 1923 1287; baseline -0.006 -20"><span class='ocrx_word' id='word_1_4' title='bbox 485 1203 556 1280; x_wconf 90' lang='lat' dir='ltr'><strong>Set,</strong></span> <span class='ocrx_word' id='word_1_5' title='bbox 581 1225 626 1268; x_wconf 91' lang='lat' dir='ltr'><strong>ne</strong></span> <span class='ocrx_word' id='word_1_6' title='bbox 651 1207 839 1269; x_wconf 84' lang='lat' dir='ltr'><strong>credamus</strong></span> <span class='ocrx_word' id='word_1_7' title='bbox 866 1206 933 1268; x_wconf 92' lang='lat' dir='ltr'><strong>hoc</strong></span> <span class='ocrx_word' id='word_1_8' title='bbox 957 1205 1071 1267; x_wconf 90' lang='lat' dir='ltr'><strong>solum</strong></span> <span class='ocrx_word' id='word_1_9' title='bbox 1094 1223 1173 1266; x_wconf 89' lang='lat' dir='ltr'><strong>esse</strong></span> <span class='ocrx_word' id='word_1_10' title='bbox 1194 1195 1207 1287; x_wconf 74' lang='grc' dir='ltr'><strong>Η</strong></span> <span class='ocrx_word' id='word_1_11' title='bbox 1227 1205 1272 1266; x_wconf 90' lang='lat' dir='ltr'><strong>de</strong></span> <span class='ocrx_word' id='word_1_12' title='bbox 1295 1204 1358 1265; x_wconf 88' lang='lat' dir='ltr'><strong>illa</strong></span> <span class='ocrx_word' id='word_1_13' title='bbox 1380 1203 1571 1284; x_wconf 82' lang='lat' dir='ltr'>sapiencia,</span> <span class='ocrx_word' id='word_1_14' title='bbox 1600 1198 1766 1282; x_wconf 86' lang='lat' dir='ltr'><strong>quam1o</strong></span> <span class='ocrx_word' id='word_1_15' title='bbox 1807 1197 1923 1259; x_wconf 67' lang='lat'>132110</span> 
     </span>
     <span class='ocr_line' id='line_1_3' title="bbox 375 1308 1706 1392; baseline -0.003 -18"><span class='ocrx_word' id='word_1_16' title='bbox 375 1315 481 1376; x_wconf 77' lang='lat' dir='ltr'><strong>vetus</strong></span> <span class='ocrx_word' id='word_1_17' title='bbox 496 1309 765 1375; x_wconf 82' lang='lat' dir='ltr'><strong>Testamentum</strong></span> <span class='ocrx_word' id='word_1_18' title='bbox 789 1315 825 1374; x_wconf 86' lang='lat' dir='ltr'><strong>et</strong></span> <span class='ocrx_word' id='word_1_19' title='bbox 840 1331 972 1374; x_wconf 82' lang='lat' dir='ltr'><strong>novum</strong></span> <span class='ocrx_word' id='word_1_20' title='bbox 988 1312 1212 1392; x_wconf 87' lang='lat' dir='ltr'><strong>appellamus</strong></span> <span class='ocrx_word' id='word_1_21' title='bbox 1235 1310 1424 1390; x_wconf 84' lang='lat' dir='ltr'><strong>Xpistiani,</strong></span> <span class='ocrx_word' id='word_1_22' title='bbox 1449 1308 1642 1372; x_wconf 89' lang='lat' dir='ltr'><strong>Seneca</strong></span> <span class='ocrx_word' id='word_1_23' title='bbox 1654 1329 1706 1381; x_wconf 90' lang='lat' dir='ltr'><strong>m,</strong></span> 
     </span>
     <span class='ocr_line' id='line_1_4' title="bbox 376 1417 1707 1499; baseline -0.003 -18"><span class='ocrx_word' id='word_1_24' title='bbox 376 1420 440 1499; x_wconf 91' lang='lat' dir='ltr'><strong>qui</strong></span> <span class='ocrx_word' id='word_1_25' title='bbox 464 1421 570 1482; x_wconf 87' lang='lat' dir='ltr'><strong>istam</strong></span> <span class='ocrx_word' id='word_1_26' title='bbox 593 1439 664 1481; x_wconf 90' lang='lat' dir='ltr'><strong>non</strong></span> <span class='ocrx_word' id='word_1_27' title='bbox 687 1420 794 1492; x_wconf 86' lang='lat' dir='ltr'><strong>novit,</strong></span> <span class='ocrx_word' id='word_1_28' title='bbox 830 1421 1032 1481; x_wconf 87' lang='lat' dir='ltr'><strong>adiutorem</strong></span> <span class='ocrx_word' id='word_1_29' title='bbox 1056 1419 1241 1481; x_wconf 89' lang='lat' dir='ltr'><strong>mendicus</strong></span> <span class='ocrx_word' id='word_1_30' title='bbox 1271 1418 1510 1480; x_wconf 87' lang='lat' dir='ltr'><strong>mendicando</strong></span> <span class='ocrx_word' id='word_1_31' title='bbox 1532 1417 1707 1478; x_wconf 89' lang='lat' dir='ltr'><strong>mendico.</strong></span> 
     </span>
     <span class='ocr_line' id='line_1_5' title="bbox 375 1522 1708 1607; baseline -0.003 -20"><span class='ocrx_word' id='word_1_32' title='bbox 375 1525 439 1588; x_wconf 86' lang='lat' dir='ltr'><strong>Ait</strong></span> <span class='ocrx_word' id='word_1_33' title='bbox 463 1527 565 1600; x_wconf 90' lang='lat' dir='ltr'><strong>enim,</strong></span> <span class='ocrx_word' id='word_1_34' title='bbox 590 1527 822 1607; x_wconf 86' lang='lat' dir='ltr'><strong>epistola</strong></span> <span class='ocrx_word' id='word_1_35' title='bbox 845 1525 973 1588; x_wconf 87' lang='lat' dir='ltr'>LXV:</span> <span class='ocrx_word' id='word_1_36' title='bbox 1001 1525 1205 1588; x_wconf 72' lang='lat' dir='ltr'><strong>«Adhibeas</strong></span> <span class='ocrx_word' id='word_1_37' title='bbox 1228 1525 1373 1605; x_wconf 85' lang='lat' dir='ltr'><strong>siugulis</strong></span> <span class='ocrx_word' id='word_1_38' title='bbox 1396 1525 1551 1587; x_wconf 90' lang='lat' dir='ltr'><strong>modum.</strong></span> <span class='ocrx_word' id='word_1_39' title='bbox 1589 1522 1708 1584; x_wconf 89' lang='lat' dir='ltr'><strong>Animi</strong></span> 
     </span>
     <span class='ocr_line' id='line_1_6' title="bbox 378 1631 1707 1717; baseline -0.002 -24"><span class='ocrx_word' id='word_1_40' title='bbox 378 1634 539 1696; x_wconf 91' lang='lat' dir='ltr'><strong>remedia</strong></span> <span class='ocrx_word' id='word_1_41' title='bbox 561 1635 708 1696; x_wconf 86' lang='lat' dir='ltr'><strong>inventa</strong></span> <span class='ocrx_word' id='word_1_42' title='bbox 732 1636 816 1696; x_wconf 87' lang='lat' dir='ltr'><strong>sunt</strong></span> <span class='ocrx_word' id='word_1_43' title='bbox 838 1634 885 1694; x_wconf 93' lang='lat' dir='ltr'><strong>ab</strong></span> <span class='ocrx_word' id='word_1_44' title='bbox 907 1633 1072 1712; x_wconf 80' lang='lat' dir='ltr'><strong>antiquis</strong></span> <span class='ocrx_word' id='word_1_45' title='bbox 1098 1631 1286 1717; x_wconf 86' lang='lat' dir='ltr'><strong>Quomodo</strong></span> <span class='ocrx_word' id='word_1_46' title='bbox 1302 1634 1422 1693; x_wconf 85' lang='lat' dir='ltr'><strong>autem</strong></span> <span class='ocrx_word' id='word_1_47' title='bbox 1438 1632 1707 1702; x_wconf 85' lang='lat' dir='ltr'><strong>admoveantur,</strong></span> 
     </span>
     <span class='ocr_line' id='line_1_7' title="bbox 374 1730 1710 1820; baseline -0.002 -18"><span class='ocrx_word' id='word_1_48' title='bbox 374 1743 441 1802; x_wconf 87' lang='lat' dir='ltr'><strong>aut</strong></span> <span class='ocrx_word' id='word_1_49' title='bbox 464 1742 619 1820; x_wconf 89' lang='lat' dir='ltr'><strong>quando,</strong></span> <span class='ocrx_word' id='word_1_50' title='bbox 644 1740 757 1802; x_wconf 87' lang='lat' dir='ltr'><strong>nostri</strong></span> <span class='ocrx_word' id='word_1_51' title='bbox 780 1759 870 1820; x_wconf 88' lang='lat' dir='ltr'><strong>opus</strong></span> <span class='ocrx_word' id='word_1_52' title='bbox 894 1742 950 1802; x_wconf 90' lang='lat' dir='ltr'><strong>est</strong></span> <span class='ocrx_word' id='word_1_53' title='bbox 973 1758 1135 1819; x_wconf 88' lang='lat' dir='ltr'><strong>querere.</strong></span> <span class='ocrx_word' id='word_1_54' title='bbox 1159 1738 1312 1800; x_wconf 84' lang='lat' dir='ltr'><strong>Multum</strong></span> <span class='ocrx_word' id='word_1_55' title='bbox 1337 1741 1492 1819; x_wconf 82' lang='lat' dir='ltr'><strong>egerunt,</strong></span> <span class='ocrx_word' id='word_1_56' title='bbox 1518 1730 1608 1818; x_wconf 90' lang='lat' dir='ltr'><strong>[qui]</strong></span> <span class='ocrx_word' id='word_1_57' title='bbox 1625 1738 1710 1799; x_wconf 87' lang='lat' dir='ltr'><strong>ante</strong></span> 
     </span>
     <span class='ocr_line' id='line_1_8' title="bbox 376 1843 1709 1928; baseline -0.002 -20"><span class='ocrx_word' id='word_1_58' title='bbox 376 1865 441 1909; x_wconf 90' lang='lat' dir='ltr'><strong>nos</strong></span> <span class='ocrx_word' id='word_1_59' title='bbox 465 1845 619 1920; x_wconf 85' lang='lat' dir='ltr'><strong>inerunt,</strong></span> <span class='ocrx_word' id='word_1_60' title='bbox 644 1849 700 1910; x_wconf 86' lang='lat' dir='ltr'><strong>set</strong></span> <span class='ocrx_word' id='word_1_61' title='bbox 723 1867 794 1909; x_wconf 90' lang='lat' dir='ltr'><strong>non</strong></span> <span class='ocrx_word' id='word_1_62' title='bbox 816 1843 1038 1928; x_wconf 79' lang='lat' dir='ltr'><strong>peregerunt.</strong></span> <span class='ocrx_word' id='word_1_63' title='bbox 1080 1844 1307 1926; x_wconf 78' lang='lat' dir='ltr'><strong>suscipiendi</strong></span> <span class='ocrx_word' id='word_1_64' title='bbox 1329 1848 1450 1907; x_wconf 82' lang='lat' dir='ltr'><strong>tamen</strong></span> <span class='ocrx_word' id='word_1_65' title='bbox 1473 1846 1615 1906; x_wconf 86' lang='lat' dir='ltr'><strong>suntet</strong></span> <span class='ocrx_word' id='word_1_66' title='bbox 1638 1843 1709 1905; x_wconf 90' lang='lat' dir='ltr'><strong>ritu</strong></span> 
     </span>
     <span class='ocr_line' id='line_1_9' title="bbox 362 1944 1709 2039; baseline -0.003 -23"><span class='ocrx_word' id='word_1_67' title='bbox 362 1954 527 2016; x_wconf 83' lang='lat' dir='ltr'><strong>&#39;deorum</strong></span> <span class='ocrx_word' id='word_1_68' title='bbox 551 1955 702 2017; x_wconf 88' lang='lat' dir='ltr'><strong>colendi.</strong></span> <span class='ocrx_word' id='word_1_69' title='bbox 743 1953 885 2039; x_wconf 81' lang='lat' dir='ltr'><strong>Quidni,</strong></span> <span class='ocrx_word' id='word_1_70' title='bbox 910 1947 1003 2034; x_wconf 85' lang='lat' dir='ltr'><strong>[ego]</strong></span> <span class='ocrx_word' id='word_1_71' title='bbox 1027 1966 1235 2034; x_wconf 81' lang='lat' dir='ltr'><strong>magnorum</strong></span> <span class='ocrx_word' id='word_1_72' title='bbox 1257 1953 1416 2015; x_wconf 83' lang='lat' dir='ltr'><strong>virorum</strong></span> <span class='ocrx_word' id='word_1_73' title='bbox 1439 1944 1503 2032; x_wconf 90' lang='lat' dir='ltr'><strong>[et]</strong></span> <span class='ocrx_word' id='word_1_74' title='bbox 1527 1951 1709 2033; x_wconf 86' lang='lat' dir='ltr'><strong>ymagines</strong></span> 
     </span>
     <span class='ocr_line' id='line_1_10' title="bbox 374 2057 1708 2143; baseline -0.001 -22"><span class='ocrx_word' id='word_1_75' title='bbox 374 2061 539 2133; x_wconf 90' lang='lat' dir='ltr'><strong>habeam,</strong></span> <span class='ocrx_word' id='word_1_76' title='bbox 564 2062 797 2123; x_wconf 83' lang='lat' dir='ltr'><strong>incitamenta</strong></span> <span class='ocrx_word' id='word_1_77' title='bbox 811 2061 929 2134; x_wconf 89' lang='lat' dir='ltr'><strong>animi,</strong></span> <span class='ocrx_word' id='word_1_78' title='bbox 955 2062 991 2122; x_wconf 95' lang='lat' dir='ltr'><strong>et</strong></span> <span class='ocrx_word' id='word_1_79' title='bbox 1007 2060 1146 2123; x_wconf 87' lang='lat' dir='ltr'><strong>natales</strong></span> <span class='ocrx_word' id='word_1_80' title='bbox 1163 2059 1365 2122; x_wconf 79' lang='lat' dir='ltr'><strong>celebrem?</strong></span> <span class='ocrx_word' id='word_1_81' title='bbox 1388 2057 1521 2143; x_wconf 86' lang='lat' dir='ltr'><strong>Quidni</strong></span> <span class='ocrx_word' id='word_1_82' title='bbox 1545 2069 1608 2137; x_wconf 85' lang='lat' dir='ltr'><strong>ego</strong></span> <span class='ocrx_word' id='word_1_83' title='bbox 1628 2057 1708 2119; x_wconf 91' lang='lat' dir='ltr'><strong>illos</strong></span> 
     </span>
    </p>
   </div>
   <div class='ocr_carea' id='block_1_3' title="bbox 374 2165 1711 2680">
    <p class='ocr_par' dir='ltr' id='par_1_3' title="bbox 374 2165 1711 2680">
     <span class='ocr_line' id='line_1_11' title="bbox 375 2165 1709 2252; baseline -0.002 -24"><span class='ocrx_word' id='word_1_84' title='bbox 375 2167 521 2230; x_wconf 91' lang='lat' dir='ltr'><strong>honoris</strong></span> <span class='ocrx_word' id='word_1_85' title='bbox 546 2186 656 2230; x_wconf 86' lang='lat' dir='ltr'><strong>causa</strong></span> <span class='ocrx_word' id='word_1_86' title='bbox 679 2186 822 2246; x_wconf 90' lang='lat' dir='ltr'><strong>semper</strong></span> <span class='ocrx_word' id='word_1_87' title='bbox 845 2166 1048 2247; x_wconf 75' lang='lat' dir='ltr'><strong>appellem?</strong></span> <span class='ocrx_word' id='word_1_88' title='bbox 1072 2166 1188 2252; x_wconf 91' lang='lat' dir='ltr'><strong>Quam</strong></span> <span class='ocrx_word' id='word_1_89' title='bbox 1204 2166 1476 2228; x_wconf 85' lang='lat' dir='ltr'><strong>veneracionem</strong></span> <span class='ocrx_word' id='word_1_90' title='bbox 1489 2165 1709 2244; x_wconf 87' lang='lat' dir='ltr'><strong>preceptori·</strong></span> 
     </span>
     <span class='ocr_line' id='line_1_12' title="bbox 374 2271 1709 2354; baseline -0.002 -19"><span class='ocrx_word' id='word_1_91' title='bbox 374 2274 445 2335; x_wconf 92' lang='lat' dir='ltr'><strong>bus</strong></span> <span class='ocrx_word' id='word_1_92' title='bbox 468 2275 557 2336; x_wconf 90' lang='lat' dir='ltr'><strong>meis</strong></span> <span class='ocrx_word' id='word_1_93' title='bbox 582 2275 707 2348; x_wconf 89' lang='lat' dir='ltr'><strong>debeo,</strong></span> <span class='ocrx_word' id='word_1_94' title='bbox 733 2276 896 2337; x_wconf 90' lang='lat' dir='ltr'><strong>eamdem</strong></span> <span class='ocrx_word' id='word_1_95' title='bbox 919 2275 1170 2354; x_wconf 88' lang='lat' dir='ltr'><strong>preceptorem</strong></span> <span class='ocrx_word' id='word_1_96' title='bbox 1192 2273 1337 2335; x_wconf 90' lang='lat' dir='ltr'><strong>humani</strong></span> <span class='ocrx_word' id='word_1_97' title='bbox 1359 2272 1508 2352; x_wconf 79' lang='lat' dir='ltr'><strong>generis,</strong></span> <span class='ocrx_word' id='word_1_98' title='bbox 1533 2290 1555 2332; x_wconf 92' lang='lat' dir='ltr'><strong>a</strong></span> <span class='ocrx_word' id='word_1_99' title='bbox 1579 2271 1709 2350; x_wconf 89' lang='lat' dir='ltr'><strong>quibus</strong></span> 
     </span>
     <span class='ocr_line' id='line_1_13' title="bbox 378 2379 1708 2458; baseline -0.003 -16"><span class='ocrx_word' id='word_1_100' title='bbox 378 2381 469 2442; x_wconf 81' lang='lat' dir='ltr'><strong>tanti</strong></span> <span class='ocrx_word' id='word_1_101' title='bbox 504 2382 590 2443; x_wconf 90' lang='lat' dir='ltr'><strong>boni</strong></span> <span class='ocrx_word' id='word_1_102' title='bbox 623 2382 731 2444; x_wconf 91' lang='lat' dir='ltr'><strong>inicia</strong></span> <span class='ocrx_word' id='word_1_103' title='bbox 764 2380 954 2444; x_wconf 86' lang='lat' dir='ltr'><strong>fluxerunt.</strong></span> <span class='ocrx_word' id='word_1_104' title='bbox 1003 2379 1040 2442; x_wconf 88' lang='lat' dir='ltr'><strong>Si</strong></span> <span class='ocrx_word' id='word_1_105' title='bbox 1064 2380 1247 2442; x_wconf 87' lang='lat' dir='ltr'><strong>consulem</strong></span> <span class='ocrx_word' id='word_1_106' title='bbox 1268 2379 1393 2441; x_wconf 86' lang='lat' dir='ltr'><strong>videro</strong></span> <span class='ocrx_word' id='word_1_107' title='bbox 1428 2381 1491 2440; x_wconf 91' lang='lat' dir='ltr'><strong>aut</strong></span> <span class='ocrx_word' id='word_1_108' title='bbox 1517 2381 1708 2458; x_wconf 89' lang='lat' dir='ltr'><strong>pretorem,</strong></span> 
     </span>
     <span class='ocr_line' id='line_1_14' title="bbox 376 2485 1711 2567; baseline -0.003 -18"><span class='ocrx_word' id='word_1_109' title='bbox 376 2489 507 2560; x_wconf 90' lang='lat' dir='ltr'><strong>omnia,</strong></span> <span class='ocrx_word' id='word_1_110' title='bbox 533 2489 662 2567; x_wconf 89' lang='lat' dir='ltr'><strong>quibus</strong></span> <span class='ocrx_word' id='word_1_111' title='bbox 686 2489 800 2566; x_wconf 89' lang='lat' dir='ltr'><strong>honor</strong></span> <span class='ocrx_word' id='word_1_112' title='bbox 822 2488 949 2550; x_wconf 92' lang='lat' dir='ltr'><strong>haberi</strong></span> <span class='ocrx_word' id='word_1_113' title='bbox 972 2488 1072 2560; x_wconf 87' lang='lat' dir='ltr'><strong>solet,</strong></span> <span class='ocrx_word' id='word_1_114' title='bbox 1097 2486 1243 2548; x_wconf 83' lang='lat' dir='ltr'><strong>faciam:</strong></span> <span class='ocrx_word' id='word_1_115' title='bbox 1283 2505 1377 2565; x_wconf 92' lang='lat' dir='ltr'><strong>equo</strong></span> <span class='ocrx_word' id='word_1_116' title='bbox 1400 2485 1572 2558; x_wconf 88' lang='lat' dir='ltr'><strong>desiliam,</strong></span> <span class='ocrx_word' id='word_1_117' title='bbox 1601 2486 1711 2564; x_wconf 90' lang='lat' dir='ltr'><strong>caput</strong></span> 
     </span>
     <span class='ocr_line' id='line_1_15' title="bbox 378 2591 1709 2680; baseline -0.003 -25"><span class='ocrx_word' id='word_1_118' title='bbox 378 2594 599 2673; x_wconf 89' lang='lat' dir='ltr'><strong>adaperiam,</strong></span> <span class='ocrx_word' id='word_1_119' title='bbox 624 2596 752 2657; x_wconf 88' lang='lat' dir='ltr'><strong>semita</strong></span> <span class='ocrx_word' id='word_1_120' title='bbox 777 2596 913 2658; x_wconf 76' lang='lat' dir='ltr'><strong>cedam,</strong></span> <span class='ocrx_word' id='word_1_121' title='bbox 938 2594 1034 2680; x_wconf 91' lang='lat' dir='ltr'><strong>Quid</strong></span> <span class='ocrx_word' id='word_1_122' title='bbox 1053 2593 1162 2675; x_wconf 82' lang='lat' dir='ltr'><strong>ergo?</strong></span> <span class='ocrx_word' id='word_1_123' title='bbox 1184 2592 1349 2655; x_wconf 82' lang='lat' dir='ltr'><strong>Marcum</strong></span> <span class='ocrx_word' id='word_1_124' title='bbox 1364 2591 1561 2655; x_wconf 89' lang='lat' dir='ltr'><strong>Cathonem</strong></span> <span class='ocrx_word' id='word_1_125' title='bbox 1575 2593 1709 2652; x_wconf 85' lang='lat' dir='ltr'><strong>uirum·</strong></span> 
     </span>
    </p>
   </div>
   <div class='ocr_carea' id='block_1_4' title="bbox 371 2698 1709 3208">
    <p class='ocr_par' dir='ltr' id='par_1_4' title="bbox 371 2698 1709 3208">
     <span class='ocr_line' id='line_1_16' title="bbox 378 2698 1709 2781; baseline -0.002 -19"><span class='ocrx_word' id='word_1_126' title='bbox 378 2719 448 2779; x_wconf 90' lang='lat' dir='ltr'><strong>que</strong></span> <span class='ocrx_word' id='word_1_127' title='bbox 472 2704 508 2763; x_wconf 85' lang='lat' dir='ltr'><strong>ei</strong></span> <span class='ocrx_word' id='word_1_128' title='bbox 531 2699 682 2765; x_wconf 88' lang='lat' dir='ltr'><strong>Lellium</strong></span> <span class='ocrx_word' id='word_1_129' title='bbox 706 2703 914 2781; x_wconf 85' lang='lat' dir='ltr'><strong>sapientem,</strong></span> <span class='ocrx_word' id='word_1_130' title='bbox 940 2704 976 2764; x_wconf 86' lang='lat' dir='ltr'><strong>et</strong></span> <span class='ocrx_word' id='word_1_131' title='bbox 1003 2699 1188 2763; x_wconf 89' lang='lat' dir='ltr'><strong>Socratem</strong></span> <span class='ocrx_word' id='word_1_132' title='bbox 1212 2719 1292 2762; x_wconf 91' lang='lat' dir='ltr'><strong>cum</strong></span> <span class='ocrx_word' id='word_1_133' title='bbox 1307 2699 1457 2762; x_wconf 88' lang='lat' dir='ltr'><strong>Platone</strong></span> <span class='ocrx_word' id='word_1_134' title='bbox 1479 2701 1516 2761; x_wconf 85' lang='lat' dir='ltr'><strong>ei</strong></span> <span class='ocrx_word' id='word_1_135' title='bbox 1530 2698 1709 2760; x_wconf 90' lang='lat' dir='ltr'><strong>Zenonem</strong></span> 
     </span>
     <span class='ocr_line' id='line_1_17' title="bbox 373 2803 1708 2888; baseline -0.002 -20"><span class='ocrx_word' id='word_1_136' title='bbox 373 2805 643 2888; x_wconf 83' lang='lat' dir='ltr'><strong>Cleaniemque,</strong></span> <span class='ocrx_word' id='word_1_137' title='bbox 679 2809 717 2870; x_wconf 90' lang='lat' dir='ltr'><strong>in</strong></span> <span class='ocrx_word' id='word_1_138' title='bbox 751 2809 868 2871; x_wconf 87' lang='lat' dir='ltr'><strong>animo</strong></span> <span class='ocrx_word' id='word_1_139' title='bbox 903 2827 982 2870; x_wconf 91' lang='lat' dir='ltr'><strong>meo</strong></span> <span class='ocrx_word' id='word_1_140' title='bbox 1006 2809 1084 2870; x_wconf 89' lang='lat' dir='ltr'><strong>sine</strong></span> <span class='ocrx_word' id='word_1_141' title='bbox 1118 2807 1328 2887; x_wconf 84' lang='lat' dir='ltr'><strong>dignacione</strong></span> <span class='ocrx_word' id='word_1_142' title='bbox 1351 2824 1489 2868; x_wconf 90' lang='lat' dir='ltr'><strong>summa</strong></span> <span class='ocrx_word' id='word_1_143' title='bbox 1511 2803 1708 2884; x_wconf 77' lang='lat' dir='ltr'><strong>recipiam?</strong></span> 
     </span>
     <span class='ocr_line' id='line_1_18' title="bbox 374 2908 1707 2994; baseline -0.001 -21"><span class='ocrx_word' id='word_1_144' title='bbox 374 2911 452 2994; x_wconf 86' lang='lat' dir='ltr'><strong>Ego</strong></span> <span class='ocrx_word' id='word_1_145' title='bbox 476 2933 564 2978; x_wconf 86' lang='lat' dir='ltr'><strong>vero</strong></span> <span class='ocrx_word' id='word_1_146' title='bbox 598 2916 679 2977; x_wconf 92' lang='lat' dir='ltr'><strong>illos</strong></span> <span class='ocrx_word' id='word_1_147' title='bbox 702 2933 856 2977; x_wconf 86' lang='lat' dir='ltr'><strong>veneror</strong></span> <span class='ocrx_word' id='word_1_148' title='bbox 889 2918 926 2977; x_wconf 92' lang='lat' dir='ltr'><strong>et</strong></span> <span class='ocrx_word' id='word_1_149' title='bbox 959 2915 1069 2976; x_wconf 86' lang='lat' dir='ltr'><strong>tantis</strong></span> <span class='ocrx_word' id='word_1_150' title='bbox 1104 2913 1305 2976; x_wconf 91' lang='lat' dir='ltr'><strong>nominibus</strong></span> <span class='ocrx_word' id='word_1_151' title='bbox 1334 2930 1477 2993; x_wconf 88' lang='lat' dir='ltr'><strong>semper</strong></span> <span class='ocrx_word' id='word_1_152' title='bbox 1499 2908 1707 2992; x_wconf 73' lang='lat' dir='ltr'><strong>assurgo&gt;¹‚</strong></span> 
     </span>
     <span class='ocr_line' id='line_1_19' title="bbox 375 3018 1708 3102; baseline -0.002 -22"><span class='ocrx_word' id='word_1_153' title='bbox 375 3019 535 3084; x_wconf 93' lang='lat' dir='ltr'><strong>Heccine</strong></span> <span class='ocrx_word' id='word_1_154' title='bbox 559 3025 613 3084; x_wconf 93' lang='lat' dir='ltr'><strong>est</strong></span> <span class='ocrx_word' id='word_1_155' title='bbox 637 3041 683 3086; x_wconf 90' lang='lat' dir='ltr'><strong>ne</strong></span> <span class='ocrx_word' id='word_1_156' title='bbox 706 3023 881 3102; x_wconf 90' lang='lat' dir='ltr'><strong>premium</strong></span> <span class='ocrx_word' id='word_1_157' title='bbox 903 3022 1000 3084; x_wconf 88' lang='lat' dir='ltr'><strong>istud</strong></span> <span class='ocrx_word' id='word_1_158' title='bbox 1024 3025 1060 3082; x_wconf 85' lang='lat' dir='ltr'><strong>et</strong></span> <span class='ocrx_word' id='word_1_159' title='bbox 1084 3020 1221 3082; x_wconf 82' lang='lat' dir='ltr'><strong>tructus</strong></span> <span class='ocrx_word' id='word_1_160' title='bbox 1244 3020 1388 3101; x_wconf 82' lang='lat' dir='ltr'><strong>gloriosi</strong></span> <span class='ocrx_word' id='word_1_161' title='bbox 1415 3019 1635 3099; x_wconf 75' lang='lat' dir='ltr'><strong>sapientium</strong></span> <span class='ocrx_word' id='word_1_162' title='bbox 1658 3018 1708 3079; x_wconf 92' lang='lat' dir='ltr'><strong>la·</strong></span> 
     </span>
     <span class='ocr_line' id='line_1_20' title="bbox 371 3126 1175 3208; baseline 0.002 -21"><span class='ocrx_word' id='word_1_163' title='bbox 371 3126 473 3190; x_wconf 90' lang='lat' dir='ltr'><strong>boris</strong></span> <span class='ocrx_word' id='word_1_164' title='bbox 499 3131 625 3192; x_wconf 90' lang='lat' dir='ltr'><strong>contra</strong></span> <span class='ocrx_word' id='word_1_165' title='bbox 649 3147 710 3192; x_wconf 92' lang='lat' dir='ltr'><strong>eos</strong></span> <span class='ocrx_word' id='word_1_166' title='bbox 734 3130 771 3190; x_wconf 93' lang='lat' dir='ltr'><strong>in</strong></span> <span class='ocrx_word' id='word_1_167' title='bbox 794 3129 935 3208; x_wconf 89' lang='lat' dir='ltr'><strong>populis</strong></span> <span class='ocrx_word' id='word_1_168' title='bbox 959 3128 1175 3190; x_wconf 79' lang='lat' dir='ltr'><strong>susurrare?</strong></span> 
     </span>
    </p>
   </div>
   <div class='ocr_carea' id='block_1_5' title="bbox 374 3339 587 3350">
    <p class='ocr_par' dir='ltr' id='par_1_5' title="bbox 374 3339 587 3350">
     <span class='ocr_line' id='line_1_21' title="bbox 374 3339 587 3350; baseline 0.009 -2"><span class='ocrx_word' id='word_1_169' title='bbox 374 3339 587 3350; x_wconf 79' lang='lat'><em>——.-.</em></span> 
     </span>
    </p>
   </div>
   <div class='ocr_carea' id='block_1_6' title="bbox 483 3537 1531 3613">
    <p class='ocr_par' dir='ltr' id='par_1_6' title="bbox 483 3537 1531 3613">
     <span class='ocr_line' id='line_1_22' title="bbox 483 3537 1531 3613; baseline -0.003 -19"><span class='ocrx_word' id='word_1_170' title='bbox 483 3537 503 3605; x_wconf 72' lang='grc' dir='ltr'><strong>ι)</strong></span> <span class='ocrx_word' id='word_1_171' title='bbox 526 3539 638 3594; x_wconf 76' lang='lat' dir='ltr'><strong>SENEC.</strong></span> <span class='ocrx_word' id='word_1_172' title='bbox 658 3542 756 3610; x_wconf 75' lang='lat' dir='ltr'><strong>Epist.</strong></span> <span class='ocrx_word' id='word_1_173' title='bbox 775 3545 818 3595; x_wconf 83' lang='lat' dir='ltr'><strong>od</strong></span> <span class='ocrx_word' id='word_1_174' title='bbox 834 3542 939 3594; x_wconf 80' lang='lat' dir='ltr'><strong>Lucili.</strong></span> <span class='ocrx_word' id='word_1_175' title='bbox 957 3541 1060 3607; x_wconf 82' lang='lat' dir='ltr'><strong>LXIV,</strong></span> <span class='ocrx_word' id='word_1_176' title='bbox 1080 3540 1107 3603; x_wconf 87' lang='lat'><strong>9,</strong></span> <span class='ocrx_word' id='word_1_177' title='bbox 1127 3541 1169 3594; x_wconf 92' lang='grc'><strong>10.</strong></span> <span class='ocrx_word' id='word_1_178' title='bbox 1192 3538 1347 3613; x_wconf 85' lang='lat' dir='ltr'><strong>Quelques</strong></span> <span class='ocrx_word' id='word_1_179' title='bbox 1366 3538 1531 3593; x_wconf 84' lang='lat' dir='ltr'><strong>variantes.</strong></span> 
     </span>
    </p>
   </div>
   <div class='ocr_carea' id='block_1_7' title="bbox 0 0 2154 6117">
    <p class='ocr_par' dir='ltr' id='par_1_7' title="bbox 0 0 2154 6117">
     <span class='ocr_line' id='line_1_23' title="bbox 0 0 2154 6117; baseline 0 0"><span class='ocrx_word' id='word_1_180' title='bbox 0 0 2154 6117; x_wconf 95' lang='lat' dir='ltr'><strong> </strong></span> 
     </span>
    </p>
   </div>
  </div>
 </body>
</html>
