4300 6117
456 848 523 910 424
965 857 1124 912 LUCULA
1146 856 1285 912 NOCTIS

457 1100 528 1143 non
551 1082 665 1144 solum
691 1082 781 1144 visio
803 1082 968 1143 intuitiva
991 1083 1029 1143 in
1043 1080 1177 1154 Verbo,
1212 1082 1327 1143 omnis
1353 1081 1449 1162 ydea
1471 1081 1636 1143 miranda
1660 1083 1789 1142 cuncta

458 1207 643 1268 reponens,
679 1190 744 1251 sed
766 1189 887 1268 gracia
910 1189 998 1268 ipsa,
1035 1190 1210 1251 roborans
1233 1188 1463 1250 intellectum.
1501 1187 1585 1250 Illos
1608 1206 1696 1250 vero
1725 1188 1789 1248 im·

410 1280 413 1284 ⁵
457 1296 558 1375 pedit
581 1296 687 1375 culpa
711 1298 746 1358 et
770 1297 875 1357 simul
897 1286 1144 1358 irrevocabilis
1167 1294 1330 1358 affectus.
1368 1295 1437 1358 Hic
1460 1295 1633 1357 tundatur
1654 1295 1789 1356 veritas

459 1406 555 1464 recte
580 1403 795 1466 dicencinm:
831 1402 986 1482 Angelos
1009 1404 1088 1465 iore
1111 1403 1147 1464 in
1170 1403 1292 1482 gracia
1323 1401 1553 1465 confirmatos
1576 1405 1612 1464 et
1636 1419 1789 1481 peccare

458 1529 529 1571 non
551 1528 676 1589 posse;
717 1511 886 1572 demones
910 1529 996 1572 vero
1021 1510 1221 1572 obstinatos
1244 1509 1420 1589 inculpa,
1456 1528 1527 1572 non
1549 1510 1711 1571 valentes
1735 1526 1789 1569 re·

457 1618 550 1679 verti
567 1614 598 1678 ¹:
638 1617 731 1696 quia,
768 1618 861 1679 sicut
884 1618 982 1690 istos,
1007 1618 1059 1679 sic
1083 1617 1162 1679 illos
1186 1621 1291 1688 totos,
1317 1616 1378 1696 qui
1401 1617 1580 1696 simplices
1604 1619 1687 1677 sunt
1719 1633 1789 1676 non

458 1723 671 1785 dividendos
695 1725 732 1785 in
755 1726 888 1803 partes,
912 1725 1065 1803 primum
1091 1724 1259 1786 accidens
1283 1723 1389 1803 rapit.

412 1824 441 1888 2.
562 1829 683 1893 Habet
707 1835 827 1893 autem
849 1831 1001 1893 hominis
1023 1831 1181 1910 spiritus,
1218 1833 1324 1911 prout
1357 1833 1412 1893 est
1437 1831 1537 1892 carni
1568 1830 1787 1896 coniunctus,

458 1938 723 2016 quodammodo
739 1940 872 2018 partes,
897 1939 1064 2017 aquibus
1089 1942 1144 2000 est
1157 1940 1346 2017 separatus
1369 1937 1516 1999 divisus.
1542 1971 1581 1978 -
1606 1936 1698 1998 Nam
1717 1953 1789 1996 una

457 2045 512 2106 sui
548 2048 652 2125 parte
675 2044 835 2107 vivificat
870 2063 1001 2125 corpus
1026 2048 1062 2107 et
1085 2046 1250 2107 sensibus
1270 2045 1499 2106 administrat
1526 2047 1627 2106 actus
1650 2043 1788 2104 vitales.

457 2149 535 2213 Hec
557 2153 692 2232 porcio,
718 2171 760 2213 ex
778 2153 908 2215 infecte
925 2156 1054 2214 nature
1076 2155 1253 2222 contactu,
1279 2170 1365 2231 sepe
1381 2153 1557 2213 consentit
1579 2151 1616 2212 in
1636 2151 1788 2229 culpam,

457 2263 493 2321 et
517 2259 675 2321 mulieris
700 2263 809 2339 caput
831 2259 951 2321 Adam
966 2250 981 2342 ΙΙ
1007 2259 1158 2339 suscipit
1180 2260 1226 2321 ab
1250 2257 1328 2320 Eva
1351 2259 1500 2320 vetitum
1523 2276 1677 2338 pomum.
1717 2255 1791 2319 Sed

418 2422 420 2425 .
458 2367 613 2445 quedam
636 2367 760 2445 porcio
784 2366 870 2438 eius,
907 2366 1150 2445 speculacioni
1174 2384 1354 2438 concessa,
1390 2364 1472 2427 huic
1506 2365 1650 2427 beluine
1680 2363 1788 2433 carni,

457 2474 493 2534 ni
516 2473 612 2542 velit,
637 2492 709 2535 non
731 2473 870 2534 inheret
895 2472 1039 2546 aflectu,
1066 2490 1148 2552 que,
1172 2492 1238 2535 sua
1260 2473 1434 2554 dignitate
1458 2475 1611 2544 servata,
1631 2491 1654 2532 a
1668 2470 1790 2552 gracia

457 2597 640 2658 nunqnam
663 2580 810 2642 recedit.
834 2578 971 2642 Verum
993 2580 1055 2641 ubi
1071 2580 1206 2642 sodalis
1230 2584 1266 2642 et
1289 2579 1554 2659 quodammodo
1576 2578 1715 2640 dimidii
1734 2577 1790 2639 sni

457 2705 583 2749 vocem
606 2686 771 2758 audierit,
809 2687 996 2748 infirmiori
1019 2687 1167 2749 vasculo
1188 2687 1331 2760 cedens,
1362 2687 1504 2766 culpam
1526 2685 1646 2758 trahit,
1670 2685 1791 2746 illecta

240 2784 377 2847 [122νο
458 2796 494 2856 et
518 2794 628 2855 nimia
644 2784 659 2877 ΙΙ
684 2795 869 2856 vicinitate
894 2794 1096 2856 cuniuncta.

411 2891 442 2955 3·
569 2900 646 2962 Hec
670 2919 788 2974 causa,
814 2919 926 2980 quare
956 2900 1061 2962 homo
1096 2919 1162 2980 per
1191 2901 1431 2981 penitenciam
1465 2900 1513 2961 ad
1545 2899 1704 2980 graciam
1736 2900 1792 2959 est

458 3008 628 3070 reductus
658 3011 693 3069 et
721 3026 787 3088 per
822 3006 1020 3069 Salvatoris
1053 3007 1225 3069 auxilium
1257 3025 1280 3068 a
1314 3008 1473 3087 peccatis
1504 3008 1721 3087 redemptus.
1749 3041 1785 3049 —-

456 3114 594 3176 Demon
617 3134 713 3185 vero,
738 3133 819 3176 cum
842 3133 905 3177 suo
928 3133 1046 3194 neque
1067 3115 1184 3176 alieno
1208 3113 1377 3193 suffragio
1401 3112 1467 3175 tuit
1502 3114 1656 3176 adiutus.
1695 3111 1789 3175 Satis

456 3222 523 3284 hoc
547 3241 670 3284 verum
693 3220 865 3284 Dominus
888 3222 1097 3293 declaravit,
1123 3241 1204 3283 cum
1226 3221 1339 3283 dixit:
1367 3219 1542 3283 ‹Penitet
1575 3239 1631 3283 me
1661 3219 1789 3282 fecisse

456 3329 635 3390 hominem
651 3328 692 3401 2²,
718 3332 766 3391 et:
795 3328 904 3391 ‹Non
925 3329 1153 3408 permanebit
1175 3329 1322 3408 spiritus
1338 3347 1483 3399 meus»,
1509 3328 1547 3389 id
1569 3330 1623 3390 est
1638 3328 1693 3388 ira
1720 3347 1734 3377 ‹
1754 3329 1791 3389 in

458 3436 598 3498 homine
621 3437 658 3496 in
681 3439 852 3510 eternum,
878 3437 962 3515 quia
987 3454 1071 3498 caro
1096 3438 1150 3497 est
1170 3433 1211 3498 »3.
1235 3434 1400 3497 Veritate
1423 3435 1490 3498 hac
1514 3435 1692 3498 catholica
1719 3436 1790 3496 vic·

458 3546 515 3605 tus
539 3555 646 3623 cogor
668 3540 783 3614 fateri,
810 3543 959 3622 quodsi
987 3543 1107 3604 anima
1140 3544 1309 3622 separata
1347 3545 1524 3622 peccaret,
1549 3543 1626 3621 lege
1661 3544 1789 3613 stante,

457 3651 506 3712 ad
529 3651 767 3731 penitenciam
790 3668 973 3730 nunquam
995 3652 1119 3729 posset
1143 3650 1293 3723 reverti;
1319 3653 1355 3711 et
1377 3650 1472 3728 quia,
1497 3668 1578 3711 cum
1600 3668 1623 3711 a
1639 3667 1790 3730 corpore

457 3759 607 3829 exuitur,
631 3757 670 3818 id
692 3758 808 3837 primo
831 3758 936 3836 sapit,
961 3757 1060 3836 quod
1082 3757 1207 3818 ultimo
1235 3757 1400 3836 sapiebat
1431 3758 1469 3817 in
1500 3775 1619 3829 carne,
1644 3775 1791 3820 necesse

458 3867 513 3926 est
534 3864 641 3927 lateri
663 3864 828 3935 animam,
852 3863 1087 3926 decedentem
1110 3863 1147 3925 in
1171 3864 1276 3943 culpa
1298 3863 1450 3936 mortali,
1479 3882 1662 3943 nunquam
1684 3882 1791 3945 posse

456 3990 523 4052 per
544 3972 783 4052 penitenciam
805 3990 870 4033 seu
894 3972 1149 4034 contricionem
1171 3971 1220 4032 ad
1244 3973 1376 4033 statum
1390 3970 1508 4051 gracie
1531 3968 1730 4033 reformari.
1750 4003 1789 4012 -

456 4076 550 4140 Hinc
571 4081 672 4159 patet
694 4079 744 4141 ad
764 4079 939 4157 liquidum
973 4079 1071 4149 satis,
1098 4077 1195 4157 quod
1225 4096 1377 4140 erronea
1411 4078 1458 4140 sit
1495 4076 1717 4140 Platonis
1755 4083 1791 4141 et

457 4183 682 4266 Origenis
719 4183 867 4265 opinio⁴
899 4203 1072 4264 errorque
1112 4184 1361 4252 detestandus,
1395 4185 1457 4263 qni
1493 4186 1618 4247 volunt
1654 4187 1790 4248 animas

456 4311 579 4354 omnes
603 4294 639 4354 in
661 4293 784 4354 mundi
807 4293 984 4372 principio
1021 4291 1128 4354 simul
1166 4294 1306 4354 creatas
1344 4292 1520 4370 simulque
1550 4310 1731 4372 peccasse,
1755 4295 1791 4354 et

460 4503 673 4512 -—————-

565 4679 586 4744 ¹)
606 4679 650 4733 el.
669 4679 698 4733 S.
717 4677 821 4732 Tuon.
844 4680 873 4731 1²
887 4679 921 4752 Q.
939 4679 1042 4742 LXIV,
1060 4693 1088 4731 a.
1107 4679 1138 4730 2:
1170 4679 1275 4733 Utrum
1303 4679 1443 4732 voluntas
1467 4679 1647 4732 daemonum
1672 4681 1715 4731 sit
1741 4680 1791 4731 ob·

456 4773 575 4822 situata
595 4773 625 4822 tn
644 4768 750 4822 malo?

565 4856 585 4922 ⁷)
605 4858 649 4912 ef.
671 4858 786 4923 Genea,
802 4858 853 4921 VI,
871 4859 897 4912 6.

566 4945 586 5013 ³)
606 4949 693 5011 ibid,
710 4948 736 5001 3.

564 5035 587 5103 ⁴)
607 5038 651 5091 ci.
670 5029 700 5090 S.
718 5040 796 5092 Anu.
814 5040 896 5092 Auo.
923 5041 970 5091 De
991 5037 1074 5091 civit.
1093 5041 1158 5102 Del,
1176 5038 1227 5098 xl,
1249 5047 1333 5090 xxm.
1359 5038 1395 5089 In
1415 5036 1506 5104 oper.
1525 5036 1630 5094 t.v11,
1653 5035 1711 5090 cot
1731 5034 1791 5090 ³³6.

460 5126 601 5194 Origene,
619 5127 655 5179 II.
674 5125 746 5190 Περί
760 5124 859 5192 ἀρχῶν.
