4300 6117
439 809 503 872 170
943 820 1102 875 LUCULA
1125 818 1264 875 NOCTIS

436 1042 589 1115 Domini,
625 1047 661 1105 et
683 1062 813 1111 nomen
836 1044 911 1105 eius
944 1046 1094 1105 narrant
1115 1045 1251 1107 solius.
1272 1042 1350 1106 .¹».
1377 1043 1451 1106 Sub
1474 1045 1543 1107 biis
1566 1046 1688 1108 felices
1712 1064 1772 1108 res

436 1151 651 1229 populorum
674 1151 855 1221 florerent,
889 1154 1072 1213 cessarent
1095 1152 1236 1223 tiranni,
1262 1151 1404 1213 abirent
1427 1152 1518 1225 lites,
1543 1172 1615 1215 non
1634 1154 1766 1215 inveni·

324 1260 357 1291 *⁰
437 1260 560 1318 rentur
583 1258 717 1336 rapine,
758 1261 793 1319 et
825 1260 953 1319 cuncta
980 1258 1212 1337 provenirent
1235 1248 1249 1340 Η
1275 1259 1444 1338 optanda,
1484 1260 1576 1322 sicut
1610 1261 1667 1321 lex
1700 1260 1769 1339 ipsi

438 1364 605 1443 disponit.
643 1362 720 1426 Hec
745 1368 799 1426 est
822 1365 1014 1443 sapiencia,
1048 1365 1114 1427 hec
1137 1366 1254 1445 primo
1277 1366 1369 1427 rexit
1391 1364 1591 1428 Ecclesiam
1620 1370 1656 1429 et
1679 1367 1769 1428 dila·

437 1473 528 1533 tavit
559 1489 625 1550 per
656 1472 781 1533 orbem
808 1473 1030 1545 universum
1071 1471 1140 1533 hac
1175 1476 1318 1552 regente
1340 1473 1541 1552 pontifices,
1581 1474 1770 1553 imperium

437 1581 474 1640 et
496 1590 605 1658 regna
627 1578 676 1639 ad
698 1576 865 1657 Xpistum
887 1581 1063 1640 venerunt
1098 1582 1134 1641 et
1166 1580 1269 1641 unius
1292 1580 1370 1640 veri
1392 1578 1460 1641 Dei
1492 1581 1674 1642 salubrem
1698 1580 1771 1641 cul·

436 1689 563 1757 turam,
587 1704 660 1765 qua
681 1686 880 1766 languente,
915 1690 998 1757 sunt
1020 1688 1190 1748 universa
1212 1688 1280 1749 sub
1304 1687 1474 1767 languore
1499 1689 1653 1766 captiva.
1692 1686 1773 1747 Non

437 1792 594 1871 dampno
616 1792 877 1872 philosophiam
893 1794 1008 1873 igitur,
1033 1794 1098 1855 sed
1121 1794 1289 1855 laudibus
1307 1795 1436 1872 quibus
1461 1812 1605 1874 possum
1623 1794 1772 1874 elinguis

434 1899 572 1969 attollo,
605 1899 671 1961 sed
694 1919 717 1961 a
739 1917 826 1961 vera
849 1901 977 1961 falsam
1002 1901 1179 1971 rescindo,
1206 1901 1396 1979 carnisque
1419 1901 1665 1980 prudenciam,
1692 1919 1773 1962 cum

436 2005 559 2077 Paulo,
584 2007 666 2068 dico
690 2025 769 2069 esse
790 2006 866 2068 Deo
897 2008 1077 2068 inimicam
1089 2006 1109 2069 ².
1150 2006 1253 2070 Hauc
1289 2010 1409 2069 autem
1431 2006 1550 2087 Xpisti
1585 2007 1665 2070 dico
1690 2026 1773 2068 cum

437 2114 601 2175 omnibus
623 2115 756 2176 sanctis
781 2133 859 2175 esse
882 2113 1090 2193 perlectam.
1128 2113 1215 2175 Cum
1239 2116 1438 2194 Augustino
1463 2116 1520 2176 ad
1544 2112 1773 2176 Volusia-

437 2240 539 2283 num
562 2222 697 2283 utinam
731 2222 865 2299 possim
888 2222 955 2283 toti
989 2222 1121 2284 mundo
1146 2222 1321 2284 clamare:
1363 2221 1469 2307 ‹Que
1493 2222 1771 2301 disputaciones,

437 2346 508 2407 que
541 2328 660 2390 littere
694 2329 935 2407 quorumlibet
966 2329 1268 2408 philosophorum,
1306 2346 1377 2407 que
1400 2330 1494 2409 leges
1531 2329 1775 2408 quarumlibet

438 2436 622 2497 civitatum
645 2436 785 2497 duobus
809 2436 989 2514 preceptis
1013 2439 1096 2497 sunt
1120 2436 1373 2515 comparanda,
1400 2455 1443 2497 ex
1466 2436 1598 2515 quibus
1621 2434 1772 2514 Xpistus

439 2544 530 2604 dicit
548 2546 660 2604 totam
683 2543 796 2622 legem
820 2546 855 2604 et
878 2543 1073 2621 prophetas
1097 2544 1272 2623 pendere:
1296 2542 1429 2623 Diliges
1453 2542 1642 2605 Dominum
1657 2541 1774 2604 Deum

438 2654 538 2712 tuum
561 2668 604 2711 ex
640 2652 716 2712 toto
740 2649 883 2721 corde³,
907 2652 943 2711 et
967 2650 1106 2729 reliqua
1124 2648 1165 2711 2⁴.
1182 2682 1221 2690 -
1237 2648 1341 2711 Hanc
1366 2653 1539 2712 contueor
1563 2650 1774 2712 derelictam

439 2758 614 2835 squalere,
650 2758 707 2817 cui
729 2755 911 2836 prefertur
942 2755 1039 2818 tacto
1062 2776 1134 2819 non
1158 2758 1264 2839 digna
1288 2757 1505 2837 pedissequa
1530 2759 1615 2819 eius.
1656 2755 1774 2817 Huius

322 2862 350 2893 ‘⁰
439 2864 580 2943 garrule
614 2882 719 2926 serve
753 2864 886 2942 ubique
919 2862 1053 2926 inflatis
1083 2865 1180 2926 scole
1204 2867 1374 2927 resonant
1397 2853 1411 2946 {l
1433 2864 1549 2937 dictis,
1590 2882 1774 2925 sermones
1835 2930 1839 2937 ,

439 2972 633 3050 replentur,
658 2973 876 3049 concrepant
898 2972 1042 3049 templa,
1067 2974 1103 3033 et
1126 2972 1339 3051 populorum
1355 2989 1461 3034 aures
1486 2972 1703 3033 mulcentur:
1729 2988 1774 3031 ac

441 3076 571 3140 effecta
594 3079 716 3140 divina
738 3082 837 3140 muta
860 3079 950 3149 silet,
986 3080 1045 3156 vix
1067 3080 1208 3157 spirare
1230 3079 1383 3151 videtur,
1412 3080 1581 3160 quinymo
1606 3078 1774 3140 tibicines

440 3204 520 3247 eam
553 3186 677 3264 precio
711 3186 953 3248 lamentantur
987 3184 1202 3257 defunctam,
1253 3186 1459 3248 deridentes
1494 3186 1710 3265 quempiam,
1742 3184 1774 3245 si

440 3293 586 3355 dixerit:
614 3291 718 3354 «Non
742 3296 795 3355 est
811 3295 962 3363 mortua,
979 3293 1045 3354 sed
1060 3293 1193 3354 dormit
1208 3293 1329 3371 puella
1348 3290 1389 3353 »5.
1412 3291 1532 3371 Ipsam
1548 3311 1638 3354 voce
1654 3290 1773 3371 Xpisti

440 3417 551 3461 conor
587 3401 752 3471 excitare,
791 3400 887 3478 patri
922 3402 958 3461 et
991 3400 1099 3461 matri
1133 3399 1296 3472 reddere,
1336 3403 1398 3461 aut
1421 3400 1613 3461 ostendere
1637 3399 1772 3469 vivam,

438 3526 566 3589 ymmo,
605 3508 690 3585 quia
713 3507 912 3568 duodennis
936 3511 999 3578 est,
1036 3508 1136 3586 virgo
1169 3506 1410 3585 pulcherrima
1445 3510 1481 3569 et
1504 3507 1645 3579 nubilis,
1684 3508 1772 3584 apta

440 3614 601 3694 coniugio
635 3612 865 3675 fecundanda
896 3612 1048 3675 mirifica
1063 3614 1175 3692 prole,
1210 3613 1279 3674 sibi
1303 3614 1428 3693 dignos
1445 3631 1595 3694 sponsos
1613 3613 1773 3691 requiro.

440 3720 543 3784 Hanc
558 3722 771 3784 acclamavit
787 3719 956 3783 Salomon
979 3740 1001 3782 a
1016 3722 1200 3781 iuventute
1225 3738 1291 3781 sua
1315 3725 1350 3783 et
1366 3722 1521 3800 quesivit
1545 3720 1613 3782 sibi
1631 3736 1774 3782 sumere

438 3847 608 3908 sponsam
617 3827 639 3901 ⁶,
678 3829 735 3890 cui
769 3829 928 3907 quandiu
962 3826 1030 3889 iuit
1052 3826 1211 3888 fideliter
1246 3828 1443 3906 copulatus,
1482 3828 1615 3889 liberos
1651 3826 1774 3906 genuit

441 3940 563 3998 eterne
586 3935 795 3997 hereditatis
819 3952 989 4014 capaces:
1014 3937 1061 4006 at,
1087 3934 1149 3995 ubi
1172 3935 1362 4013 repudium
1385 3935 1475 3996 tanti
1491 3935 1559 3995 viri
1582 3952 1691 4013 passa
1709 3936 1773 4005 est,

441 4044 573 4107 sterilis
597 4043 728 4103 mansit
751 4060 793 4103 ex
817 4060 869 4113 eo,
895 4042 1009 4103 donec
1033 4040 1207 4113 fortassis,
1233 4041 1358 4102 dolens
1381 4043 1464 4120 post
1487 4042 1607 4120 proles
1630 4039 1773 4109 erroris,

440 4168 532 4230 quos
556 4149 794 4229 congregatim
818 4167 861 4243 ex
884 4148 1014 4210 ancilla
1030 4149 1197 4227 suscepit,
1223 4167 1389 4210 reversus
1413 4149 1462 4210 ad
1484 4148 1641 4228 priorem
1666 4147 1775 4208 dilec-

442 4375 655 4384 ———

549 4556 569 4623 ¹)
588 4558 712 4621 Psalm,
729 4558 817 4641 l3XX,
838 4558 881 4610 15.

548 4645 571 4714 ²)
589 4648 619 4700 s.
637 4648 735 4710 Pnun,
753 4649 796 4699 aa
812 4648 910 4705 Rom..
928 4646 1008 4710 vm,
1026 4648 1052 4699 7.

549 4734 570 4803 ³)
590 4737 633 4790 Ct.
649 4738 781 4798 Deuter,
795 4737 845 4799 VI,
864 4737 890 4789 5.

547 4825 569 4891 ⁴)
587 4825 617 4879 S.
636 4826 716 4880 AUG.
735 4826 787 4878 Ad
799 4826 949 4878 volusian.
968 4824 1021 4877 Act
1037 4825 1092 4877 titt.
1112 4823 1294 4890 Cependant
1308 4835 1370 4874 une
1388 4820 1578 4874 omissions..
1590 4820 1778 4887 Prophetas·

441 4933 502 4985 que
520 4916 668 4984 pendere,
685 4916 747 4968 ulto
764 4916 854 4967 mado
870 4917 933 4967 sint
950 4915 1185 4981 comparandae.
1204 4912 1320 4979 Diliges
1323 4947 1366 4974 .....
1383 4912 1440 4963 etc.
1459 4910 1495 4962 ln
1516 4908 1605 4976 Oper.
1624 4910 1660 4973 11,
1678 4909 1739 4962 522

478 5012 483 5019 '
549 5002 570 5071 ὅ)
589 5004 618 5059 8.
636 5005 761 5057 Mum
780 5005 830 5065 IX,
849 5004 892 5056 24.
1221 5007 1230 5023 ⁸

548 5092 570 5162 ¹¹)
590 5094 723 5160 Sapient.
741 5094 820 5156 VllI,
838 5094 863 5146 2.
