4300 6117
861 957 1048 1010 IOHANNIS
1071 957 1252 1011 DOMINICl
1674 947 1718 1011 83

386 1179 571 1260 propriam
595 1180 739 1240 domum
761 1180 798 1239 in
822 1197 893 1257 quo
916 1181 983 1240 tuit
1018 1182 1160 1241 creatus
1193 1178 1460 1260 Capricornum,
1492 1181 1717 1242 incedentem

384 1304 471 1348 vero
494 1285 702 1364 Aquarium.
737 1284 795 1348 Sic
826 1286 917 1348 sciat
941 1287 1038 1364 quod
1054 1286 1190 1367 Iupiter
1212 1287 1395 1366 propicius
1420 1289 1476 1348 est
1500 1290 1535 1348 et
1551 1288 1716 1359 salubris,

382 1393 484 1455 cuius
501 1393 718 1455 domicilium
733 1393 887 1472 primum
904 1392 1116 1472 Sagittarius
1133 1395 1170 1454 et
1186 1392 1323 1467 Pisces,
1342 1397 1602 1472 consequenter
1615 1393 1717 1455 Mars

382 1498 485 1561 ferox
509 1502 545 1561 et
567 1500 769 1572 indomitus,
796 1498 1028 1579 Scorpionem
1053 1501 1173 1562 colens
1198 1502 1234 1561 et
1256 1499 1434 1574 Arietem;
1471 1501 1599 1562 exinde
1622 1500 1717 1561 Mer·

381 1607 503 1668 curius
539 1607 781 1668 convertibilis
806 1607 887 1668 talis
911 1609 974 1677 est,
1016 1608 1157 1685 qualem
1182 1607 1302 1668 sinunt
1326 1625 1405 1668 esse
1429 1607 1617 1670 viciniores
1640 1608 1717 1687 pla-

381 1716 474 1785 nete,
500 1731 606 1794 quem
629 1714 666 1774 in
699 1712 845 1792 Virgine
870 1715 1006 1774 creavit
1041 1713 1148 1785 Deus,
1180 1714 1218 1774 in
1242 1714 1341 1774 cuius
1368 1715 1562 1775 casualiter
1583 1717 1717 1776 sortem

381 1817 523 1881 Gemmi
547 1819 689 1881 cadunt.
715 1819 844 1881 Cetera
866 1821 1021 1899 linquo...
1054 1818 1128 1881 Sed
1150 1818 1286 1882 sufficit
1309 1821 1485 1901 incepisse
1506 1824 1716 1893 monstrare,

383 1927 459 1988 siue
475 1925 656 2006 profunda
676 1927 840 1998 sciencia,
866 1926 1043 1988 homiuem
1067 1928 1245 1988 medicine
1269 1928 1360 1989 artis
1376 1946 1505 1989 nomen
1528 1929 1597 1989 sibi
1620 1946 1717 1989 meu·

381 2033 523 2095 daciter
546 2053 730 2113 usurpare.
755 2032 803 2094 Et
826 2035 911 2113 quia
934 2033 1009 2104 hec,
1034 2034 1071 2094 in
1095 2038 1266 2113 quantum
1292 2037 1347 2095 est
1362 2034 1516 2096 humane
1538 2035 1611 2096 vite
1635 2053 1716 2096 con·

381 2142 573 2212 servativa,
611 2141 756 2202 cuilibet
795 2143 849 2201 est
885 2143 1071 2220 oportuna,
1109 2143 1149 2201 ut
1188 2141 1257 2202 sibi
1291 2141 1443 2220 quisque
1476 2138 1643 2213 sufficiat,
1680 2143 1717 2202 in

383 2250 555 2325 quantum
571 2250 699 2327 potest.

487 2353 613 2416 Nullus
637 2353 927 2434 reprehensibilis
952 2353 1029 2426 erit,
1068 2355 1134 2416 sed
1157 2354 1264 2415 laude
1288 2354 1424 2432 dignus,
1461 2356 1523 2433 qui
1546 2356 1716 2416 sciencia·
1730 2351 1760 2414 7.

381 2479 461 2522 rum
484 2462 640 2522 omnium
663 2462 842 2541 gignasia⁸
864 2459 1116 2538 frequentabit.
1148 2460 1240 2521 Nam
1263 2462 1351 2540 quid
1371 2464 1479 2540 agant
1494 2462 1530 2522 in
1545 2459 1716 2524 inferiora

380 2569 458 2640 celi,
483 2568 652 2648 astrologi
676 2567 815 2640 docent,
839 2565 1077 2646 Lucanusque
1101 2569 1241 2647 probat,
1267 2568 1327 2628 ubi
1351 2569 1403 2629 ait
1419 2557 1457 2649 Ιξε
1797 2564 1920 2627 Β17νο

633 2704 750 2778 «Quod
769 2706 865 2758 cladis
885 2714 989 2774 genus,
1009 2719 1027 2757 o
1047 2704 1166 2773 Superi,
1180 2721 1240 2773 qua
1259 2707 1347 2772 peste
1364 2707 1482 2772 paratis

633 2795 817 2856 ‹Seviciam
836 2797 892 2848 etc.
905 2797 911 2846 t
927 2793 959 2842 »¹

489 2922 552 2995 Ibi,
578 2925 658 3004 quis
691 2942 762 2985 non
790 2924 1005 2996 irridendus,
1037 2924 1203 2985 indoctus
1240 2922 1447 3001 eloquencie
1478 2925 1565 2994 arte,
1594 2941 1634 2984 se
1665 2924 1716 2983 in-

379 3033 480 3110 geret
526 3033 725 3102 oratorem,
772 3033 835 3092 aut
872 3030 1021 3093 audebit
1065 3029 1162 3110 fungi
1208 3030 1460 3091 advocaciouis
1504 3029 1624 3090 officio
1664 3031 1717 3091 rei

381 3137 552 3217 publice?
599 3135 714 3221 Quam
748 3138 900 3198 maxime
937 3140 1123 3217 oportuno,
1154 3137 1248 3198 sicut
1275 3137 1388 3197 tradit
1417 3152 1598 3215 uunquam
1629 3137 1716 3197 satis

381 3243 633 3305 memorandus
671 3246 776 3324 pater
813 3243 1039 3324 Augustinus,
1072 3244 1210 3304 libro
1243 3242 1327 3303 IV⁰
1365 3241 1429 3304 De
1466 3243 1716 3305 Doctrina

378 3348 703 3429 Xpistianat²
737 3383 780 3392 —
803 3350 857 3413 Ibi
882 3351 975 3412 enim
999 3350 1088 3411 illud
1111 3346 1314 3411 Tullianum
1338 3348 1543 3412 coufirmat:
1582 3348 1714 3429 ‹Sapi-

382 3458 518 3519 enciam
541 3457 617 3518 sine
641 3458 850 3536 eloquencia
868 3476 1016 3538 parvum
1032 3456 1206 3537 prodesse
1229 3456 1443 3528 civitatibus,
1469 3457 1713 3536 eloquenciam

380 3581 466 3625 vero
490 3564 566 3625 sine
590 3565 772 3643 sapiencia
789 3565 935 3625 nimium
958 3566 1095 3636 obesse,
1121 3563 1188 3624 sed
1211 3565 1401 3642 utrumque
1416 3565 1590 3642 prodesse
1604 3565 1712 3644 pluri·

378 3669 535 3732 mumrss,
571 3703 614 3712 -.
650 3670 750 3732 Etsi
774 3672 872 3732 iuxta
896 3670 1160 3742 Cassiodorum,
1193 3670 1612 3751 superPsalmos,
1652 3671 1758 3738 ille8.

381 3777 550 3856 eloquens
574 3781 637 3849 est,
674 3779 736 3856 qui
759 3779 827 3839 scit
850 3797 973 3858 parva,
1000 3777 1120 3838 media
1143 3780 1352 3856 temperate,
1377 3791 1506 3858 magua
1528 3778 1713 3858 granditer

378 3882 510 3956 dicere,
537 3885 622 3962 «qui
639 3885 706 3947 scit
728 3885 888 3946 invenire
904 3885 1077 3965 preclare,
1097 3885 1290 3945 enunciare
1306 3883 1503 3963 magnifice,
1521 3884 1713 3964 disponere

381 3993 473 4070 apte,
491 3993 526 4052 et
542 3989 699 4071 figurare
713 3989 859 4065 variert,
880 3993 965 4064 sive,
982 3996 1021 4053 ut
1038 3991 1125 4052 alibi
1142 3991 1240 4062 dicit,
1261 3992 1342 4070 «qui
1357 3992 1610 4071 prohemiatur,
1629 3995 1713 4072 apte

484 4355 516 4415 u)
535 4367 570 4397 =
589 4353 757 4421 gymnasia.

486 4500 507 4568 ¹)
525 4504 644 4556 LUCAN.
665 4502 807 4554 Phar-sal.
827 4504 848 4555 1.
869 4503 930 4557 649.

486 4588 506 4655 ²)
525 4591 554 4644 S.
565 4592 642 4644 AUR.
657 4592 737 4644 Aue,
756 4594 803 4644 De
821 4594 961 4644 doctrina
980 4593 1083 4644 christ.
1103 4592 1151 4653 IV,
1170 4601 1246 4644 xvn.
1267 4593 1311 4644 La
1330 4593 1438 4659 parole
1457 4593 1498 4644 de
1518 4592 1647 4644 ciceron
1665 4592 1712 4662 s'y

376 4680 488 4733 trouve
506 4680 592 4732 cite'e.
623 4681 659 4732 In
680 4680 770 4748 Oper.
795 4681 926 4744 111,104.
957 4678 1036 4734 Tout
1054 4682 1085 4733 le
1103 4681 1134 4732 40
1159 4681 1239 4733 livre
1263 4682 1353 4733 dela
1371 4684 1477 4734 Doctr.
1498 4683 1601 4735 christ.
1619 4681 1712 4734 traite

377 4769 418 4822 de
435 4769 505 4822 l'art
524 4770 659 4822 oratoire
677 4786 717 4822 au
736 4771 857 4824 service
875 4771 915 4823 de
933 4771 1129 4837 l'exposition
1147 4771 1187 4822 de
1205 4771 1377 4823 l'Ecriture.

485 4855 506 4922 ³)
525 4858 629 4911 CICER.
648 4861 695 4912 De
711 4861 825 4912 Iuvent.
846 4860 867 4923 1,
886 4870 905 4911 1.

482 4943 505 5010 ⁴)
524 4947 611 5000 Cette
629 4947 792 5000 de'linition
809 4950 850 5000 de
867 4949 1014 5002 l'orateur
1034 4963 1094 5015 que
1114 4964 1192 5001 nous
1210 4948 1339 5001 n’avons
1357 4964 1400 5015 pu
1418 4950 1582 5001 retrouver
1600 4947 1619 4999 a
1637 4948 1712 5000 l'en·

376 5034 458 5088 droit
487 5035 622 5103 indique,
653 5038 830 5103 appartient
857 5037 875 5089 a
901 5037 1029 5090 ciceron
1060 5040 1092 5090 et
1119 5038 1166 5089 est
1193 5036 1274 5090 tiree
1299 5038 1342 5090 du
1368 5040 1416 5090 De
1445 5036 1576 5090 Oratore
1601 5038 1637 5100 11,
1665 5036 1709 5090 53.

378 5123 406 5176 S.
425 5119 505 5178 AUG.
532 5126 572 5177 l'a
596 5125 681 5191 prise
706 5141 824 5178 comme
852 5126 955 5179 theme
983 5127 1026 5178 du
1051 5126 1105 5178 1ve
1132 5126 1212 5179 livre
1236 5126 1277 5179 de
1301 5141 1358 5178 son
1383 5125 1474 5179 traite
1499 5129 1546 5179 De
1564 5128 1711 5178 Doctrina

377 5214 482 5266 christ.
511 5213 555 5267 ct.
574 5231 600 5267 c.
621 5225 698 5267 xvu.
