4300 6117
444 965 487 1029 88
953 979 1112 1032 LUCULA
1135 978 1275 1032 NOCTIS

445 1197 646 1260 Canone
670 1201 885 1262 determinat
908 1199 1113 1274 Gratianus,
1152 1202 1514 1265 Distinctione
1542 1202 1777 1265 xxxv111.

403 1381 404 1384 Ἴ
445 1305 686 1367 Proculdubio
721 1325 836 1386 neque
860 1307 1077 1379 Lactantius,
1104 1327 1221 1387 neque
1243 1308 1470 1389 Augustinus,
1501 1310 1624 1372 invicti
1653 1313 1779 1372 contra

446 1431 586 1475 errores
609 1417 826 1492 pugnassent
849 1416 1015 1487 invalide,
1056 1415 1124 1477 nisi
1149 1415 1372 1477 ethnicorum
1406 1417 1511 1478 dictis
1546 1416 1696 1478 fuissent
1720 1437 1777 1478 ar·

444 1521 540 1591 mati,
575 1521 691 1599 quod
726 1523 770 1582 tu
802 1540 990 1601 quoque,
1027 1523 1266 1584 doctorum
1300 1524 1477 1602 optime,
1517 1523 1561 1584 in
1590 1525 1779 1602 quadam

445 1628 642 1706 epistola
673 1628 953 1691 meministii.
1002 1629 1130 1690 Petrus
1168 1629 1331 1708 denique,
1367 1627 1529 1691 Ecclesie
1571 1630 1779 1692 fundamen·

444 1737 527 1806 tum,
568 1733 784 1796 Clementem
818 1735 1068 1815 philosophum
1103 1737 1171 1797 sibi
1206 1737 1391 1797 substituit
1424 1754 1668 1798 successorem
1679 1735 1700 1809 ⁸,
1740 1740 1781 1798 ut

443 1839 642 1902 infidelium
665 1843 774 1903 armis
798 1843 935 1914 doctus,
960 1841 1065 1905 facile
1090 1841 1289 1904 infidelium
1309 1843 1438 1922 dogma
1455 1862 1547 1922 eque
1565 1845 1778 1906 destrueret.

443 1946 536 2009 Hinc
559 1949 740 2028 gentilium
771 1949 920 2011 malleus
943 1949 1212 2011 Ambrosius
1243 1950 1396 2029 scripsit,
1425 1948 1602 2012 Lucam
1635 1969 1778 2030 expo·

444 2074 577 2118 nens:
617 2054 803 2136 «Legimus
827 2057 949 2135 aliqua
972 2075 1017 2118 ne
1048 2056 1279 2136 negligantur,
1312 2057 1459 2136 legimus
1490 2075 1536 2118 ne
1565 2058 1777 2137 ignoremus,

443 2163 591 2242 legimus
615 2165 747 2224 utnon
771 2167 964 2234 teneamus,
990 2164 1055 2225 sed
1079 2167 1118 2225 ut
1141 2161 1434 2242 repudiemusrt.

378 2262 429 2327 13.
552 2268 704 2348 Oportet
738 2272 868 2332 iterum
900 2269 1128 2350 Xpistianum
1163 2289 1243 2331 esse
1279 2270 1399 2331 divine
1434 2271 1633 2332 maiestatis
1668 2270 1779 2332 letum

443 2376 666 2456 nitidumque
682 2379 865 2447 cultorem,
879 2378 977 2456 quod
993 2375 1138 2438 efficere
1155 2395 1227 2437 non
1242 2377 1385 2455 poterit,
1404 2377 1472 2437 nisi
1487 2378 1616 2438 saltem
1631 2378 1777 2449 musica,

443 2501 552 2562 quam
573 2481 708 2544 Littere
746 2487 870 2546 sancte
905 2503 975 2545 non
1012 2485 1152 2554 docent,
1190 2484 1256 2550 sed
1284 2486 1566 2562 presupponunt,
1599 2502 1778 2563 quamque

443 2592 543 2651 tanto
578 2591 697 2651 studio
732 2609 828 2670 papa
862 2603 1008 2670 magnus
1033 2588 1226 2670 Gregorius
1251 2590 1534 2652 ecclesiasticum
1564 2591 1708 2652 reduxit
1730 2590 1778 2651 ad

441 2715 554 2767 usum,
595 2698 702 2758 fuerit
726 2698 931 2777 specialiter
954 2694 1184 2758 illustratus⁵.
1223 2695 1315 2758 Nam
1347 2715 1428 2757 cum
1458 2697 1575 2758 modis
1598 2699 1672 2759 suis
1709 2698 1779 2758 ele-

441 2805 588 2884 gancius
612 2805 718 2866 fuerit
742 2805 857 2866 dulcis
874 2805 1010 2866 musica
1025 2805 1195 2876 colorata,
1221 2804 1409 2882 lepiditate
1428 2822 1493 2864 sua
1509 2807 1646 2866 mentes
1664 2804 1778 2865 eciam

442 2911 641 2973 severiores
665 2912 771 2990 capit,
806 2914 841 2972 et
867 2911 1023 2990 quadam
1046 2911 1193 2972 inducte
1215 2903 1414 2971 illaritatisb
1428 2911 1549 2989 gracia
1572 2910 1673 2989 pellit
1695 2911 1777 2972 tris·

443 3018 573 3090 ticiam,
598 3021 634 3078 et
658 3019 687 3078 si
711 3018 797 3097 quid
821 3019 979 3097 pulveris
1003 3020 1066 3079 aut
1090 3017 1242 3078 turbinis
1266 3019 1329 3078 aut
1352 3018 1566 3078 nebularum
1589 3017 1777 3096 cogitacio·

443 3125 547 3186 nibus
572 3126 658 3204 ipsis
682 3124 871 3197 inheserat,
908 3143 1048 3186 omnem
1084 3123 1270 3202 caliginem
1304 3127 1471 3202 potenter
1496 3124 1679 3204 abstergit.
1719 3122 1777 3184 Ad

443 3251 560 3293 mores
583 3233 705 3310 itaque
729 3232 957 3293 instruendos
981 3235 1018 3292 et
1040 3232 1181 3291 autmos
1217 3230 1439 3291 exultacione
1464 3231 1607 3292 virtutis
1635 3230 1778 3292 trahici·

547 3586 579 3646 a)
598 3599 632 3628 :
651 3581 796 3634 XXXVII.
835 3582 866 3645 b)
889 3599 922 3627 =
939 3582 1116 3636 hilaritatis.

549 3722 569 3790 ¹)
589 3725 688 3777 GRAT.
716 3724 789 3791 Cap.
824 3723 883 3792 Qui
899 3727 936 3777 de
955 3739 1059 3776 mensa
1078 3723 1232 3784 XI.,Dist.
1253 3722 1403 3775 XXXVII.
1442 3723 1522 3776 C'est
1540 3724 1571 3775 le
1594 3737 1668 3776 sens
1686 3723 1778 3776 d'une

442 3814 567 3866 citation
585 3812 625 3865 de
643 3813 673 3866 S.
692 3814 824 3866 Jerome.
848 3813 958 3865 comm.
977 3827 1073 3879 super
1092 3812 1210 3864 Daniel.
1232 3827 1297 3878 cap.
1316 3823 1336 3863 1.

549 3899 569 3968 ⁹)
594 3902 772 3955 Allusiona
797 3917 833 3955 ce
858 3909 990 3968 passage
1013 3902 1053 3953 de
1078 3903 1108 3953 la
1134 3902 1227 3954 lettre
1252 3901 1292 3953 de
1322 3901 1353 3954 C.
1372 3900 1539 3953 Salutatia
1563 3900 1611 3953 fra
1632 3901 1719 3953 Giov.
1737 3901 1778 3952 da

442 3991 538 4044 Sam:
559 3990 668 4054 «Vide,
687 4006 806 4058 precor,
826 3991 1019 4044 Lactantium
1037 3991 1234 4051 Firmianum,
1253 3975 1442 4058 singularem
1460 3992 1492 4043 et
1504 3990 1642 4042 validum
1655 3989 1778 4042 ethnice

441 4081 596 4148 religionis
614 4081 869 4147 impugnatorem,
897 4082 927 4132 et
945 4080 1076 4132 detrahe
1095 4080 1155 4131 sibi
1179 4093 1240 4146 que
1258 4078 1333 4131 tecit
1351 4082 1382 4131 et
1400 4080 1510 4145 poetis,
1535 4078 1727 4145 philosophis
1746 4079 1777 4130 et

442 4171 616 4224 oratoribus
634 4169 849 4232 fundamenta
868 4171 1000 4236 postque
1015 4169 1177 4220 considera
1191 4168 1265 4234 quid
1278 4168 1399 4221 valeret
1417 4167 1528 4220 efficax
1541 4183 1597 4220 sua
1610 4167 1776 4234 disputatio

442 4258 655 4312 deficientibus
673 4259 857 4311 testImoniis
876 4261 1048 4325 poetarum.
1074 4256 1162 4320 Vide,
1181 4258 1362 4323 discuteque
1380 4259 1483 4310 tecum
1501 4256 1662 4325 Augustini
1680 4257 1777 4308 libros

442 4349 489 4400 De
509 4348 638 4401 clvitate
658 4347 725 4410 Dei,
745 4349 855 4414 quibus
876 4347 1077 4400 Christamtas
1097 4361 1160 4399 non
1178 4346 1274 4398 babet
1293 4345 1450 4409 clariores,
1469 4348 1548 4399 etc.»
1589 4345 1779 4412 Epistoiario

441 4437 584 4504 1V·1P.p
616 4437 676 4490 183.

550 4523 570 4592 ²³)
595 4527 745 4579 Domtnici
765 4527 897 4579 commet
915 4526 953 4577 ici
977 4541 1040 4578 une
1060 4534 1156 4594 grave
1174 4539 1283 4577 erreur
1308 4525 1487 4589 historique,
1511 4524 1558 4576 s'il
1579 4524 1694 4576 entend
1711 4524 1777 4576 dire

442 4618 596 4670 vraiment
615 4632 675 4682 que
692 4614 721 4667 S.
743 4615 883 4668 clement
901 4614 948 4667 fut
966 4615 996 4666 le
1015 4629 1197 4667 successeur
1222 4614 1379 4666 immediat
1404 4612 1444 4664 de
1462 4613 1493 4666 S.
1512 4613 1627 4666 Pierre.
1653 4613 1778 4665 chacun

443 4707 508 4768 sait,
527 4721 567 4759 en
587 4704 670 4768 effet,
698 4719 758 4771 que
777 4705 794 4755 2
813 4706 912 4771 Papes
932 4705 986 4756 ont
1004 4704 1116 4756 trouve
1133 4704 1224 4769 place
1242 4705 1331 4755 entre
1349 4702 1378 4755 S.
1398 4702 1505 4755 Pierre
1524 4704 1555 4755 et
1573 4701 1603 4754 S.
1624 4701 1777 4754 Clement:

442 4796 545 4858 Linus,
571 4794 677 4847 67-76?
702 4795 733 4846 et
759 4792 869 4856 Cletus,
897 4793 1003 4846 76-88?
1029 4795 1063 4844 V.
1082 4794 1283 4854 Lonltovrrz,
1309 4791 1450 4844 Stetistitr
1474 4794 1530 4844 der
1548 4792 1674 4858 Pdpste,
1700 4790 1777 4854 1905,

443 4893 510 4953 pag.
529 4884 555 4936 6.

549 4970 571 5037 ⁴)
600 4972 631 5024 S.
659 4971 800 5024 Amnisos,
833 4971 934 5038 Super
959 4973 1083 5036 Lucam,
1112 4985 1229 5037 proem.
1260 4969 1295 5020 In
1321 4971 1440 5032 Decret,
1467 4969 1540 5035 Cap.
1561 4970 1703 5036 Legimus
1728 4967 1778 5018 IX.

444 5061 519 5115 Dist.
538 5061 686 5113 XXXVII.
1390 5055 1394 5060 ’

550 5147 571 5216 ⁵)
592 5149 636 5204 ef.
651 5150 791 5218 Gregorii
802 5151 910 5218 Magni
921 5152 1022 5201 vitam.
1040 5150 1131 5202 Auct.
1145 5149 1254 5201 lotan.
1267 5149 1412 5211 Diacono,
1426 5147 1479 5199 lib.
1492 5146 1527 5198 IL
1540 5146 1650 5213 Migne,
1663 5143 1778 5209 LXXV,

447 5240 504 5292 col.
524 5239 568 5293 90.
