4300 6117
432 855 497 918 156
932 866 1090 920 LUCULA
1110 864 1250 919 NOCTIS

537 1086 703 1150 Decimus
739 1091 822 1151 est:
869 1088 1016 1151 Nullus
1047 1088 1240 1152 ethnicus
1271 1087 1353 1152 luit
1383 1089 1661 1170 philosophus
1698 1109 1761 1153 se·

432 1194 611 1256 cundum
662 1214 803 1257 veram
852 1195 1179 1276 philosophiam,
1231 1198 1273 1258 et
1321 1196 1417 1258 ideo
1469 1198 1761 1270 communiter,

430 1301 571 1363 nullus
605 1305 669 1364 est
698 1302 919 1382 legendus.

538 1406 754 1470 Undecimus
771 1412 846 1471 est:
864 1408 968 1495 Quia
991 1410 1033 1470 in
1053 1411 1194 1472 dubiis
1210 1411 1278 1472 via
1300 1411 1439 1472 tucior
1455 1413 1519 1473 est
1539 1412 1764 1492 sapienter

430 1516 627 1588 tenenda,
663 1517 889 1595 sapienter
923 1517 1125 1579 mundani
1163 1517 1407 1597 philosophi
1444 1522 1542 1581 sunt
1579 1519 1760 1591 vitandi,

432 1623 501 1703 qui
523 1626 701 1703 possunt
738 1624 779 1684 in
807 1641 975 1686 errores
1005 1626 1047 1686 et
1079 1625 1210 1686 dubia
1239 1624 1479 1705 legencium
1509 1628 1671 1688 mentes
1701 1627 1761 1687 in·

431 1731 602 1792 ducere.

537 1836 778 1899 Duodecimus
818 1841 897 1900 est:
945 1835 1187 1900 Observare
1233 1839 1448 1901 vanitates
1495 1857 1763 1919 supervacue

431 1945 709 2007 infidelitatis
734 1946 799 2006 est
821 1945 1002 2024 species,
1027 1945 1125 2007 ideo
1148 1946 1383 2025 prudenter
1405 1946 1645 2026 negligendi
1668 1950 1764 2009 sunt

431 2053 496 2114 illi
520 2052 633 2123 libri,
660 2053 730 2131 qui
754 2051 922 2131 aliquid
944 2052 1168 2132 religionis
1193 2053 1368 2115 tradunt
1403 2071 1496 2115 esse
1519 2054 1560 2113 iu
1583 2053 1684 2115 illis.

389 2259 417 2323 1.
539 2266 597 2327 Ad
621 2265 843 2327 evidenciam
866 2265 1007 2327 articuli
1030 2266 1146 2345 primi,
1171 2268 1256 2328 noto
1280 2266 1350 2327 tria
1365 2266 1535 2346 precipue
1551 2264 1629 2328 tore
1643 2283 1765 2327 neces·

433 2374 528 2435 saria
552 2373 749 2453 reipublice
772 2372 1048 2452 presidentibus,
1072 2373 1166 2434 iuste
1182 2373 1346 2435 obmissis
1362 2373 1458 2434 mille
1475 2373 1599 2434 rivulis
1622 2391 1666 2434 ex
1689 2374 1765 2434 lon·

432 2482 527 2543 tibus
551 2480 778 2542 manantibus
802 2479 889 2541 istis.
930 2479 1088 2541 Primum
1112 2482 1167 2541 est
1188 2480 1366 2559 pericia
1389 2479 1522 2560 legis;
1558 2479 1766 2553 secundum,

433 2588 742 2650 constancia
776 2587 973 2667 operis;
1015 2588 1164 2648 tercium
1204 2587 1497 2648 consciencia
1536 2589 1579 2648 et
1616 2586 1768 2648 odium

433 2695 638 2756 crimini
652 2713 679 2756 s.

542 2809 729 2871 Publicum
752 2809 885 2889 quippe
907 2809 1004 2870 istud
1028 2811 1083 2870 est
1110 2809 1209 2888 apud
1239 2827 1361 2871 omnes
1384 2810 1632 2889 proverbium:
1664 2808 1766 2869 Prin·

432 2936 527 2998 ceps,
551 2917 637 2997 legis
661 2916 814 2996 ignarus,
840 2934 969 2995 corpus
995 2935 1075 2978 cum
1099 2916 1202 2977 oculo
1228 2935 1371 2978 cecum:
1398 2919 1433 2978 et
1457 2917 1549 2978 sicut
1579 2934 1684 2978 cecus
1713 2916 1767 2977 ire

431 3024 546 3086 nescit
569 3041 640 3103 quo
664 3023 782 3095 debet,
809 3023 860 3084 sic
894 3023 971 3085 sine
1003 3024 1140 3103 legibus
1176 3026 1295 3086 rector
1327 3023 1498 3103 populum
1528 3024 1627 3084 ducit
1660 3025 1770 3103 prout

432 3151 503 3194 nou
526 3131 640 3193 decet.
670 3129 764 3191 Hinc
786 3131 916 3192 orabat
939 3130 1130 3191 Psalmista
1152 3129 1352 3201 Dominum,
1378 3130 1519 3192 dicens:
1546 3129 1769 3192 «Constitue

431 3238 582 3300 Domine
617 3237 855 3316 legislatorem
885 3254 994 3316 super
1023 3255 1094 3308 eos,
1119 3240 1159 3299 ut
1189 3238 1305 3299 sciant
1336 3241 1458 3317 gentes
1490 3238 1575 3317 quia
1605 3237 1766 3299 homiues

433 3349 515 3407 sunt
534 3342 582 3406 »1.
608 3344 782 3406 Notanter
806 3344 956 3406 adverto
980 3344 1077 3423 quod
1100 3347 1232 3425 gentes,
1257 3362 1409 3423 quarum
1441 3347 1520 3407 erat
1542 3344 1769 3424 philosophia

313 3459 346 3491 '⁰
433 3451 623 3524 mundana,
653 3449 886 3531 legificandos
909 3441 922 3534 Η
946 3451 1103 3531 petebat,
1128 3452 1231 3530 quasi
1256 3469 1407 3530 quorum
1431 3450 1657 3531 philosophia
1673 3455 1768 3512 esset

434 3559 615 3622 contraria
638 3559 706 3638 legi
729 3558 897 3619 salubri...
922 3556 1027 3618 Nulla
1050 3576 1178 3637 nempe
1202 3558 1259 3619 lex
1276 3561 1375 3619 recta
1396 3562 1460 3631 est,
1478 3576 1548 3638 que
1562 3559 1632 3638 legi
1647 3558 1771 3619 divine

433 3668 583 3728 nonest
618 3663 818 3734 conformis,
855 3683 963 3744 quam
997 3664 1152 3726 humana
1186 3665 1322 3744 pericia
1356 3666 1480 3727 nescit.
1515 3664 1669 3745 Propter
1701 3664 1769 3726 hoc

434 3771 602 3835 Salomon
625 3774 732 3834 vocat
753 3771 803 3832 ad
825 3771 892 3833 Dei
916 3772 1085 3833 noticiam
1108 3789 1240 3844 omnes,
1266 3773 1328 3851 qui
1351 3773 1444 3834 iuste
1466 3773 1653 3852 presidere
1673 3771 1768 3834 desi·

434 3882 572 3951 derant,
597 3879 745 3941 dicens:
773 3878 950 3959 «Diligite
973 3878 1161 3950 iusticiam,
1186 3879 1248 3958 qui
1270 3879 1437 3941 iudicatis
1461 3883 1615 3941 terram:
1640 3880 1772 3941 sentite

433 3989 480 4051 de
512 3985 663 4048 Domino
692 3987 729 4047 in
758 3987 919 4047 bonitate
949 3988 985 4047 et
1009 3987 1046 4046 in
1069 3986 1298 4065 simplicitate
1322 3986 1450 4058 cordis,
1484 3988 1636 4048 sentite·
1660 3987 1769 4055 illum,

434 4095 603 4174 quoniam
624 4093 803 4155 invenitur
823 4095 870 4155 ab
893 4092 961 4154 hiis
979 4093 1039 4172 qui
1063 4111 1135 4154 non
1151 4095 1328 4172 temptant
1343 4093 1452 4164 illum,
1482 4096 1635 4174 apparet
1651 4096 1771 4155 autem

435 4203 486 4265 eis
510 4202 571 4281 qui
594 4200 704 4262 iidem
728 4200 862 4262 habent
885 4201 921 4261 in
944 4201 1052 4261 illum.
1076 4200 1251 4262 Perverse
1278 4202 1399 4262 autem
1415 4202 1652 4281 cogitationes
1668 4215 1773 4279 sepa·

434 4311 516 4371 rant
540 4327 561 4370 a
584 4307 662 4370 Deo
682 4307 730 4369 »².

388 4411 418 4474 2.
541 4416 653 4478 Nemo
677 4415 821 4495 negabit
844 4415 929 4494 quin
952 4433 1123 4494 perverse
1140 4415 1377 4495 cogitaciones
1393 4415 1464 4477 sint
1484 4416 1521 4476 in
1536 4413 1773 4494 philosophia,

444 4671 657 4680 -——-—-——-

545 4870 577 4931 a)
596 4883 631 4912 =
649 4866 779 4933 querite.

551 5034 571 5100 ¹)
590 5037 703 5089 Psalm.
722 5035 772 5100 IX,
791 5035 835 5089 21.

552 5130 573 5200 ¹)
593 5133 739 5201 Snptent,
756 5134 778 5198 1,
798 5133 855 5186 1-3.
