4300 6117
833 871 1020 924 muamus
1043 871 1225 924 nonnum
1655 860 1695 923 71

362 1095 527 1156 fectionis
553 1096 671 1156 anime
694 1094 858 1165 humane,
898 1094 934 1155 in
957 1092 1091 1156 effectu
1115 1095 1344 1173 preparantis
1369 1113 1447 1155 eam
1471 1094 1519 1155 ad
1542 1097 1699 1155 futuram

363 1202 595 1263 felicitatem»
612 1200 632 1262 ¹.

475 1307 570 1394 Quid
594 1311 724 1379 autem,
762 1311 802 1369 ut
824 1308 896 1369 duo
920 1308 1045 1369 ultima
1069 1308 1291 1379 concludam,
1327 1308 1426 1369 aliud
1449 1311 1557 1387 agunt
1580 1307 1699 1369 littere
1715 1304 1765 1365 14.

364 1416 555 1495 gentilium,
581 1415 650 1477 nisi
666 1418 706 1476 ut
728 1416 926 1493 sapientem
942 1416 1060 1476 virum
1077 1416 1304 1484 constituant,
1332 1416 1430 1476 cuius
1447 1418 1502 1475 est
1518 1415 1699 1477 declinare

365 1542 386 1583 a
402 1523 505 1583 malis
530 1526 566 1583 et
580 1522 747 1583 insistere
768 1523 882 1584 bonis.
906 1520 998 1583 Nam
1014 1524 1045 1584 si
1061 1523 1219 1583 officium
1237 1522 1408 1601 sapientis
1425 1526 1480 1583 est
1500 1523 1666 1583 ordinare
1678 1520 1698 1592 ’ἦ

365 1632 401 1690 et
424 1630 514 1690 ordo
537 1630 611 1689 suis
636 1630 724 1690 locis
749 1629 874 1690 tribuit
897 1631 1077 1699 universa,
1115 1629 1287 1708 sapientis
1310 1630 1378 1689 erit
1401 1633 1500 1690 recto
1524 1629 1615 1690 calle
1650 1629 1700 1689 in·

365 1736 494 1798 cedere
510 1754 662 1815 semper.
687 1735 746 1797 Ad
762 1736 829 1797 hoc
845 1737 1074 1816 singulariter
1090 1737 1178 1797 facit
1192 1736 1282 1796 illud
1299 1734 1488 1808 Ambrosii,
1514 1737 1552 1796 in
1575 1736 1700 1815 epis·

365 1843 472 1904 tola
507 1843 567 1903 ad
591 1842 986 1922 simplicianum
1011 1843 1183 1904 dicentis:
1222 1842 1378 1904 «Stultus
1405 1843 1497 1904 sicut
1519 1842 1603 1903 luna
1626 1861 1700 1903 mu·

365 1951 462 2011 tatur
472 1948 494 2019 ¹³,
520 1950 664 2027 sapiens
689 1950 783 2010 enim
803 1969 874 2011 non
897 1953 994 2011 metu
1016 1948 1202 2029 frangitur,
1234 1968 1305 2011 non
1328 1952 1507 2029 potestate
1532 1952 1698 2020 mutatur,

364 2076 434 2117 non
458 2057 623 2117 attolitur
646 2058 839 2135 prosperis,
864 2075 934 2117 non
958 2058 1121 2117 tristibus
1146 2057 1325 2136 mergitur.
1353 2055 1422 2118 Ubi
1447 2057 1540 2118 enim
1562 2057 1699 2136 sapien·

365 2165 430 2235 cia,
469 2164 519 2223 ibi
544 2164 678 2223 virtus:
719 2183 799 2223 cum
834 2164 886 2225 ibi
921 2164 1128 2225 constancia
1161 2167 1196 2225 et
1219 2164 1401 2225 fortitudo.
1442 2162 1593 2242 Sapiens
1617 2174 1699 2242 ergo

364 2270 460 2331 idem
486 2274 540 2330 est
564 2270 693 2342 animo,
718 2289 790 2330 non
817 2271 996 2340 minuitur,
1021 2290 1093 2331 non
1110 2273 1260 2349 augetur
1287 2289 1406 2331 rerum
1426 2271 1697 2355 mutacionibus,

365 2395 430 2438 nec
455 2380 495 2437 ut
518 2378 689 2456 parvulus
713 2378 875 2447 fluctuat,
911 2380 951 2437 ut
975 2378 1251 2439 circumferatur
1273 2378 1368 2438 omni
1391 2380 1498 2439 vento
1525 2378 1697 2449 doctrine,

365 2484 430 2545 sed
454 2486 574 2545 manet
597 2482 805 2562 perfectus»
820 2482 842 2543 ⁴.
867 2481 967 2545 Licet
991 2488 1111 2546 autem
1127 2483 1337 2545 Ambrosius
1358 2483 1527 2562 loquatur
1543 2484 1588 2545 de
1605 2484 1698 2563 sapi·

366 2591 468 2652 encia
490 2590 769 2669 Xpistianorum,
809 2591 905 2651 idem
928 2591 1052 2652 dicunt
1077 2590 1208 2672 Stoyci,
1249 2594 1285 2651 et
1319 2589 1527 2670 frequenter
1551 2589 1695 2661 Seneca,

366 2698 411 2759 de
435 2688 449 2779 l'
475 2698 658 2776 sapiencia
681 2709 901 2777 paganorum
913 2695 933 2757 ⁵.
969 2696 1038 2758 Hic
1059 2698 1177 2759 locum
1201 2698 1269 2758 sibi
1293 2699 1461 2759 vendicat
1485 2697 1619 2766 Cicero,
1646 2697 1698 2758 di·

367 2823 468 2866 cens:
496 2804 659 2865 ‹Poetas
683 2807 719 2866 et
742 2805 862 2865 varios
886 2805 1081 2883 scriptores
1105 2806 1250 2873 arcium,
1281 2808 1343 2865 aut
1367 2822 1486 2865 rerum
1509 2808 1697 2885 gestarum,

368 2912 467 2972 solus
485 2911 544 2971 ille
560 2912 845 2990 contemptibiles
861 2910 957 2983 facit,
983 2912 1043 2990 qui
1061 2931 1132 2972 non
1147 2914 1292 2972 veretur
1315 2912 1526 2990 contempni.
1551 2909 1641 2971 Nam
1665 2913 1700 2972 et

366 3019 511 3079 virtutis
535 3018 669 3080 habent
685 3037 797 3090 usum,
823 3021 858 3080 et
873 3018 1149 3097 philosophandi
1166 3018 1353 3079 materiam
1368 3019 1530 3097 prebent.
1554 3017 1697 3087 Notant,

365 3143 434 3185 non
461 3126 595 3185 docent
609 3126 712 3196 vicia,
739 3128 774 3187 et
796 3128 859 3186 aut
874 3125 1037 3186 utilitatis
1055 3144 1166 3186 causa
1183 3128 1285 3205 grata
1306 3129 1396 3193 sunt,
1414 3128 1476 3185 aut
1492 3125 1696 3203 voluptatis.

366 3229 425 3292 Sic
449 3235 570 3292 autem
592 3249 659 3310 per
685 3232 824 3293 viarum
853 3232 1060 3293 discrimina
1098 3234 1293 3309 transeunt,
1333 3234 1372 3293 ut
1407 3233 1530 3294 virtuti
1565 3230 1700 3293 faciant

365 3340 491 3400 locum.
520 3336 611 3399 Nam
634 3358 700 3417 per
724 3340 804 3410 tela,
830 3358 895 3417 per
918 3340 1025 3417 ignes,
1050 3358 1116 3417 per
1145 3340 1253 3400 maris
1277 3340 1397 3399 varias
1421 3339 1608 3418 procellas,
1634 3357 1700 3418 per

366 3448 418 3508 tot
441 3449 569 3517 motus,
594 3447 805 3515 sediciones,
831 3449 867 3506 et
890 3446 1038 3507 insidias
1055 3446 1280 3525 populorum,
1306 3444 1430 3507 Sillam
1453 3446 1647 3524 pertransit
1663 3448 1699 3507 et

367 3550 560 3624 Caribdim,
597 3556 637 3613 ut
660 3553 708 3612 ad
732 3553 887 3631 patriam
910 3571 1012 3613 suam
1035 3553 1163 3613 saltem
1188 3554 1224 3613 in
1248 3555 1431 3615 senectute
1454 3551 1574 3613 Ulixes
1598 3570 1699 3631 repe-

366 3660 480 3721 daret.
507 3658 631 3720 Socios
648 3660 758 3720 variis
783 3660 878 3720 exilii
902 3660 1021 3721 amisit
1046 3660 1201 3730 casibus,
1227 3661 1292 3721 sed
1316 3678 1376 3721 eos
1392 3662 1454 3721 aut
1470 3658 1612 3720 fortune
1627 3660 1699 3720 vio·

365 3766 491 3835 leucia,
516 3769 579 3828 aut
602 3769 729 3827 nature
754 3764 952 3837 infirmitas,
977 3770 1040 3827 aut
1062 3768 1174 3827 animi
1198 3768 1363 3846 voluptas
1388 3766 1596 3845 absumpsit.
1628 3765 1699 3827 Ho-

367 3892 444 3933 rum
468 3876 588 3934 tamen
612 3874 767 3934 omnium
791 3875 946 3935 iocunda
969 3874 1103 3934 relacio
1129 3876 1198 3934 est:
1225 3893 1307 3933 nam
1322 3873 1380 3934 vel
1396 3875 1518 3934 amissi
1534 3874 1699 3952 provisus

367 3998 481 4050 casus,
506 3984 542 4041 et
565 3981 596 4040 si
619 3998 763 4041 amarus
787 3981 842 4051 sit,
865 3979 1010 4059 proiicit
1033 3980 1082 4041 ad
1101 3980 1288 4041 cautelam.
1314 3978 1352 4041 Si
1369 3981 1514 4059 quidem
1529 3980 1699 4059 exemplis

366 4106 452 4165 sepe
475 4087 587 4166 magis
610 4086 799 4166 proficitur
822 4106 930 4165 quam
953 4087 1152 4166 preceptis:
1192 4088 1287 4148 mala
1312 4088 1405 4148 enim
1428 4088 1587 4148 vitantur
1613 4085 1699 4148 iaci·

365 4194 433 4255 lius
458 4212 528 4272 quo
552 4193 695 4255 fidelius
719 4194 927 4273 precognita
950 4192 1096 4255 fuerunt
1122 4193 1250 4255 etc.>‘⁵.

474 4513 496 4580 ¹)
514 4514 644 4567 AVICEN.
671 4517 807 4581 Metaph.
834 4513 934 4567 Tract.
954 4516 975 4577 I,
995 4531 1061 4582 cap.
1082 4526 1128 4567 111:
1155 4518 1201 4568 De
1220 4517 1348 4568 utilitate
1366 4518 1456 4567 huius
1479 4518 1623 4568 scientiae
1643 4518 1700 4569 etc.

365 4605 423 4657 Ed.
445 4605 560 4657 Venise
580 4604 657 4665 1493,
676 4604 728 4656 iol.
747 4606 835 4656 71r0.

475 4690 617 4756 tunm.
637 4695 775 4759 Melnph.
793 4709 918 4759 proem,
938 4710 962 4746 c.
981 4693 1018 4745 11.

475 4779 496 4846 ³⁸)
515 4782 610 4833 Eccll.
629 4782 748 4844 XXVII,
768 4783 809 4833 12.

474 4868 496 4936 ⁴)
516 4871 545 4923 S.
563 4872 664 4923 ΑΜΒΚ.
691 4872 743 4924 Ad
767 4870 1003 4937 simplicianum.
1030 4872 1127 4923 Class.
1154 4871 1174 4922 1.
1201 4873 1300 4938 Epist.
1327 4872 1472 4935 xxxvn,
1492 4872 1517 4923 5.
1546 4872 1580 4922 In
1609 4870 1700 4937 Oper.

365 4959 421 5011 xn
442 4961 477 5012 P.
497 4961 518 5021 1,
538 4960 595 5011 col.
619 4960 696 5012 1131.

474 5045 495 5111 ὗ)
515 5047 634 5111 suune..
652 5050 698 5101 De
717 5047 844 5111 benefic.
864 5049 976 5112 V11,n;
996 5051 1096 5115 Epist.
1115 5050 1274 5101 adauctu.
1290 5051 1700 5113 LV1,1.1x,Lxx1v,xcu‚etc.

473 5134 558 5203 ⁴¹)Ce
583 5146 712 5205 passage
737 5137 777 5189 de
796 5137 924 5190 Cice‘ron
949 5154 968 5191 a
994 5139 1043 5190 ete'
1069 5140 1233 5204 emprunte
1261 5153 1318 5205 par
1346 5140 1533 5191 Dominiciir
1559 5139 1639 5191 JEAN
1659 5148 1700 5189 DE
