4300 6117
430 956 497 1018 224
938 968 1097 1022 LUCULA
1119 967 1259 1022 NOCHS

431 1207 501 1249 non
534 1190 640 1269 primi
673 1209 782 1270 quam
817 1209 882 1271 spe
918 1192 1043 1253 salutis
1078 1192 1182 1272 longe
1204 1195 1396 1271 prospecta
1419 1192 1568 1253 vulnere
1596 1194 1763 1254 sauciari.

429 1295 560 1358 Annon
583 1317 663 1359 cum
686 1299 850 1379 gentibus
874 1300 1034 1359 moratur
1057 1302 1093 1360 et
1117 1297 1361 1370 Samaritanis,
1398 1300 1460 1378 qui
1494 1298 1553 1360 die
1585 1302 1765 1378 noctuque

430 1404 466 1463 in
489 1405 648 1483 ipsorum
663 1409 678 1438 ²
700 1406 912 1467 lectionibus
932 1405 1172 1467 deversatur?
1195 1404 1243 1467 Et
1265 1408 1386 1467 tamen
1409 1425 1479 1467 non
1502 1406 1617 1468 solum
1641 1410 1764 1467 contu·

429 1511 593 1572 bernium
615 1512 807 1584 interdixit,
832 1513 898 1574 sed
921 1513 1015 1574 inter
1038 1531 1100 1574 eos
1125 1512 1237 1574 eciam
1259 1513 1420 1574 velocem
1444 1513 1654 1575 discursum.
1684 1512 1765 1575 Hoc

430 1621 550 1679 autem
573 1621 674 1680 tanta
698 1619 920 1681 districtione
948 1620 1103 1681 iusserat
1131 1620 1405 1691 observandum,
1439 1623 1478 1681 ut
1504 1638 1576 1681 non
1612 1621 1766 1682 auderet

430 1724 616 1805 Philippus
640 1726 858 1788 denunciare
872 1724 1046 1807 Magistro
1067 1727 1243 1804 quosdam
1258 1726 1406 1806 gentiles
1422 1727 1561 1798 adesse,
1587 1745 1667 1788 cum
1684 1728 1764 1807 ipso

429 1832 581 1894 Domino
606 1832 852 1895 desiderantes
878 1833 1011 1894 habere
1027 1851 1237 1904 sermonem,
1262 1834 1327 1895 sed
1343 1832 1489 1895 Andree
1505 1852 1626 1896 secum
1642 1837 1763 1914 patro·

431 1941 562 2001 ciuium
594 1941 796 2001 intercessit
806 1938 827 2001 ¹.
866 1939 998 2001 Nolens
1034 1958 1177 2019 quoque
1207 1939 1380 2001 Dominus
1416 1941 1512 2001 idem
1535 1940 1764 2001 Chananeam

431 2050 595 2109 vexatam
619 2067 641 2108 a
665 2048 831 2109 demonio
853 2048 1019 2119 liberare,
1044 2047 1159 2108 latere
1186 2048 1333 2118 studuit,
1359 2050 1394 2109 et
1408 2048 1583 2111 velociter
1601 2067 1667 2128 per
1681 2049 1763 2110 illos

432 2155 590 2216 confines
615 2155 768 2215 transire
781 2154 802 2226 ²,
838 2155 971 2215 nullam
994 2173 1132 2216 moram
1155 2167 1263 2234 agens
1287 2155 1431 2225 ibidem,
1469 2154 1530 2233 qui
1558 2155 1630 2215 alia
1656 2174 1765 2216 causa

431 2262 524 2323 inter
537 2261 724 2324 Cananeos
740 2264 953 2333 accesserat,
978 2262 1046 2323 nisi
1062 2264 1102 2323 ut
1114 2262 1263 2341 gentiles
1279 2262 1439 2322 divinum
1456 2262 1590 2323 cultum
1607 2263 1763 2323 doceret.

431 2368 555 2430 Nonne
589 2370 626 2429 in
659 2368 727 2429 hoc
764 2387 873 2448 opere
896 2369 1040 2430 videtur
1076 2369 1232 2429 clamare
1263 2386 1377 2447 usque
1400 2370 1448 2430 ad
1471 2370 1642 2431 terminos
1667 2370 1766 2430 orbis

433 2479 625 2537 terrarum:
650 2473 810 2537 Gentiles
827 2494 897 2536 non
909 2476 1045 2556 legatis,
1070 2477 1138 2537 nisi
1155 2476 1268 2555 quiet
1291 2477 1435 2554 quando
1452 2476 1607 2555 aliquem
1625 2476 1766 2537 illorum

431 2584 566 2663 putatis
589 2601 654 2644 vos
677 2601 784 2662 posse
807 2601 830 2643 a
853 2584 926 2644 suis
950 2583 1133 2644 erroribus
1158 2601 1339 2644 revocare.
1364 2581 1585 2645 Hodievero
1607 2584 1769 2662 quisunt

432 2690 556 2751 talium
578 2690 797 2752 leccionibus
820 2689 944 2760 dediti,
968 2690 1037 2750 nisi
1060 2690 1110 2751 hii
1133 2693 1195 2751 aut
1227 2690 1288 2768 qui
1320 2690 1466 2769 cupiunt
1496 2690 1673 2762 honorari,
1699 2694 1762 2752 aut

432 2797 541 2858 ditari
565 2797 772 2858 desiderant
794 2798 853 2857 vel
887 2797 958 2857 iam
983 2797 1114 2858 curiosi
1138 2796 1259 2858 effecti
1293 2816 1357 2858 seu
1379 2798 1589 2859 vacillantes
1626 2798 1664 2858 in
1690 2795 1767 2858 lide

433 2908 596 2983 querunt,
622 2904 776 2983 qualiter
792 2904 929 2983 possint
946 2922 1047 2965 suam
1071 2900 1300 2966 inlidenciam
1316 2906 1488 2965 roborare
1506 2908 1542 2966 et
1559 2906 1767 2966 roboratam

433 3011 550 3072 tueri?
588 3010 634 3072 Et
657 3011 741 3072 ideo
764 3030 835 3073 non
859 3012 973 3073 solum
996 3011 1136 3091 legendi
1160 3030 1232 3073 non
1255 3016 1346 3082 sunt,
1386 3012 1451 3073 sed
1474 3011 1594 3101 edicto
1621 3012 1767 3091 publico

434 3119 667 3179 comburendi
682 3111 707 3189 b,
733 3121 769 3179 et
784 3117 851 3180 hoc
874 3120 1011 3179 utinam
1023 3117 1098 3190 fiat,
1116 3120 1237 3197 aliquo
1249 3120 1310 3197 pio
1324 3120 1402 3179 viro
1419 3120 1455 3179 in
1472 3117 1636 3181 Ecclesia
1655 3120 1768 3198 presi·

434 3226 564 3287 dente!

540 3614 1194 3681 nj-mmmmwzmmmffl.

543 3790 564 3857 ¹)
584 3793 612 3846 s.
631 3793 742 3844 muln.
761 3791 826 3855 xn,
845 3792 938 3845 20-23.

543 3878 564 3947 ²)
583 3882 612 3935 s.
630 3881 742 3945 nme,
758 3880 823 3944 vn,
842 3881 934 3934 2429.
