4300 6117
846 1004 1035 1060 IOHANNIS
1056 1004 1238 1058 DOMINICI
1557 1001 1561 1009 ’
1639 993 1703 1057 401

367 1229 508 1293 tructus
538 1230 662 1300 relicti,
699 1248 789 1310 quos
818 1230 898 1310 ipse
927 1232 964 1291 et
996 1229 1073 1290 vidi
1107 1231 1143 1290 et
1175 1228 1283 1308 tetigi,
1309 1230 1345 1290 et
1376 1227 1617 1307 experimento
1650 1227 1703 1289 di·

369 1337 441 1399 dici
480 1337 574 1416 quia,
612 1337 759 1410 scilicet,
798 1355 864 1399 sua
896 1335 1139 1416 pulcritudine
1189 1335 1503 1414 magnitudineque
1544 1325 1705 1396 alliciunt

369 1445 485 1506 visum
523 1445 560 1505 et
597 1445 737 1524 gustum
774 1443 961 1524 temptant,
990 1443 1052 1505 ubi
1090 1444 1210 1504 autem
1248 1443 1392 1504 luerunt
1428 1441 1500 1503 levi
1537 1443 1707 1504 contactu

370 1551 532 1621 conscisi,
557 1549 687 1613 fallunt
709 1554 909 1630 utrumque.
934 1548 964 1611 0
988 1549 1194 1611 miseranda
1216 1549 1303 1622 lues,
1328 1551 1364 1611 et
1386 1566 1481 1628 pena
1514 1548 1622 1628 plena
1644 1547 1705 1610 do·

370 1659 565 1720 cumeutis!
589 1655 759 1720 Sodomie
782 1658 882 1737 signa
905 1657 1031 1719 relicta
1054 1659 1138 1719 sunt
1159 1654 1297 1718 tructus
1332 1656 1471 1730 inanes,
1496 1655 1581 1734 quia
1612 1673 1705 1718 vane

370 1764 606 1846 phylosophie
629 1763 767 1826 fructus
789 1763 990 1826 horrendus
1015 1764 1079 1835 est,
1112 1763 1227 1843 primo
1251 1763 1300 1824 ad
1322 1761 1541 1825 Romanos
1565 1762 1704 1824 Paulo

370 1869 564 1944 tradente¹,
589 1872 665 1934 siue
689 1871 899 1951 singultibus
916 1890 988 1933 non
1002 1870 1267 1942 nominandum,
1287 1868 1551 1933 Sodomitarum
1568 1869 1704 1950 nephas

370 1979 570 2060 pergrave!

483 2084 556 2147 Sed
594 2086 690 2158 dato,
730 2086 828 2164 quod
865 2084 932 2147 hec
975 2087 1164 2165 poetarum
1201 2084 1371 2165 figmenta
1408 2084 1568 2156 induant,
1608 2083 1706 2164 apud
1720 2086 1754 2148 5.

371 2190 629 2263 Varronem,
653 2192 838 2271 multiplex
861 2209 952 2272 opus
976 2193 1114 2264 nature,
1139 2193 1202 2253 aut
1225 2191 1370 2253 nonulla
1401 2191 1582 2254 homiuum
1609 2189 1706 2253 iacta

371 2299 409 2360 in
442 2300 531 2362 deos
562 2298 701 2371 relata²,
729 2299 902 2378 numquid
929 2301 983 2361 est
1014 2317 1082 2378 per
1119 2299 1262 2379 ignaros
1285 2299 1438 2361 lectores
1476 2298 1597 2378 pueris
1635 2300 1707 2360 tra·

372 2405 521 2469 denda?
543 2405 668 2468 Nullus
691 2405 847 2485 denique
870 2405 901 2468 si
924 2406 976 2467 sic
998 2406 1054 2477 sit,
1082 2406 1180 2484 quod
1211 2405 1289 2486 ipse
1323 2404 1490 2476 concedo,
1516 2408 1569 2468 est
1601 2405 1705 2467 huius

373 2531 498 2593 capax,
522 2513 585 2592 qui
607 2512 841 2594 phylosophie
872 2511 1046 2574 naturalis
1080 2513 1217 2592 pericia
1249 2514 1358 2575 caret.
1395 2547 1436 2557 —
1469 2512 1589 2574 Primo
1624 2523 1708 2592 ergo

371 2618 696 2700 philosophandum
720 2620 783 2691 est,
808 2622 845 2681 et
868 2637 990 2680 omnes
1014 2621 1142 2681 nature
1165 2619 1406 2700 proprietates
1424 2639 1504 2682 cum
1525 2618 1709 2682 intellectu

372 2729 456 2789 sunt
478 2727 722 2798 discurrende,
747 2728 795 2789 et
827 2727 997 2789 demum
1028 2727 1351 2806 poetizandum.
1397 2726 1445 2789 Et
1477 2728 1529 2790 sic
1551 2727 1709 2790 iuniores

372 2853 444 2896 non
477 2835 680 2896 transibunt
714 2836 762 2896 ab
798 2835 909 2896 ubere
942 2835 1067 2896 matris
1098 2835 1147 2896 ad
1187 2835 1354 2907 studium,
1385 2834 1517 2914 poesie,
1556 2850 1710 2912 neque

373 2942 543 3022 poetas
597 2941 852 3012 docebunt,
914 2942 1089 3003 docere
1157 2942 1457 3016 nescientes,
1522 2941 1708 3021 ignari:

374 3047 499 3128 quod
534 3048 890 3128 principaliter
939 3049 983 3110 in
1027 3048 1111 3110 hoc
1150 3067 1368 3111 sermone
1406 3050 1478 3110 est
1516 3048 1710 3110 conclu·

374 3154 582 3217 deudum.

363 3246 366 3250 Α
479 3260 703 3342 Responsum
727 3264 781 3324 est
815 3280 935 3342 supra,
960 3263 996 3322 ni
1030 3261 1146 3337 fallor,
1171 3263 1219 3324 ad
1243 3263 1281 3324 id
1313 3263 1410 3341 quod
1450 3262 1544 3325 obici
1579 3265 1707 3343 potest,
1722 3259 1754 3321 6.

374 3369 469 3432 idest
491 3370 576 3448 quia
590 3373 605 3403 ²
628 3369 731 3448 pueri
747 3370 1003 3431 elementorum
1017 3387 1181 3451 capaces,
1207 3372 1342 3448 tropos,
1366 3371 1514 3450 propria
1530 3369 1708 3431 vocabula

374 3480 411 3539 et
443 3477 643 3540 sentencias
678 3477 857 3556 elegantes
892 3476 1100 3549 addiscunt;
1124 3495 1207 3538 nam
1240 3478 1320 3557 plus
1356 3480 1411 3538 est
1447 3495 1577 3556 corpus
1602 3495 1709 3556 quam

375 3602 459 3646 esca
480 3585 539 3645 vel
561 3584 681 3656 vestis,
707 3586 743 3645 et
765 3584 884 3644 anima
918 3583 1103 3664 plurisque
1137 3584 1299 3662 utrisque
1308 3582 1329 3656 ³,
1355 3602 1468 3663 quare
1499 3584 1599 3663 prius
1623 3575 1637 3666 ll
1663 3585 1709 3646 de
1757 3576 1931 3639 ·L11sv⁰

375 3691 494 3752 anima
517 3693 572 3752 est
595 3690 804 3761 curandum,
829 3708 874 3751 ne
896 3690 933 3751 in
955 3690 1035 3770 ipso
1059 3691 1184 3752 limine
1205 3692 1279 3752 vite
1302 3708 1325 3751 a
1348 3691 1565 3752 talsitatibus
1592 3691 1710 3752 anime

375 3798 645 3878 prostituantur,
685 3816 765 3859 cum
799 3796 956 3876 quadam
990 3796 1208 3878 Proserpina
1243 3816 1314 3876 quo
1349 3798 1566 3877 paucissima
1599 3810 1710 3879 grana

374 3907 524 3983 aspectu
556 3904 797 3984 pulcherrima
843 3905 1041 3985 gustaverit
1074 3906 1192 3984 patrie
1232 3903 1416 3966 infernalis
1456 3902 1613 3967 Cerbero
1651 3906 1710 3966 vel

374 4010 526 4073 Plutoni.
551 4010 657 4073 Pueri
680 4012 783 4084 enim,
808 4012 937 4090 quibus
960 4012 1072 4091 magis
1095 4012 1240 4091 placent
1276 4004 1429 4090 pulcrab
1461 4029 1569 4091 quam
1603 4013 1709 4083 bona,

376 4121 415 4180 ut
447 4119 499 4179 ait
528 4117 763 4180 Crisosto
777 4136 901 4190 mus,
933 4122 1016 4180 sunt
1050 4119 1166 4198 primo
1201 4118 1413 4180 veritatibus
1450 4121 1486 4180 et
1519 4118 1712 4180 virtutibus

375 4225 569 4295 imbuendi,
594 4243 749 4304 namque

701 4374 713 4398 «
727 4355 815 4408 Nova
834 4355 915 4408 testa
933 4356 1024 4422 capit,
1044 4355 1219 4408 inveterata
1240 4355 1318 4421 sapit
1339 4352 1374 4406 »⁴.

377 4539 590 4547 ——u—

483 4716 515 4776 u)
536 4737 567 4748 -
587 4712 668 4779 quia.
705 4712 736 4775 b)
755 4728 790 4758 Ξ
809 4710 946 4778 pulchra.

483 4887 680 4955 ¹)S.PA11L.,
700 4891 743 4941 ad
758 4890 847 4946 Rom.
868 4890 891 4948 I,
912 4883 955 4952 26,
975 4889 1018 4942 27.

484 4975 569 5041 ⁷)Ci.
588 4975 710 5033 S.AUG.
729 4979 766 5030 de
788 4978 871 5031 civu.
889 4979 956 5041 Del,
974 4978 1023 5040 VI,
1042 4987 1084 5030 Vl.
1110 4978 1146 5029 In
1167 4977 1256 5044 Oper.
1276 4977 1338 5042 vn,
1359 4977 1497 5042 182,183.

484 5063 505 5131 ³)
524 5067 554 5120 S.
573 5068 649 5120 Luc.
667 5066 731 5131 ΧΠ,
750 5067 799 5130 233
819 5066 848 5120 s.
867 5067 993 5120 Murra.
1014 5066 1063 5130 vl,
1083 5065 1126 5120 25.

482 5154 505 5221 ⁴)
524 5156 568 5210 Cl.
587 5155 711 5209 Hom.
729 5157 829 5222 Epist.
847 5156 901 5208 lib.
919 5157 941 5219 Ι,
960 5156 986 5208 2.
1004 5165 1035 5219 v,
1053 5155 1153 5209 69-70:

698 5241 753 5297 Quo
768 5241 842 5284 semel
857 5244 893 5284 est
908 5242 1001 5283 imbuta
1015 5252 1109 5294 recens,
1123 5240 1231 5284 servabit
1246 5241 1347 5284 odorem

696 5311 769 5355 Testa
785 5310 832 5355 diu
