4300 6117
479 915 545 978 418
983 926 1142 981 LUCULA
1164 925 1304 981 NOCTIS

476 1149 575 1212 —Et
586 1149 714 1212 iterum
737 1151 775 1210 in
796 1159 897 1212 VI11⁰
921 1151 1109 1230 capitulo
1127 1173 1134 1213 :
1161 1169 1176 1202 ‹
1191 1151 1239 1213 Et
1253 1152 1420 1225 intellexi,
1438 1153 1709 1232 quodomnium
1722 1171 1806 1233 ope·

476 1276 556 1318 rum
568 1256 636 1318 Dei
656 1257 790 1319 nullam
813 1258 927 1337 possit
949 1258 1054 1320 homo
1077 1259 1238 1321 invenire
1260 1259 1451 1331 racionem,
1477 1277 1693 1338 eorumque
1716 1261 1808 1322 iiunt

476 1365 542 1426 sub
566 1364 642 1426 sole
655 1383 670 1417 »
683 1361 703 1425 ¹.
727 1396 771 1404 -
797 1363 881 1426 Illos
899 1365 1021 1438 eciam,
1047 1367 1108 1444 qui
1123 1355 1339 1428 celebrande
1354 1365 1449 1428 fame
1473 1370 1594 1429 cetera
1616 1370 1807 1447 postpone·

476 1472 564 1533 bant
585 1471 622 1531 in
641 1480 725 1532 v11⁰
748 1472 937 1551 capitulo
957 1472 1082 1552 tetigit,
1101 1473 1244 1534 dicens:
1272 1471 1429 1534 «Melius
1447 1477 1501 1535 est
1516 1493 1645 1536 nomen
1663 1475 1806 1545 bonum,

477 1596 585 1657 quam
608 1582 786 1658 unguenta
808 1580 974 1658 preciosa
989 1579 1037 1641 1⁹².
1074 1613 1113 1621 -
1153 1578 1201 1642 Et
1225 1581 1318 1659 quia,
1343 1580 1390 1641 ob
1418 1579 1511 1643 hanc
1534 1581 1806 1660 assequendam

476 1685 635 1747 nonnulli
656 1684 751 1747 forte
773 1688 857 1748 ante
881 1685 1065 1748 Curtium³
1087 1685 1303 1766 Deciosque*
1333 1705 1373 1750 se
1401 1687 1610 1750 occiderunt
1642 1691 1677 1750 et
1714 1689 1808 1749 lilios

478 1811 558 1853 cum
573 1775 693 1864 Bruto,
711 1791 897 1855 Habraam
919 1796 1021 1856 actus
1037 1795 1176 1874 pariter
1191 1797 1226 1856 et
1242 1793 1459 1875 Sampsonis,
1474 1813 1546 1856 non
1559 1795 1807 1866 intencionem,

478 1899 601 1972 secuti,
636 1918 719 1961 mox
741 1901 882 1963 subdit:
922 1899 1080 1963 «Melior
1110 1904 1164 1963 est
1189 1901 1266 1963 dies
1290 1903 1414 1963 mortis
1449 1902 1509 1964 die
1543 1902 1743 1964 nativitatis
1760 1900 1808 1972 ›⁵,

451 2075 455 2082 ,
478 2006 571 2067 sicut
585 2001 693 2068 Traci
712 2005 881 2069 fatentur.
903 2007 1135 2088 Antiquiores
1159 2009 1252 2070 notis
1271 2009 1499 2071 latraverant
1522 2010 1681 2090 stoyci
1705 2009 1809 2070 nullis

477 2113 640 2175 adversis
657 2115 837 2194 sapientes
853 2115 999 2187 moveri,
1025 2134 1177 2194 quorum
1200 2116 1359 2177 meminit
1382 2116 1430 2177 ad
1453 2119 1593 2195 partem
1609 2119 1809 2194 utramque,

479 2222 515 2281 et
537 2219 607 2281 ait:
644 2218 886 2301 «calumpnia
909 2222 1100 2284 conturbat
1124 2222 1322 2302 sapientem
1346 2224 1382 2284 et
1402 2222 1532 2302 perdet
1555 2223 1666 2284 robur
1690 2222 1809 2284 cordis

478 2326 582 2398 illius,
619 2327 745 2389 melior
777 2331 832 2390 est
862 2327 944 2390 finis
977 2329 1164 2401 oracionis,
1202 2349 1310 2409 quam
1339 2330 1571 2409 principium
1608 2330 1737 2391 mellor
1758 2332 1811 2391 est

479 2434 625 2512 paciens
650 2437 840 2515 arrogante
853 2457 868 2492 ›
881 2433 903 2496 ⁶.
943 2434 1012 2519 Qui
1035 2454 1123 2497 vero
1147 2437 1337 2516 sapiencie,
1371 2437 1579 2516 integralem
1602 2437 1811 2499 felicitatem

478 2544 659 2613 venantes,
695 2542 840 2604 iunxere
872 2543 1032 2616 divicias,
1068 2561 1091 2604 a
1126 2543 1254 2606 throno
1289 2545 1379 2605 tanti
1414 2544 1586 2624 sapientis
1622 2562 1694 2605 non
1727 2546 1810 2605 sunt

478 2648 666 2728 peregrini,
691 2650 899 2711 scribentis:
926 2648 1082 2712 «Utilior
1097 2653 1151 2712 est
1167 2651 1349 2731 sapiencia
1373 2671 1453 2712 cum
1468 2650 1619 2722 diviciis,
1643 2653 1679 2713 et
1697 2651 1810 2731 magis

479 2756 629 2834 prodest
651 2756 855 2819 videntibus
879 2757 1018 2819 solem»
1034 2755 1054 2816 ⁷.
1089 2756 1266 2838 Filargos⁸
1288 2758 1338 2820 ibi
1362 2759 1520 2837 reperies
1543 2756 1683 2818 infinite
1705 2759 1811 2819 turbe

479 2880 561 2923 ama
585 2865 712 2934 tamen,
734 2863 958 2943 'hmansque
981 2864 1149 2926 vexillum
1172 2867 1367 2944 portantes.
1407 2864 1477 2949 Qui
1500 2865 1680 2926 dicentes:
1713 2883 1728 2914 ‹
1742 2863 1811 2948 Qui

415 3020 417 3023 .
481 2969 583 3030 addit
607 2970 807 3043 scienciam,
843 2971 946 3032 addit
969 2973 1005 3032 et
1034 2971 1196 3032 laborem
1210 2991 1224 3024 »
1237 2970 1259 3043 ⁹,
1296 2976 1406 3050 atque
1429 2971 1590 3033 dolorem
1613 2971 1698 3032 solis
1723 2971 1810 3032 divi·

481 3076 555 3148 ciis,
581 3079 690 3155 atque
712 3078 743 3139 si
766 3095 993 3158 possessores
1017 3096 1141 3139 earum
1164 3081 1352 3141 vertantur
1372 3080 1410 3140 in
1432 3078 1567 3150 beluas,
1600 3078 1739 3140 culmen
1762 3079 1811 3139 Ie·
1907 3104 1911 3112 ·

480 3182 625 3244 licitatis
650 3185 860 3257 concedunt,
884 3187 920 3246 et
941 3185 1060 3245 aiunt:
1088 3184 1159 3245 «In
1184 3187 1293 3246 risum
1317 3186 1452 3248 faciunt
1475 3203 1605 3265 panem
1629 3187 1665 3246 et
1680 3186 1809 3256 vinum,

481 3292 521 3351 ut
537 3291 726 3369 epulentur
741 3293 923 3364 bibentes,
948 3293 984 3353 et
999 3293 1151 3370 pecunie
1166 3293 1338 3354 obediunt
1362 3293 1479 3354 omnia
1495 3289 1552 3354 ³¹⁰.
1580 3325 1618 3333 -
1643 3289 1811 3354 Liberum

588 3605 612 3673 ¹)
631 3607 674 3661 ef.
694 3609 802 3671 Enete,
820 3608 898 3673 VIII,
917 3609 960 3659 17.

588 3694 838 3760 ²)Ibld.,V11,2.

589 3783 609 3849 ¹)
628 3785 667 3838 lt
688 3785 810 3839 Curtius
836 3786 936 3838 s'e'tait
954 3785 1075 3839 devoue
1101 3801 1161 3838 aux
1179 3785 1271 3838 dieux
1289 3784 1453 3838 internaux
1470 3800 1549 3852 pour
1567 3786 1597 3837 la
1615 3785 1717 3852 patrie
1735 3785 1811 3838 dans

481 3876 529 3928 les
548 3877 777 3928 circonstances
796 3859 965 3928 suivantes.
994 3875 1044 3929 Un
1062 3875 1148 3942 large
1175 3873 1295 3942 goniire
1321 3874 1419 3926 s'etaIt
1444 3875 1554 3927 ouvert
1580 3889 1620 3927 en
1644 3875 1732 3940 plein
1757 3875 1811 3927 Fo-

484 3980 552 4018 rum
582 3967 613 4018 et
642 3965 768 4018 l'oracle
798 3966 893 4034 ayant
926 3965 1051 4017 declare
1079 3964 1151 4031 qu'il
1179 3978 1219 4015 ne
1247 3978 1282 4016 se
1307 3961 1500 4016 relermerait
1525 3978 1586 4030 que
1611 3977 1665 4016 sur
1691 3979 1728 4016 ce
1752 3978 1812 4031 que

482 4054 579 4107 Rome
604 4055 689 4107 arati
719 4055 760 4108 de
781 4056 850 4121 plus
881 4053 1037 4121 precieux,
1065 4053 1189 4106 Curtius
1214 4052 1285 4120 de'J'h
1310 4053 1433 4104 ce'lebre
1458 4067 1515 4117 par
1541 4067 1593 4104 ses
1619 4052 1753 4118 exploits
1778 4067 1813 4106 se

482 4144 639 4210 precipita,
665 4144 684 4196 h
709 4145 827 4206 cheval,
852 4145 918 4196 tout
942 4143 1029 4195 arme
1054 4142 1133 4194 dans
1159 4142 1189 4194 le
1217 4140 1336 4210 gouflre
1366 4141 1419 4208 qui
1449 4155 1482 4192 se
1512 4140 1647 4193 relerma
1672 4143 1811 4194 aussitot

483 4233 527 4286 ef.
544 4233 622 4285 VAL.
635 4233 720 4285 Max.
739 4235 912 4299 Exemplor.
931 4233 1093 4284 memorab.
1111 4231 1183 4297 Cap.
1196 4241 1238 4294 IV,
1256 4233 1302 4283 De
1321 4231 1438 4283 Pietate
1457 4239 1529 4298 erga
1544 4233 1688 4298 patriam,
1709 4231 1735 4283 2.

589 4320 611 4388 ⁴)
629 4323 742 4375 Decius
752 4322 820 4375 Mus
834 4323 865 4373 P.
879 4322 978 4374 s'etait
996 4321 1118 4374 clerone
1137 4335 1197 4372 aux
1215 4319 1308 4372 dieux
1325 4318 1489 4372 internanx
1508 4319 1587 4371 dans
1606 4334 1667 4372 une
1685 4321 1813 4373 bataille

483 4413 582 4465 livree
600 4429 660 4465 anx
678 4413 783 4465 Latins
803 4412 821 4464 a
839 4411 965 4463 vese'ris
981 4411 1054 4477 pres
1073 4411 1116 4462 dn
1133 4410 1265 4462 Vesuve.
1297 4436 1323 4444 -
1352 4408 1465 4461 De'cius
1491 4411 1543 4461 eut
1568 4425 1611 4462 un
1634 4409 1686 4461 iils
1715 4413 1748 4462 et
1773 4425 1813 4463 nn

482 4502 625 4570 petit-{ils
651 4502 703 4569 qui
727 4502 868 4554 auraient
894 4500 974 4552 snivi
1000 4514 1056 4552 son
1083 4499 1232 4565 exemple,
1258 4492 1321 4550 l'un
1345 4498 1364 4550 a
1386 4498 1417 4549 la
1441 4499 1568 4550 bataille
1592 4499 1632 4552 de
1651 4497 1813 4552 Sentinum

482 4593 590 4645 contre
607 4593 653 4644 les
673 4591 808 4654 Gaulois,
825 4590 935 4642 l'autre
954 4589 972 4641 a
990 4589 1021 4640 la
1039 4589 1166 4641 bataille
1186 4587 1362 4640 d'Asculum
1381 4588 1488 4639 contre
1507 4589 1655 4656 Pyrrhus.
1675 4587 1720 4640 ct.
1735 4588 1812 4640 VAI.

482 4683 577 4744 Max,
594 4683 649 4735 too.
667 4685 714 4734 cit.
734 4682 759 4745 5,
777 4681 802 4734 6.

590 4769 611 4836 ⁵)
630 4771 674 4826 CI.
693 4772 802 4833 Erote„
820 4770 884 4832 VII,
902 4768 927 4821 2.

590 4858 611 4927 Β)
629 4863 715 4925 Ibtd,
734 4861 759 4922 8,
777 4861 803 4913 9.

477 5011 481 5020 ,
593 4948 714 5016 ²)1b1a,
734 4951 775 5004 12.

492 5095 496 5103 ,
590 5040 611 5106 ⁸)
629 5043 712 5094 Pour
726 5042 922 5108 philargtcos,
940 5040 1138 5105 voluptueux.
1158 5036 1245 5090 Cette
1263 5037 1377 5102 phrase
1394 5037 1441 5088 est
1459 5049 1547 5087 assez
1566 5035 1706 5087 obscure.

590 5129 808 5196 ⁹)1btr.1,18.

580 5217 612 5285 ¹⁰)
632 5218 677 5272 cf.
695 5220 804 5282 Enete,
822 5218 858 5282 X,
877 5218 920 5271 19.
