4300 6117
848 882 1035 937 IOHANNIS
1057 880 1238 935 DOMINICI
1346 885 1350 891 '

881 1764 1093 1871 [CAPUT
1124 1763 1203 1869 11.l

485 2236 754 2324 [Xinstianis
796 2245 996 2324 preterea
1032 2242 1134 2304 licet
1167 2241 1392 2304 catholicis
1431 2240 1529 2303 illos
1570 2241 1710 2302 libros

379 2358 563 2431 studere,
594 2361 664 2438 qui
686 2378 828 2422 eorum
856 2358 984 2421 tidem
1013 2359 1224 2420 sinceram
1252 2356 1436 2430 tradunt,
1468 2356 1648 2419 laudant
1670 2359 1710 2418 et

380 2473 642 2537 confirmant.
689 2473 771 2538 Sed
799 2477 902 2537 libri
929 2474 1148 2555 gentilium
1177 2474 1438 2553 sapiencium
1467 2473 1584 2534 istud
1611 2471 1710 2534 faci·

379 2595 452 2652 unt
475 2591 528 2652 ad
553 2590 802 2670 perfectum.
849 2592 984 2672 Igitur
1011 2592 1114 2653 licet
1136 2589 1385 2669 Xpistianos
1415 2589 1642 2651 scienciam
1670 2590 1711 2650 et

378 2704 549 2768 litteras
573 2708 790 2769 seculares
814 2708 999 2769 studere.

489 2952 657 3015 Racionis
681 2953 785 3016 huius
808 2955 924 3016 maior
945 2958 1000 3017 est
1024 2955 1132 3017 clara.
1179 2954 1309 3025 Primo,
1348 2954 1433 3033 quia
1455 2952 1549 3016 fides
1582 2957 1637 3017 est
1667 2975 1711 3018 ex
1748 2965 1779 3027 1,

379 3059 514 3132 auditu,
550 3061 643 3122 sicut
673 3061 800 3123 scribit
822 3060 1016 3142 Apostolus
1048 3061 1106 3124 ad
1134 3058 1398 3124 Romanos¹.
1437 3058 1588 3142 Oportet
1626 3075 1710 3143 ergo

378 3164 585 3247 Xpistianos
608 3169 744 3240 audire,
768 3186 839 3229 non
862 3169 976 3230 solum
999 3187 1093 3239 suos,
1128 3170 1194 3230 sed
1218 3169 1332 3230 eciam
1355 3186 1421 3248 pro
1443 3187 1566 3230 eorum
1589 3169 1711 3230 solidi-

379 3275 453 3336 tate
476 3275 613 3347 maiori,
649 3273 818 3347 forenses,
855 3276 941 3354 quia
963 3277 1018 3337 fas
1043 3278 1098 3338 est
1128 3278 1164 3337 et
1187 3277 1234 3337 ab
1263 3274 1365 3337 hoste
1400 3275 1523 3337 doceri
1534 3274 1555 3336 ².
1595 3274 1711 3360 Quam

379 3380 537 3442 validum
560 3382 654 3443 enim
676 3384 732 3443 est
747 3382 860 3443 hostis
875 3383 1039 3444 veritatis
1054 3382 1279 3461 preconium!
1303 3380 1396 3443 Hinc
1413 3382 1517 3443 divus
1536 3380 1665 3463 Augu
1676 3401 1712 3443 s·

379 3489 528 3560 tinus,
557 3486 698 3549 xvnlo
731 3487 796 3550 De
825 3486 1038 3550 civitate
1065 3488 1169 3560 Dei.
1194 3507 1272 3569 cap.
1295 3498 1434 3560 XLVI1⁰‚
1460 3489 1618 3568 quadam
1642 3488 1713 3550 dis·

378 3594 568 3673 putacione
592 3596 689 3657 circa
710 3598 917 3676 presentem
939 3596 1127 3658 materiam
1144 3597 1330 3674 premissa,
1356 3596 1548 3667 concludit,
1575 3596 1713 3657 dicens:

381 3700 630 3786 «Quapropter
662 3702 827 3781 quicquis
860 3703 1060 3783 alienigena
1093 3704 1129 3764 et
1162 3721 1234 3763 non
1259 3721 1302 3763 ex
1322 3702 1460 3763 Israhel
1497 3703 1713 3781 progenitus,

379 3826 444 3870 nec
468 3809 515 3869 ab
538 3808 600 3870 illo
621 3809 765 3889 populo,
803 3810 840 3870 in
864 3828 1036 3871 canonem
1064 3828 1250 3872 sacrarum
1278 3810 1479 3871 litterarum
1509 3812 1713 3889 acceptus²,

378 3914 507 3994 legitur
528 3915 763 3996 prophetasse
788 3918 833 3978 de
853 3915 993 3997 Xpisto‚
1018 3916 1049 3977 si
1070 3917 1108 3977 in
1131 3919 1291 3979 nostram
1314 3917 1484 3977 noticiam
1507 3916 1615 3987 venit,
1653 3917 1716 3977 aut

378 4022 526 4093 venerit,
568 4022 616 4084 ad
649 4024 828 4085 cumulum
860 4042 883 4084 a
914 4024 1019 4085 nobis
1046 4024 1318 4086 commemorari
1346 4025 1476 4102 potest.
1515 4021 1594 4084 Non
1617 4021 1715 4102 quod

379 4129 621 4192 necessarium
644 4130 701 4201 sit,
726 4131 840 4192 eciam
863 4131 894 4191 si
918 4130 1021 4203 desit,
1046 4129 1113 4192 sed
1136 4131 1221 4209 quia
1244 4149 1315 4192 non
1341 4130 1534 4210 incongrue
1556 4129 1718 4191 creditur

383 4341 596 4351 ——.

484 4570 518 4630 a)
535 4583 570 4614 =
588 4570 742 4634 receptus.

486 4759 507 4827 ¹)
524 4763 553 4816 S.
571 4764 668 4817 Pam.
694 4762 747 4815 Au
762 4763 850 4821 Rom
870 4773 899 4827 x.
919 4766 963 4817 17.

486 4857 508 4927 ’t
534 4860 669 4916 Maxime
696 4864 843 4917 contante
871 4877 930 4928 que
956 4862 988 4915 C.
1007 4861 1147 4925 salutati,
1180 4862 1259 4913 dans
1281 4876 1343 4915 nne
1361 4862 1463 4924 lettre,
1488 4862 1719 4927 Epistolartol,

380 4956 446 5018 pag.
473 4949 534 5013 304,
565 4950 724 5003 attribuait
749 4950 768 5003 t
796 4951 922 5019 Virgile.
958 4951 1043 5004 Nous
1065 4950 1196 5004 n'avons
1222 4966 1279 5018 pas
1305 4951 1355 5003 e'tt
1389 4953 1459 5018 plns
1489 4951 1628 5003 heurenx
1658 4965 1720 5017 qne

380 5036 419 5090 n.
436 5038 548 5093 Novati
564 5038 644 5093 dans
662 5039 694 5092 la
711 5039 880 5094 recherche
902 5039 942 5094 de
961 5040 1099 5109 l'origine
1118 5040 1159 5093 de
1178 5055 1215 5093 ce
1242 5041 1410 5107 proverbe.
1438 5039 1591 5092 Dominici
1616 5041 1647 5094 le
1671 5040 1720 5093 re-

380 5126 486 5192 petora
504 5129 659 5195 plusieurs
680 5128 749 5181 tois.
