4300 6117
923 877 1046 931 INDEX
1598 876 1664 929 CIX

340 1188 478 1255 CAPUT
492 1188 653 1251 XXXIV.
671 1222 712 1230 -
722 1183 907 1270 [Arguitur
923 1192 1048 1250 contra
1064 1189 1221 1268 quedam
1237 1182 1415 1270 opposita]
1430 1210 1437 1251 :
1554 1097 1661 1149 pm

430 1300 475 1360 de
499 1299 635 1360 unitate
658 1297 860 1360 intellectus
883 1297 1081 1360 secundum
1106 1296 1303 1358 Averroem
1328 1298 1440 1358 -de

433 1406 600 1484 opinione
622 1405 895 1484 platonicorum,
925 1405 1023 1484 quod
1046 1408 1209 1465 nostrum
1224 1405 1364 1465 discere
1382 1423 1440 1465 so·

430 1513 502 1574 lum
526 1513 574 1574 sit
596 1512 784 1581 reminisci,
810 1515 876 1573 etc.
901 1510 1044 1573 Deinde
1068 1514 1289 1573 monstratur
1318 1512 1436 1591 gracie

431 1619 695 1699 perfectionem,
720 1638 742 1679 a
765 1618 893 1697 Xpisto
918 1620 1063 1689 donate,
1090 1621 1243 1680 mentem
1279 1639 1301 1679 a
1333 1619 1440 1680 dictis

435 1726 617 1806 gentilium
639 1726 818 1787 veraciter
841 1718 1026 1805 separare]
1031 1769 1434 1788 ...................
1488 1722 1668 1785 278-296

338 1890 479 1958 CAPUT
500 1892 644 1956 XXXV.
671 1926 711 1934 -
733 1893 813 1955 Non
835 1894 996 1974 legerunt
1019 1895 1124 1973 plene
1141 1895 1282 1957 codices
1302 1912 1434 1965 sacros,

432 2003 646 2081 quicumque
668 2005 834 2064 asserunt
857 2002 1041 2064 doctrinas
1065 2002 1248 2081 gentilium
1271 2001 1320 2061 ad
1342 2002 1436 2063 bene

431 2109 625 2170 vivendum
648 2107 811 2170 conferre
834 2111 940 2187 prout
965 2109 1113 2169 tradunt
1136 2109 1291 2187 quedam
1307 2127 1436 2188 super·

431 2214 513 2286 flue,
539 2233 609 2296 que
631 2216 752 2277 utilius
776 2216 813 2277 iu
835 2214 979 2276 Litteris
1004 2215 1138 2276 sanctis
1161 2214 1338 2276 habentur
1487 2211 1669 2275 297-309

337 2380 480 2447 CAPUT
501 2383 663 2446 XXXVI.
688 2417 731 2425 —
756 2382 840 2445 Sola
863 2403 967 2446 sacra
991 2383 1118 2464 sophia
1143 2387 1197 2446 est
1220 2386 1345 2448 sancta
1361 2383 1437 2463 phi·

432 2491 604 2572 losophia,
628 2490 929 2553 sufficientissime
952 2491 1145 2552 humanum
1160 2503 1269 2570 genus
1286 2492 1335 2552 ad
1350 2509 1436 2570 que·

433 2601 521 2661 libet
544 2601 684 2679 agenda
706 2600 882 2660 ditectiva
905 2592 1077 2678 [Primum
1102 2600 1273 2677 quantum
1296 2599 1345 2659 ad
1368 2598 1437 2677 pri·

432 2726 528 2767 mam
551 2709 691 2785 partem
713 2704 873 2786 perfecte
896 2703 1089 2777 felicitatis,
1115 2723 1184 2784 que
1208 2704 1370 2766 consistit
1399 2707 1434 2765 in

433 2816 628 2892 integritate
650 2815 810 2892 corporis
825 2856 1436 2872 ............................
1488 2808 1670 2873 310-326

334 2979 482 3045 CAPUT
502 2980 681 3043 XXXVII.
710 3010 744 3024 ·-
773 2975 968 3066 [Quantum
990 2982 1040 3043 ad
1072 2984 1213 3061 partem
1242 2982 1439 3043 secundam

435 3090 616 3152 felicitatis
639 3089 801 3160 humane,
841 3107 909 3168 que
935 3090 1098 3150 consistit
1122 3091 1156 3149 tn
1195 3089 1354 3150 claritate
1390 3090 1442 3147 tn·

434 3198 636 3259 tellectuulis
659 3188 821 3276 luminis}
854 3214 964 3275 quum
996 3214 1101 3257 sacra
1131 3196 1257 3274 sophia
1291 3194 1434 3274 perficit

436 3306 533 3366 illam
556 3305 778 3384 superiorem
801 3305 917 3365 anime
941 3305 1147 3382 porcionem
1174 3321 1245 3382 que
1283 3303 1437 3364 nobilior

437 3416 499 3483 est,
525 3415 561 3472 et
584 3413 660 3473 sine
684 3429 756 3490 qua
780 3412 877 3472 nulla
900 3414 1020 3490 potest
1043 3428 1122 3471 esse
1142 3409 1312 3489 perfecta,
1329 3412 1439 3488 atque

436 3538 501 3599 per
523 3537 632 3598 quam
656 3519 766 3598 magis
795 3520 1127 3598 appropinquamus
1162 3516 1325 3580 felicitati
1359 3517 1440 3577 sim·

436 3626 578 3705 pliciter
601 3625 697 3688 dicte
715 3667 1438 3687 .................................
1490 3619 1669 3684 327-335

336 3782 484 3847 CAPUT
505 3783 700 3846 XXXVIII.
729 3818 769 3826 —
791 3783 1004 3847 Elucidatur
1026 3784 1182 3863 qualiter
1196 3802 1281 3864 pars
1296 3785 1438 3864 generis

442 3892 586 3954 humani
619 3910 794 3972 suprema,
831 3892 906 3953 Deo
942 3895 1098 3963 auctore,
1135 3892 1184 3952 ad
1221 3889 1439 3952 ineffabilem

438 3998 645 4062 felicitatem
669 4002 800 4070 creata,
824 4000 862 4088 in
877 4000 936 4060 via
947 3996 1170 4060 sufficienter
1186 3999 1370 4077 disposita,
1389 3998 1437 4059 ad

439 4107 534 4168 illam
558 4107 703 4168 tandem
725 4107 927 4186 pertingere
951 4106 1064 4184 possit
1080 4149 1438 4166 .................
1490 4100 1671 4164 336-348

337 4262 487 4327 CAPUT
508 4265 668 4327 XXXIX.
695 4298 735 4307 -
768 4263 936 4350 Queritur
971 4284 1018 4327 an
1052 4266 1181 4344 aliquis
1216 4264 1437 4325 ethnicorum

441 4373 547 4436 fuerit
569 4392 675 4435 verus
699 4392 856 4452 vereque
879 4373 1121 4453 philosophus,
1140 4375 1174 4433 et
1191 4390 1271 4433 cum
1287 4372 1444 4451 patuerit

442 4482 584 4542 racione
607 4483 643 4542 et
680 4482 895 4542 auctoritate
931 4480 1124 4542 multorum
1158 4497 1243 4558 pars
1281 4478 1445 4558 negativa

442 4590 605 4659 tenenda,
630 4590 758 4668 sponte
781 4589 1027 4667 argumentum
1050 4586 1207 4647 cessabit
1223 4604 1302 4647 cum
1319 4583 1444 4645 defen·

442 4697 581 4758 soribus
604 4695 678 4757 suis
692 4735 1438 4756 ..................................
1491 4686 1667 4749 349-355

219 4933 220 4958 Χ
339 4852 489 4917 CAPUT
509 4855 582 4917 XL.
607 4888 648 4897 -
672 4854 824 4917 Ethnica
848 4874 918 4916 non
942 4855 1057 4915 minus
1082 4856 1137 4913 est
1171 4852 1234 4913 illa
1267 4851 1445 4931 theologia

444 4964 608 5034 secunda,
632 4963 709 5024 veri
733 4979 897 5032 noverca,
927 4980 1035 5040 quam
1070 4960 1270 5021 naturalem
1304 4958 1443 5037 placuit

444 5088 646 5150 nuncupare
668 5070 743 5130 sive
767 5069 1034 5147 speculativam,
1058 5069 1157 5127 tante
1181 5066 1269 5128 lucis
1295 5067 1330 5126 et
1353 5064 1444 5125 veri-

444 5179 535 5251 tatis,
560 5180 599 5239 ut
622 5195 702 5238 eam
724 5180 911 5237 censerent
925 5174 1067 5254 populis
1084 5191 1156 5233 non
1171 5171 1437 5252 predicandam,
