4300 6117
823 944 1010 999 IOHANNIS
1032 944 1214 999 DOMINICI
1641 935 1706 1000 119

376 1170 533 1232 taciones
557 1171 651 1232 male
674 1171 740 1233 etc.
754 1191 768 1224 a
781 1168 801 1232 1.
840 1169 888 1232 Et
910 1170 948 1232 in
968 1171 1105 1232 visione
1127 1168 1226 1232 Petri
1259 1170 1381 1232 mandi
1405 1169 1598 1240 mandavit,
1635 1188 1705 1248 que

375 1277 491 1339 nullus
514 1276 704 1350 hominum,
729 1279 843 1340 eciam
866 1273 1003 1340 Tracus
1015 1277 1035 1351 ²,
1064 1278 1268 1350 manducat,
1290 1278 1330 1339 ut
1352 1276 1565 1356 intelligeret
1587 1277 1706 1338 ovium

375 1387 509 1463 pastor,
534 1384 632 1464 quod
655 1402 717 1447 ore
740 1385 859 1447 cordis
876 1404 947 1447 non
963 1385 1078 1447 solum
1094 1387 1246 1464 poterat,
1269 1386 1325 1445 set
1341 1383 1508 1455 debebat,
1525 1383 1706 1463 gentilium

376 1491 579 1571 contingere
603 1492 711 1554 dicta.

482 1648 685 1713 Secundam
708 1652 851 1713 demum
875 1654 1015 1732 partem
1039 1651 1200 1713 eiusdem
1229 1651 1383 1713 racionis
1406 1650 1562 1722 declaro,
1598 1668 1707 1729 quam
1720 1649 1752 1711 4.

375 1760 494 1819 tamen
518 1758 615 1821 dicta
638 1759 875 1839 precedencia
899 1758 1054 1837 quedam
1084 1761 1258 1819 exuerunt
1281 1759 1435 1820 nubibus
1460 1758 1558 1820 atris.
1601 1754 1708 1842 ‹Que

376 1883 526 1944 cumque
551 1867 664 1927 eciam
688 1867 823 1945 scripta
845 1868 937 1936 sunt,
962 1867 1054 1926 teste
1076 1863 1297 1945 Apostolo,
1321 1864 1370 1925 ad
1392 1867 1552 1927 nostram
1575 1863 1707 1926 doctri·

375 1990 457 2032 nam
480 1973 615 2052 scripta
639 1972 722 2034 sunt
736 1993 750 2025 »
763 1972 784 2033 ³.
819 1970 924 2058 Quod
945 1975 1066 2034 autem
1091 1972 1136 2033 de
1160 1971 1348 2053 scripturis
1372 1971 1547 2032 universis
1570 1971 1638 2047 hoo
1660 1971 1707 2032 sit

376 2079 519 2150 dictum,
543 2076 699 2141 ia'cilime
722 2079 774 2141 sic
798 2079 956 2141 deduco:
1186 2055 1190 2064 ’

475 2237 775 2301 Ethnicorum
819 2213 979 2302 litter'e
1025 2240 1265 2320 plurimam
1322 2238 1566 2317 utilemque
1611 2255 1706 2299 con·

374 2343 529 2407 ierunt
574 2347 813 2441 veritatem
859 2350 901 2409 et
948 2348 1183 2409 cautelam
1229 2346 1482 2418 salubrem,
1522 2346 1705 2425 quibus

374 2451 524 2513 sancti
558 2451 716 2515 Patres
756 2454 826 2515 usi
856 2451 1053 2526 fuerunt,
1092 2454 1137 2515 in
1165 2455 1309 2516 sacris
1342 2453 1587 2515 codicibus
1618 2470 1706 2513 non

374 2561 612 2620 ostensam.
660 2559 803 2640 Igitur
832 2560 988 2622 harum
1022 2579 1128 2622 usus
1163 2579 1250 2622 non
1287 2560 1414 2622 modo
1450 2576 1704 2630 concessus,

374 2665 456 2728 sed
479 2664 680 2745 profecto
705 2668 980 2748 intelligitur
1002 2668 1289 2748 impetratus.

481 2823 619 2906 Sydera
642 2846 805 2907 namque,
834 2831 873 2889 ut
896 2828 1020 2890 volunt
1044 2827 1203 2888 nonnulli
1230 2828 1342 2907 magis
1365 2827 1480 2907 periti,
1506 2830 1567 2888 aut
1590 2826 1705 2888 solum
1719 2820 1751 2883 5.

373 2932 534 2994 indicant
556 2931 694 2997 futuros
719 2937 878 3006 eventus,
905 2952 1028 2997 eorum
1052 2953 1123 2995 non
1147 2932 1360 3006 effectivam,
1395 2937 1456 2995 aut
1479 2934 1639 2995 efficiunt
1660 2934 1705 2994 si·

373 3039 445 3100 mul
471 3043 506 3101 et
529 3040 696 3119 produnt,
736 3043 776 3102 ut
798 3041 904 3102 homo
940 3044 1045 3102 natus
1083 3040 1130 3101 ad
1158 3041 1328 3113 laborem,
1363 3040 1526 3120 preditus
1550 3041 1704 3112 racione,

374 3147 430 3206 cui
453 3144 671 3209 famulantur
694 3151 780 3210 nutu
806 3148 937 3219 divino,
977 3149 1138 3228 prescius
1162 3145 1373 3219 futurorum,
1401 3148 1526 3208 salutis
1550 3165 1614 3208 sue
1651 3165 1705 3207 re·

373 3253 491 3314 media
513 3254 710 3334 prudenter
745 3256 918 3334 requirat.
958 3253 1016 3316 Sic
1040 3255 1141 3316 aiunt
1163 3273 1230 3334 per
1261 3254 1392 3335 sydera
1415 3253 1603 3316 Dominum
1630 3253 1706 3314 Noe

373 3356 482 3421 fuisse
504 3361 671 3423 locutum.
707 3361 797 3423 Nam
821 3363 890 3434 ille,
916 3362 983 3423 celi
1006 3362 1135 3422 virium
1160 3381 1231 3424 non
1247 3362 1400 3441 ignarus,
1423 3361 1607 3441 prospexit
1621 3363 1705 3421 tem-

372 3483 460 3545 pore
484 3470 573 3528 suo·
604 3486 726 3530 omnes
750 3469 914 3549 planetas
938 3469 975 3529 in
998 3466 1161 3547 Aquario
1184 3468 1409 3540 occidentali,
1439 3467 1619 3529 domicilio
1642 3464 1705 3528 Sa-

374 3574 477 3646 turni,
516 3575 864 3654 perpendiculariter
901 3576 1103 3646 convenire,
1144 3575 1270 3637 eodem
1306 3575 1512 3638 dominante
1540 3573 1704 3645 Saturno,

374 3681 472 3742 cuius
496 3681 754 3743 coniunctionis
771 3681 907 3743 influxu
923 3681 1126 3744 universale
1143 3682 1315 3743 diluvium
1340 3684 1419 3744 erat
1441 3700 1550 3761 super
1573 3683 1706 3743 terram

372 3781 566 3860 futurum,
583 3789 691 3867 quale
706 3789 848 3850 demum
863 3807 935 3850 non
950 3789 1119 3850 viderunt
1130 3787 1350 3868 Deucagiou‘
1366 3789 1402 3850 et
1417 3781 1594 3868 Ogigesss,
1611 3788 1704 3858 licet,

373 3896 411 3954 ut
430 3894 555 3956 volunt
576 3897 782 3969 astronomi,
805 3897 966 3975 ipsorum
988 3896 1111 3974 utique
1136 3896 1203 3956 sub
1228 3896 1354 3957 eadem
1378 3895 1627 3957 coniunctione
1650 3913 1706 3956 ce·

373 3999 487 4062 lorum
511 4004 672 4082 tempore
694 4004 796 4064 vario
820 4001 927 4064 fuerit
953 4021 1032 4064 cum
1056 4001 1132 4063 Noe
1142 3999 1163 4062 ⁵.
1203 4001 1305 4074 Hinc,
1330 4004 1370 4063 ut
1395 4001 1574 4075 evaderet,
1597 4003 1706 4065 fabri·

373 4108 468 4168 cavit
480 4109 679 4170 mirabilem
692 4109 839 4171 archam
854 4109 1052 4171 secundum
1068 4108 1270 4171 doctrinam
1283 4109 1440 4170 divinam
1451 4107 1472 4178 ¹⁵,
1490 4109 1575 4187 quia
1591 4109 1705 4171 omnis

374 4297 586 4308 ———.

477 4425 510 4486 u)
531 4448 559 4458 -
582 4437 647 4476 suo.
684 4424 716 4488 b)
735 4452 769 4460 ·-
788 4422 933 4478 loturum.
970 4427 1000 4488 c)
1019 4441 1052 4469 z
1072 4423 1267 4491 Elencagion.
1303 4425 1337 4487 d)
1356 4441 1390 4470 =
1408 4422 1522 4492 Ogites.

477 4569 497 4638 ¹)
516 4573 546 4626 S.
565 4573 698 4638 MATTH,
717 4574 781 4638 XV,
802 4574 845 4627 19.

478 4657 499 4727 ⁷)
517 4662 601 4716 Pour
624 4663 769 4726 Thracus,
786 4663 927 4718 habitant
946 4664 985 4717 de
1002 4665 1033 4716 la
1051 4661 1178 4718 Thtace.
1197 4664 1240 4716 Ils
1260 4664 1377 4718 etaient
1396 4664 1521 4730 reputes
1538 4677 1618 4729 ponr
1636 4663 1705 4716 lem·

371 4750 556 4816 grossierete
574 4751 614 4805 de
632 4751 691 4805 vie.

478 4834 498 4903 ³)
516 4839 546 4892 S.
565 4840 673 4903 Pauu,
691 4841 744 4894 Ad
760 4842 856 4905 Rom,
875 4841 938 4906 xv,
957 4841 984 4894 4.

476 4925 499 4993 ⁴)
517 4928 600 4982 Pour
618 4930 794 4993 Deucalion,
815 4928 954 4999 Ogygias.

477 5013 499 5081 ὁ)
523 5018 606 5071 Pour
631 5034 682 5072 ces
707 5019 935 5072 concordances
961 5020 1217 5088 chronologlques
1245 5021 1325 5074 dans
1350 5023 1398 5074 les
1416 5022 1508 5075 recita
1527 5021 1569 5075 du
1584 5021 1704 5089 de'luge,

371 5103 521 5160 Dominicl
540 5107 681 5174 s'inspire
699 5108 739 5161 de
758 5108 788 5161 S.
806 5107 895 5172 AUG,
914 5110 952 5162 de
973 5107 1058 5163 ctvu.
1079 5110 1144 5174 Det,
1159 5109 1264 5174 XVIII,
1282 5119 1347 5176 vm,
1368 5120 1410 5174 Ix,
1428 5121 1459 5163 x.

477 5191 498 5261 ⁶¹)
519 5195 627 5249 Genea.
647 5196 697 5260 Vl,
717 5197 752 5249 14
770 5212 814 5264 sq.
