4300 6117
495 978 538 1041 ⁴⁴
990 962 1150 1016 Lucum
1173 961 1313 1016 xocns

490 1206 615 1285 vigent,
653 1200 725 1257 tam
756 1188 862 1270 pauci
896 1187 1131 1259 inveniantur,
1167 1187 1295 1266 quibus
1330 1186 1380 1248 ad
1410 1187 1599 1250 scienciam
1630 1187 1817 1267 pervenire

488 1300 695 1385 contingat?
741 1294 932 1357 Sciendum
955 1294 1062 1371 quod,
1098 1294 1135 1354 in
1158 1293 1345 1371 quodlibet
1368 1293 1525 1374 negocio,
1558 1295 1630 1355 duo
1654 1297 1738 1356 sunt
1759 1313 1817 1357 ne·

486 1414 657 1483 cassatim
698 1420 787 1484 opus
811 1400 978 1462 videlicet
1012 1402 1048 1461 et
1083 1401 1181 1462 racio
1215 1400 1343 1479 operis,
1376 1419 1445 1481 que
1468 1402 1519 1462 ita
1543 1419 1702 1463 connexa
1725 1404 1815 1473 sunt,

487 1533 527 1589 ut
547 1521 703 1583 alterum
726 1510 802 1571 sine
825 1507 949 1579 altero,
974 1508 1037 1567 aut
1059 1506 1183 1568 inutile
1200 1508 1254 1580 sit,
1280 1510 1343 1569 aut
1368 1507 1483 1570 minus
1509 1507 1645 1570 efficax.
1681 1505 1817 1569 Verum

488 1643 605 1695 umen
633 1618 758 1682 melior
781 1615 844 1685 est,
869 1615 909 1674 ut
932 1613 1071 1685 dicitur,
1097 1614 1294 1693 prudencia
1310 1614 1517 1677 fortitudine
1530 1612 1551 1687 ¹,
1575 1614 1661 1693 quia
1681 1617 1718 1676 et
1732 1633 1817 1694 pon·

484 1738 573 1801 dent
597 1720 808 1805 aliqnando,
833 1738 903 1799 que
926 1738 1070 1781 movere
1093 1740 1164 1782 non
1180 1739 1367 1801 possumus
1382 1721 1527 1793 viribus,
1554 1724 1633 1783 arte
1648 1722 1816 1783 levamus.

484 1841 545 1907 Sic
581 1832 746 1899 nimirum
781 1829 836 1888 est
866 1828 902 1887 in
926 1827 1022 1887 omni
1046 1827 1175 1899 studio,
1202 1828 1263 1907 qui
1289 1828 1365 1889 sine
1388 1828 1514 1889 ordine
1538 1830 1574 1889 et
1596 1827 1817 1890 discrecione

483 1943 665 2029 quatur.
694 1936 838 1997 laborat
859 1933 1013 2012 quidem,
1050 1934 1115 1995 sed
1139 1953 1209 1995 non
1232 1936 1385 2014 prolicit,
1410 1937 1446 1996 et
1469 1935 1572 2013 quasi
1596 1952 1717 1996 aerem
1739 1953 1817 1995 ver·

485 2054 624 2119 becuns,
651 2042 745 2104 vires
769 2040 806 2101 in
829 2042 975 2101 ventum
998 2040 1125 2102 fundit.
1161 2041 1292 2122 Aspice
1308 2041 1398 2103 duos
1410 2042 1548 2122 pariter
1561 2042 1687 2103 silvam
1703 2044 1817 2102 trans·

483 2159 617 2225 euntes.
657 2152 694 2211 et
721 2147 815 2208 hunc
846 2147 991 2225 quidem
1020 2166 1086 2226 per
1109 2148 1215 2209 devia
1237 2149 1470 2221 laborantem,
1495 2149 1594 2209 illum
1617 2166 1703 2209 vero
1728 2148 1817 2209 recti

482 2259 617 2329 illuseris
664 2252 877 2332 compendia
912 2254 1106 2334 eligentem,
1140 2257 1221 2334 pari
1255 2257 1353 2318 motu
1389 2274 1531 2318 cursum
1558 2253 1718 2327 tendunt,
1753 2253 1818 2315 sed

485 2388 554 2435 „021
578 2381 669 2445 eque
694 2362 766 2424 cito
793 2362 1014 2440 perveniunt.
1062 2361 1157 2446 Quid
1180 2365 1300 2424 autem
1325 2361 1546 2443 Scripturam
1576 2362 1726 2423 dixerim
1750 2362 1817 2422 nisi

482 2476 616 2542 situum,
658 2468 758 2531 cuius
794 2468 1004 2539 sentencias,
1035 2470 1139 2546 quasi
1162 2470 1298 2532 tructus
1323 2468 1498 2549 quosdam
1522 2468 1746 2530 dulcissimos
1770 2468 1816 2529 le·

480 2578 596 2666 quincto
621 2575 815 2655 carpimus,
840 2574 1030 2636 tractando
1054 2575 1297 2637 ruminamus?
1336 2574 1404 2660 Qui
1428 2588 1512 2656 ergo
1534 2576 1571 2635 in
1585 2577 1686 2636 tanta
1702 2574 1816 2635 multi·

482 2687 603 2755 tudine
629 2683 806 2744 librorum
831 2679 993 2742 discendi
1016 2700 1059 2742 ac
1082 2682 1223 2762 legendi
1247 2682 1409 2744 ordinem
1433 2701 1504 2743 non
1529 2682 1692 2752 custodit,
1715 2680 1816 2760 quasi

481 2795 517 2858 iu
541 2791 721 2856 densitate
748 2787 861 2849 saltus
886 2789 1068 2861 oberrans,
1102 2790 1281 2851 tramitem
1313 2790 1402 2851 recti
1437 2789 1573 2850 itineris
1601 2787 1735 2868 perdit;
1771 2789 1814 2859 et,

483 2903 519 2966 ut
549 2897 691 2967 dicitur,
731 2911 874 2973 semper
904 2893 1083 2956 discentes
1119 2898 1155 2957 et
1184 2915 1366 2975 nunquam
1401 2895 1449 2957 ad
1481 2895 1670 2957 scienciam
1692 2912 1816 2974 perve-

480 3008 617 3071 nientes
633 3002 654 3064 ².
708 2998 802 3062 Hinc
825 3019 891 3080 pro
916 3003 1142 3064 conclusione
1166 3004 1229 3075 sui,
1260 3004 1380 3065 verbis
1411 3005 1494 3064 utor
1516 3002 1674 3063 eiusdem
1698 3000 1815 3064 dicen·

483 3114 543 3179 tis:
573 3109 829 3195 «Quicumque
851 3106 900 3169 ad
915 3108 1106 3170 scienciam
1128 3110 1330 3190 pertingere
1347 3110 1453 3188 cupit,
1478 3108 1509 3171 si
1525 3108 1650 3170 relicta
1665 3108 1816 3169 veritate

479 3219 625 3288 urcium,
663 3214 812 3293 reliquis
836 3232 876 3275 se
898 3215 1083 3294 implicare
1106 3216 1268 3288 voluerit,
1293 3216 1480 3277 materiam
1503 3215 1647 3285 laboris,
1684 3216 1815 3275 utnon

481 3326 600 3391 dicam
629 3321 817 3402 infinitam,
854 3321 1042 3400 plurimam
1072 3323 1229 3384 inveniet
1259 3325 1295 3384 et
1325 3324 1479 3384 fructum
1505 3323 1676 3402 exiguum.
1724 3320 1815 3405 Qua·

481 3434 632 3515 propter
648 3427 734 3488 mihi
750 3427 894 3490 videtur
907 3446 1055 3506 operam
1071 3429 1229 3490 dandam
1245 3448 1323 3491 esse
1339 3430 1486 3501 artibus,
1508 3429 1569 3490 ubi
1585 3428 1816 3490 fundamenta

482 3542 564 3603 sunt
603 3534 759 3597 omnium
794 3536 830 3595 et
867 3553 968 3614 pura,
1003 3536 1226 3615 simplexque
1260 3537 1393 3598 veritas
1429 3536 1599 3614 aperitur.
1645 3534 1693 3596 Et
1731 3535 1814 3595 ideo

482 3646 605 3711 errant
628 3643 699 3721 qui,
740 3641 874 3702 relictis
898 3642 1045 3712 artibus,
1076 3642 1253 3721 quasdam
1277 3644 1449 3704 sciencias
1474 3643 1615 3722 eligunt,
1647 3659 1686 3703 se
1710 3658 1815 3721 posse

482 3752 561 3816 lieri
585 3750 767 3831 perlectos
791 3750 960 3827 putant».
1006 3747 1084 3811 Hec
1108 3748 1212 3829 Hugo
1226 3747 1247 3811 ³.

434 3856 464 3921 6.
595 3856 675 3918 Hac
710 3856 770 3916 via
815 3855 1036 3933 questionem
1076 3855 1275 3936 subjectam
1329 3856 1561 3918 disertissime
1602 3854 1816 3917 determinat

481 3964 710 4045 Augustinus,
735 3962 797 4023 ubi
821 3962 974 4023 facunde
997 3965 1130 4025 tractat
1155 3961 1214 4024 De
1237 3962 1442 4025 Doctrina
1464 3961 1699 4042 Xpistiana,
1724 3961 1815 4023 libro

481 4072 616 4153 quippe
639 4068 808 4140 secundo,
833 4069 908 4129 lere
930 4069 980 4129 nil
1003 4068 1103 4130 aliud
1127 4070 1209 4149 agit,
1241 4070 1317 4141 nisi,
1351 4070 1545 4130 numeratis
1572 4069 1719 4141 artibus,
1756 4067 1815 4129 de·

480 4180 682 4242 monstrare
730 4175 836 4254 quod,
876 4176 963 4255 ipsis
999 4176 1180 4255 ignoratis,
1217 4176 1265 4237 ad
1299 4177 1453 4256 peritum
1491 4174 1648 4237 studium
1684 4174 1815 4255 Pagine

481 4303 583 4349 sacre
607 4284 671 4344 aut
693 4300 884 4361 nunquam,
909 4285 972 4343 aut
994 4301 1088 4354 raro,
1117 4283 1288 4363 contingit
1309 4283 1513 4362 quempiam
1529 4281 1705 4343 hominem
1737 4299 1814 4361 per·

480 4392 602 4455 venire
613 4388 635 4450 ⁴.
683 4387 773 4449 Sunt
796 4389 888 4450 enim
910 4390 1045 4468 previa,
1070 4391 1107 4451 et
1133 4390 1237 4469 quasi
1259 4392 1474 4470 precurrunt
1489 4389 1618 4450 ancille
1636 4388 1815 4450 dominam

480 4602 694 4617 ‘—

587 4772 608 4839 ¹)
627 4774 731 4826 Eooie.
749 4773 799 4837 1X,
819 4773 862 4826 1⁶.

587 4860 655 4927 ²)ss
672 4863 715 4913 ud
736 4861 858 4914 Timoth.
877 4862 928 4927 ΙΙΙ,
946 4865 971 4915 7.

589 4950 709 5016 ³)HUG.
728 4967 746 5003 a
765 4952 896 5005 S.V1cT.
921 4953 1041 5004 Erudit.
1066 4953 1182 5004 didasc.
1201 4952 1236 5014 V,
1257 4961 1288 5003 V.
1329 4950 1409 5020 Quid
1432 4953 1566 5005 studium
1592 4952 1745 5019 impediat.
1780 4950 1816 5003 In

482 5042 572 5109 Oper.
591 5041 628 5102 11,
648 5040 711 5094 793.
731 5041 802 5094 Var.

586 5128 608 5197 ⁴)
628 5130 657 5183 S.
675 5131 757 5184 Auo.
795 5132 843 5184 De
862 5132 1010 5184 Doctrina
1029 5131 1133 5183 christ.
1152 5130 1187 5193 ΙΙ,
1214 5132 1333 5182 surtout
1359 5140 1401 5193 x1,
1421 5138 1484 5193 xw,
1504 5138 1568 5193 xvl,
1594 5138 1679 5193 xvm,
1707 5138 1815 5193 xxvm,

481 5230 557 5283 xxx,
575 5228 657 5271 xxx1
676 5222 734 5272 etc.
