4300 6117
838 964 1026 1020 munums
1048 965 1231 1019 nonnum
1635 953 1701 1017 303

360 1189 609 1269 promissionis
632 1188 777 1259 intrare,
801 1190 863 1267 qui
887 1188 1073 1251 ambulans
1098 1189 1135 1249 in
1163 1189 1314 1250 circuitu
1348 1206 1429 1249 cum
1462 1188 1579 1267 impiis
1614 1206 1701 1267 qua·

359 1296 566 1376 dragesimo
590 1315 685 1357 anno
709 1314 751 1358 ex
775 1299 877 1358 tanta
899 1296 1127 1357 multitudine
1150 1294 1290 1375 precise
1313 1295 1362 1356 ad
1384 1295 1483 1356 illam
1510 1296 1701 1357 iocundam

365 1406 401 1463 et
439 1406 600 1483 optatam
639 1403 794 1482 patriam
832 1403 923 1464 duos
959 1403 1167 1465 transmisit.
1213 1401 1277 1476 Et,
1314 1404 1354 1463 ut
1391 1403 1543 1481 exempli
1580 1403 1701 1483 gracia

360 1510 502 1589 loquar,
534 1510 622 1588 quid
646 1510 695 1572 ad
717 1510 909 1572 scienciam
930 1510 1095 1572 veritatis
1118 1512 1260 1588 spectat
1283 1509 1438 1571 vidende
1470 1509 1589 1589 legere
1615 1528 1701 1589 qua·

364 1619 447 1678 tuor
480 1617 577 1677 milia
611 1617 785 1678 librorum
825 1635 916 1696 quos
953 1615 1170 1679 Didimus
1204 1616 1419 1697 gramaticus
1463 1617 1617 1695 scripsit,
1655 1617 1700 1678 de

364 1722 512 1785 Homeri
547 1724 666 1803 patria
700 1726 736 1786 et
760 1722 858 1786 Enee
893 1727 1009 1786 matre
1044 1724 1170 1803 pocius
1206 1724 1345 1785 curiose
1379 1741 1487 1803 quam
1516 1722 1699 1786 fructuose

365 1832 562 1911 requirens,
609 1829 884 1893 Helinando
920 1831 1015 1892 lib⁰
1051 1829 1098 1892 3⁰
1132 1830 1252 1892 teste?

475 1937 587 2018 Igitur
610 1939 738 2001 ceteris
762 1938 865 2000 huius
889 1937 1003 2019 figure
1026 1938 1196 2009 articulis,
1220 1941 1261 2000 ut
1295 1937 1490 2017 aliquando
1513 1939 1697 2000 veniamus
1713 1935 1764 1997 11.

363 2045 412 2106 ad
435 2046 552 2119 finem,
577 2045 703 2106 lectori
726 2045 895 2124 prudenti
917 2045 1146 2125 speculandis
1171 2045 1315 2117 relictis,
1339 2045 1478 2124 liquido
1500 2048 1601 2123 patet
1618 2064 1698 2107 cum

358 2152 600 2233 phylosophia
624 2152 735 2214 seculi
758 2172 829 2213 non
854 2152 1138 2215 contrahendum
1154 2152 1386 2224 consorcium,
1404 2152 1468 2214 sed
1490 2153 1605 2213 solum
1618 2171 1698 2215 cum

363 2260 543 2339 aliquibus
554 2261 703 2322 artubus
717 2260 802 2330 eius,
816 2260 846 2321 si
858 2279 881 2321 a
894 2263 1014 2329 cetero
1030 2278 1183 2339 corpore
1192 2257 1377 2321 mortifero
1387 2258 1519 2321 fuerint
1529 2262 1698 2340 separati,

364 2384 453 2445 quos
478 2386 550 2428 non
574 2366 700 2429 dubito
723 2369 807 2429 tunc
827 2366 1100 2448 phylosophiam
1117 2366 1302 2447 appellare
1314 2367 1472 2429 divinam
1489 2370 1525 2429 et
1544 2367 1592 2429 ad
1608 2368 1700 2429 bene

363 2474 555 2535 vivendum
586 2474 769 2552 prodesse.
817 2473 876 2535 Sic
900 2475 991 2545 volo,
1028 2492 1073 2535 ne
1107 2474 1166 2535 hic
1189 2476 1289 2535 tuum
1326 2486 1449 2554 negem
1482 2473 1700 2555 Cyceronem

358 2579 537 2660 glausare,
562 2580 730 2642 laudibus
754 2581 976 2642 attollentem
1000 2584 1138 2661 poetas,
1164 2580 1250 2642 alibi
1281 2582 1375 2642 enim
1398 2581 1435 2642 in
1457 2581 1537 2643 illos
1567 2582 1701 2644 invexit

364 2689 401 2748 et
424 2688 531 2748 dente
553 2687 727 2749 laceravit
750 2688 888 2749 canino.
913 2687 972 2749 Ad
1008 2689 1107 2749 cuius
1149 2687 1371 2748 evidencfam
1405 2686 1701 2750 Policratici

363 2793 447 2855 lib.
472 2792 588 2863 VII0,
615 2812 692 2873 cap.
716 2803 823 2866 V11110,
853 2796 964 2856 verba
989 2796 1159 2875 registro:
1198 2793 1373 2865 ‹Poetas,
1398 2795 1597 2868 historicos,
1621 2814 1700 2857 ora·

320 2942 326 2955 .
364 2903 469 2970 tores,
494 2900 845 2979 mathematicosque,
872 2902 952 2980 quis
966 2902 1125 2982 ambigat
1146 2920 1226 2963 esse
1247 2902 1426 2981 legendos,
1443 2903 1595 2964 maxime
1620 2920 1700 2963 cum

363 3008 439 3068 sine
463 3006 533 3069 hiis
556 3008 625 3067 viri
649 3025 728 3069 esse
751 3012 940 3087 nequeant,
965 3008 1023 3069 vel
1051 3027 1122 3069 non
1148 3008 1287 3070 soleant
1317 3008 1476 3070 litterati.
1512 3008 1581 3094 Qui
1607 3010 1700 3070 enim

363 3114 512 3175 istorum
544 3117 628 3176 sunt
661 3115 773 3176 nescii
807 3116 968 3177 illiterati
1003 3116 1187 3186 dicuntur,
1225 3119 1262 3177 et
1291 3117 1321 3177 si
1351 3116 1515 3177 noverint
1548 3116 1698 3187 litteras,

365 3240 445 3282 cum
469 3224 589 3283 tamen
613 3222 716 3300 quasi
741 3222 777 3282 in
802 3223 856 3283 ius
882 3240 984 3283 suum
1008 3223 1209 3293 vendicant,
1247 3223 1413 3294 animum,
1444 3225 1480 3284 et
1502 3224 1533 3285 si
1555 3223 1700 3302 pollice·

363 3330 471 3389 antur
506 3328 675 3390 noticiam
709 3347 839 3401 rerum,
876 3330 1019 3391 virtutis
1055 3332 1175 3391 tamen
1206 3329 1386 3391 dedocent
1419 3333 1456 3392 et
1488 3315 1701 3392 submovent

363 3435 505 3496 cultum.
548 3466 585 3475 -
629 3434 731 3497 Unde
771 3435 980 3527 Cycero,
1022 3454 1103 3497 cum
1139 3436 1185 3498 de
1223 3436 1340 3515 poetis
1375 3439 1505 3516 ageret,
1545 3440 1585 3497 ut
1621 3436 1700 3498 dili·

362 3542 505 3622 gencius
530 3542 707 3613 audiatur,
726 3544 921 3605 exclamat:
947 3542 1122 3605 «Clamor
1145 3546 1181 3605 et
1203 3544 1425 3623 approbacio
1446 3543 1580 3623 populi,
1597 3544 1701 3623 quasi

362 3650 479 3729 magni
514 3652 551 3711 et
590 3650 776 3712 cuiusdam
811 3651 983 3729 sapientis
1020 3650 1191 3731 magistri,
1232 3653 1268 3712 et
1305 3651 1366 3729 qui
1405 3669 1486 3712 cum
1524 3668 1700 3712 commen·

362 3756 514 3817 dacione
537 3755 695 3818 sufficiat
717 3757 848 3835 plausu
870 3776 944 3830 suo,
971 3775 1061 3836 quos
1085 3758 1161 3818 vult
1195 3756 1283 3819 facit
1316 3759 1526 3819 autenticos.
1563 3757 1611 3818 At
1638 3758 1698 3830 illi,

363 3864 423 3941 qui
447 3864 556 3925 tantis
579 3863 747 3925 laudibus
772 3862 979 3935 efferuntur,
1006 3867 1160 3943 quantas
1184 3864 1369 3926 abducunt
1393 3865 1577 3926 tenebras!
1602 3863 1699 3949 Quos

357 3969 532 4032 invehunt
547 3970 681 4032 metus!
706 3969 805 4055 Quos
822 3971 1047 4032 inflammant
1069 3971 1303 4050 cupiditates!
1326 3969 1388 4031 Hii
1411 3974 1538 4050 stupra
1562 3970 1699 4032 adulte·

362 4077 486 4155 riaque
521 4078 722 4149 conciliant,
756 4078 877 4139 varias
920 4078 1018 4159 ydoli
1055 4081 1227 4157 reparant
1260 4080 1367 4149 artes,
1401 4077 1507 4149 furta,
1541 4079 1697 4158 rapinas,

361 4184 528 4245 incendia
551 4184 690 4256 docent,
717 4202 787 4263 que
810 4188 904 4258 sunt,
927 4187 990 4246 aut
1014 4186 1168 4257 fuerunt,
1205 4204 1324 4266 ymmo
1349 4203 1419 4264 que
1440 4186 1525 4265 fingi
1548 4190 1699 4264 possunt

360 4290 535 4352 malorum
567 4292 730 4370 exempla
760 4294 964 4371 proponunt
995 4291 1107 4354 oculis
1132 4291 1368 4353 multitudinis
1400 4293 1573 4371 imperite.
1621 4290 1697 4376 Que

361 4397 527 4458 incendia
551 4397 618 4459 celi
646 4399 825 4471 succendi,
860 4402 923 4460 aut
957 4400 1066 4459 maris
1090 4398 1291 4470 inundacio,
1332 4402 1394 4460 aut
1418 4402 1514 4461 terre
1531 4389 1545 4481 ll
1568 4398 1697 4479 hyatus
1759 4435 1763 4443 =

360 4506 480 4566 tantas
496 4505 581 4565 fecit
596 4505 811 4584 populorum
826 4508 972 4586 strages,
987 4508 1141 4585 quantas
1158 4506 1217 4567 isti
1233 4503 1370 4567 faciunt
1384 4524 1522 4568 morum
1535 4506 1575 4566 >l
1595 4538 1633 4545 —
1651 4504 1699 4568 Et

361 4615 490 4681 cetera,
524 4630 594 4689 que
617 4612 705 4673 dicit
727 4612 861 4673 ibidem
878 4612 898 4685 ¹,
923 4614 1157 4674 manifestans
1181 4615 1307 4692 poetas
1330 4632 1401 4674 non
1424 4612 1607 4692 prodesse,
1632 4614 1698 4674 sed

357 4719 454 4779 'bone
477 4719 550 4779 vite
574 4719 723 4780 multum
746 4722 882 4781 obesse.

364 4862 576 4869 ψ...-

467 4934 488 5000 ¹)
507 4936 589 4989 anu
607 4946 650 4989 nn
669 4938 856 4991 sniisnuur.
874 4938 1025 5004 Polycrat.
1045 4938 1108 5000 vll,
1121 4948 1163 4989 1x.
1176 4938 1258 4990 Edit.
1278 4938 1371 5002 Giles,
1383 4938 1450 4990 Vol.
1463 4938 1512 5001 IV,
1526 4953 1556 5005 p.
1571 4938 1697 4991 112·113.

358 5023 485 5089 Oxford,
506 5026 584 5079 1848.
603 5026 684 5079 C'est
703 5026 781 5079 dans
801 5042 836 5080 ce
855 5036 988 5095 passage
1005 5042 1066 5094 que
1085 5043 1119 5080 se
1138 5029 1249 5080 trouve
1268 5028 1353 5079 aussi
1365 5028 1396 5079 le
1410 5028 1494 5079 texte
1508 5028 1548 5079 de
1558 5026 1697 5091 Ciceron,

357 5114 403 5167 De
420 5116 538 5181 Repub.
558 5116 609 5167 lib.
628 5116 677 5180 IV,
697 5131 762 5183 cap.
782 5126 823 5167 lx.
843 5116 891 5167 Ed
913 5116 982 5179 Mai,
995 5132 1024 5183 p.
1040 5115 1084 5169 94.
1103 5117 1147 5168 Le
1166 5118 1277 5169 savant
1297 5117 1437 5169 cardinal
1455 5131 1474 5169 a
1493 5116 1623 5169 restitue
1639 5131 1698 5169 son

358 5204 450 5267 texte,
476 5218 516 5256 en
534 5218 569 5255 se
587 5206 715 5257 servant
733 5205 776 5257 du
793 5203 947 5272 fragment
973 5206 1124 5257 conserve
1143 5207 1222 5258 dans
1241 5207 1271 5257 la
1293 5202 1356 5258 crte'
1375 5207 1413 5258 de
1430 5207 1517 5270 Dieu,
1536 5206 1572 5268 ΙΙ,
1591 5215 1647 5257 xlv
1666 5208 1697 5258 et

357 5293 563 5358 precise'ment
581 5294 659 5346 dans
678 5293 756 5347 Jean
775 5295 815 5346 de
834 5293 1006 5363 Salisbury‚
1025 5294 1176 5360 Polycrat.
1198 5295 1321 5356 VII,1x.
