<?xml version="1.0" encoding="UTF-8"?>
<!DOCTYPE html PUBLIC "-//W3C//DTD XHTML 1.0 Transitional//EN"
    "http://www.w3.org/TR/xhtml1/DTD/xhtml1-transitional.dtd">
<html xmlns="http://www.w3.org/1999/xhtml" xml:lang="en" lang="en">
 <head>
  <title>
</title>
<meta http-equiv="Content-Type" content="text/html;charset=utf-8" />
  <meta name='ocr-system' content='tesseract 3.04.00' />
  <meta name='ocr-capabilities' content='ocr_page ocr_carea ocr_par ocr_line ocrx_word'/>
</head>
<body>
  <div class='ocr_page' id='page_1' title='image "./luculanoctis00domigoog_0338.png"; bbox 0 0 4300 6117; ppageno 0'>
   <div class='ocr_carea' id='block_1_1' title="bbox 428 836 1255 917">
    <p class='ocr_par' dir='ltr' id='par_1_1' title="bbox 428 836 1255 917">
     <span class='ocr_line' id='line_1_1' title="bbox 428 836 1255 917; baseline 0.004 -20"><span class='ocrx_word' id='word_1_1' title='bbox 428 836 494 898; x_wconf 83' lang='lat'><strong>214</strong></span> <span class='ocrx_word' id='word_1_2' title='bbox 889 910 894 917; x_wconf 44' lang='grc'><strong><em>,</em></strong></span> <span class='ocrx_word' id='word_1_3' title='bbox 929 846 1088 901; x_wconf 76' lang='lat' dir='ltr'><strong>Lucum</strong></span> <span class='ocrx_word' id='word_1_4' title='bbox 1109 844 1255 901; x_wconf 78' lang='lat' dir='ltr'><strong>uocns</strong></span> 
     </span>
    </p>
   </div>
   <div class='ocr_carea' id='block_1_2' title="bbox 381 1067 1775 3183">
    <p class='ocr_par' dir='ltr' id='par_1_2' title="bbox 381 1067 1775 3183">
     <span class='ocr_line' id='line_1_2' title="bbox 381 1067 1763 1150; baseline -0.001 -17"><span class='ocrx_word' id='word_1_5' title='bbox 381 1068 412 1133; x_wconf 80' lang='lat'><strong>7.</strong></span> <span class='ocrx_word' id='word_1_6' title='bbox 533 1067 701 1131; x_wconf 85' lang='lat' dir='ltr'><strong>Amorem</strong></span> <span class='ocrx_word' id='word_1_7' title='bbox 720 1070 868 1148; x_wconf 84' lang='lat' dir='ltr'><strong>insuper</strong></span> <span class='ocrx_word' id='word_1_8' title='bbox 889 1069 945 1130; x_wconf 91' lang='lat' dir='ltr'><strong>sui</strong></span> <span class='ocrx_word' id='word_1_9' title='bbox 969 1072 1005 1130; x_wconf 90' lang='lat' dir='ltr'><strong>et</strong></span> <span class='ocrx_word' id='word_1_10' title='bbox 1027 1070 1272 1131; x_wconf 81' lang='lat' dir='ltr'><strong>reverenciam</strong></span> <span class='ocrx_word' id='word_1_11' title='bbox 1296 1070 1490 1149; x_wconf 90' lang='lat' dir='ltr'><strong>quamdam</strong></span> <span class='ocrx_word' id='word_1_12' title='bbox 1513 1071 1668 1150; x_wconf 92' lang='lat' dir='ltr'><strong>quisque</strong></span> <span class='ocrx_word' id='word_1_13' title='bbox 1689 1089 1763 1132; x_wconf 88' lang='lat' dir='ltr'><strong>ma·</strong></span> 
     </span>
     <span class='ocr_line' id='line_1_3' title="bbox 425 1174 1766 1257; baseline 0.002 -21"><span class='ocrx_word' id='word_1_14' title='bbox 425 1176 534 1256; x_wconf 85' lang='lat' dir='ltr'><strong>gister</strong></span> <span class='ocrx_word' id='word_1_15' title='bbox 557 1176 741 1254; x_wconf 85' lang='lat' dir='ltr'>discipulis</span> <span class='ocrx_word' id='word_1_16' title='bbox 765 1195 845 1237; x_wconf 88' lang='lat' dir='ltr'><strong>cum</strong></span> <span class='ocrx_word' id='word_1_17' title='bbox 868 1176 997 1237; x_wconf 90' lang='lat' dir='ltr'><strong>litteris</strong></span> <span class='ocrx_word' id='word_1_18' title='bbox 1021 1176 1144 1238; x_wconf 83' lang='lat' dir='ltr'><strong>tradit.</strong></span> <span class='ocrx_word' id='word_1_19' title='bbox 1181 1174 1285 1238; x_wconf 89' lang='lat' dir='ltr'><strong>Unde</strong></span> <span class='ocrx_word' id='word_1_20' title='bbox 1307 1178 1358 1249; x_wconf 79' lang='lat' dir='ltr'><strong>iit,</strong></span> <span class='ocrx_word' id='word_1_21' title='bbox 1393 1179 1491 1239; x_wconf 91' lang='lat' dir='ltr'><strong>certo</strong></span> <span class='ocrx_word' id='word_1_22' title='bbox 1522 1179 1766 1257; x_wconf 85' lang='lat' dir='ltr'><strong>experimento</strong></span> 
     </span>
     <span class='ocr_line' id='line_1_4' title="bbox 426 1282 1760 1362; baseline 0.001 -17"><span class='ocrx_word' id='word_1_23' title='bbox 426 1282 611 1355; x_wconf 90' lang='lat' dir='ltr'><strong>clamante,</strong></span> <span class='ocrx_word' id='word_1_24' title='bbox 636 1283 734 1362; x_wconf 89' lang='lat' dir='ltr'><strong>quod</strong></span> <span class='ocrx_word' id='word_1_25' title='bbox 768 1283 932 1362; x_wconf 89' lang='lat' dir='ltr'><strong>quamvis</strong></span> <span class='ocrx_word' id='word_1_26' title='bbox 964 1283 1041 1361; x_wconf 90' lang='lat' dir='ltr'><strong>ipse</strong></span> <span class='ocrx_word' id='word_1_27' title='bbox 1076 1283 1205 1345; x_wconf 93' lang='lat' dir='ltr'><strong>doctor</strong></span> <span class='ocrx_word' id='word_1_28' title='bbox 1227 1284 1341 1356; x_wconf 89' lang='lat' dir='ltr'><strong>minis,</strong></span> <span class='ocrx_word' id='word_1_29' title='bbox 1366 1285 1575 1356; x_wconf 89' lang='lat' dir='ltr'><strong>terroribus,</strong></span> <span class='ocrx_word' id='word_1_30' title='bbox 1599 1286 1760 1355; x_wconf 91' lang='lat' dir='ltr'><strong>verbere,</strong></span> 
     </span>
     <span class='ocr_line' id='line_1_5' title="bbox 426 1389 1762 1470; baseline 0 -19"><span class='ocrx_word' id='word_1_31' title='bbox 426 1390 647 1451; x_wconf 90' lang='lat' dir='ltr'><strong>contumeliis</strong></span> <span class='ocrx_word' id='word_1_32' title='bbox 670 1393 707 1451; x_wconf 86' lang='lat' dir='ltr'><strong>et</strong></span> <span class='ocrx_word' id='word_1_33' title='bbox 728 1390 824 1451; x_wconf 90' lang='lat' dir='ltr'><strong>mille</strong></span> <span class='ocrx_word' id='word_1_34' title='bbox 847 1389 924 1462; x_wconf 90' lang='lat' dir='ltr'><strong>viis,</strong></span> <span class='ocrx_word' id='word_1_35' title='bbox 949 1391 1144 1469; x_wconf 85' lang='lat' dir='ltr'><strong>superbam</strong></span> <span class='ocrx_word' id='word_1_36' title='bbox 1168 1390 1425 1470; x_wconf 87' lang='lat' dir='ltr'><strong>discipulorum</strong></span> <span class='ocrx_word' id='word_1_37' title='bbox 1446 1394 1613 1452; x_wconf 87' lang='lat' dir='ltr'><strong>naturam</strong></span> <span class='ocrx_word' id='word_1_38' title='bbox 1643 1392 1762 1453; x_wconf 91' lang='lat' dir='ltr'><strong>subiu-</strong></span> 
     </span>
     <span class='ocr_line' id='line_1_6' title="bbox 425 1497 1766 1578; baseline 0.002 -22"><span class='ocrx_word' id='word_1_39' title='bbox 425 1508 509 1577; x_wconf 87' lang='lat' dir='ltr'><strong>gare</strong></span> <span class='ocrx_word' id='word_1_40' title='bbox 532 1500 689 1569; x_wconf 90' lang='lat' dir='ltr'><strong>conetur,</strong></span> <span class='ocrx_word' id='word_1_41' title='bbox 715 1497 828 1558; x_wconf 90' lang='lat' dir='ltr'><strong>eciam</strong></span> <span class='ocrx_word' id='word_1_42' title='bbox 852 1497 1075 1567; x_wconf 85' lang='lat' dir='ltr'><strong>renitentem,</strong></span> <span class='ocrx_word' id='word_1_43' title='bbox 1093 1497 1173 1576; x_wconf 87' lang='lat' dir='ltr'><strong>ipsa</strong></span> <span class='ocrx_word' id='word_1_44' title='bbox 1196 1497 1341 1560; x_wconf 90' lang='lat' dir='ltr'><strong>dilectio</strong></span> <span class='ocrx_word' id='word_1_45' title='bbox 1359 1500 1527 1578; x_wconf 77' lang='lat' dir='ltr'><strong>captata⁸</strong></span> <span class='ocrx_word' id='word_1_46' title='bbox 1542 1517 1623 1560; x_wconf 87' lang='lat' dir='ltr'><strong>cum</strong></span> <span class='ocrx_word' id='word_1_47' title='bbox 1634 1498 1766 1560; x_wconf 87' lang='lat' dir='ltr'><strong>litteris</strong></span> 
     </span>
     <span class='ocr_line' id='line_1_7' title="bbox 424 1602 1765 1687; baseline 0 -20"><span class='ocrx_word' id='word_1_48' title='bbox 424 1607 633 1687; x_wconf 91' lang='lat' dir='ltr'><strong>perseveret</strong></span> <span class='ocrx_word' id='word_1_49' title='bbox 654 1604 692 1664; x_wconf 91' lang='lat' dir='ltr'><strong>in</strong></span> <span class='ocrx_word' id='word_1_50' title='bbox 715 1621 805 1666; x_wconf 88' lang='lat' dir='ltr'><strong>eum.</strong></span> <span class='ocrx_word' id='word_1_51' title='bbox 830 1602 889 1665; x_wconf 89' lang='lat' dir='ltr'><strong>Ad</strong></span> <span class='ocrx_word' id='word_1_52' title='bbox 904 1603 996 1665; x_wconf 92' lang='lat' dir='ltr'><strong>hanc</strong></span> <span class='ocrx_word' id='word_1_53' title='bbox 1009 1604 1272 1665; x_wconf 88' lang='lat' dir='ltr'><strong>conclusionem</strong></span> <span class='ocrx_word' id='word_1_54' title='bbox 1289 1606 1342 1667; x_wconf 90' lang='lat' dir='ltr'><strong>tot</strong></span> <span class='ocrx_word' id='word_1_55' title='bbox 1357 1605 1521 1684; x_wconf 88' lang='lat' dir='ltr'><strong>exempla</strong></span> <span class='ocrx_word' id='word_1_56' title='bbox 1538 1608 1765 1676; x_wconf 88' lang='lat' dir='ltr'><strong>concurrunt,</strong></span> 
     </span>
     <span class='ocr_line' id='line_1_8' title="bbox 425 1710 1765 1791; baseline -0.002 -16"><span class='ocrx_word' id='word_1_57' title='bbox 425 1717 474 1785; x_wconf 89' lang='lat' dir='ltr'><strong>ut,</strong></span> <span class='ocrx_word' id='word_1_58' title='bbox 499 1730 631 1791; x_wconf 89' lang='lat' dir='ltr'><strong>anceps</strong></span> <span class='ocrx_word' id='word_1_59' title='bbox 656 1729 726 1790; x_wconf 89' lang='lat' dir='ltr'><strong>que</strong></span> <span class='ocrx_word' id='word_1_60' title='bbox 748 1711 889 1772; x_wconf 92' lang='lat' dir='ltr'><strong>illorum</strong></span> <span class='ocrx_word' id='word_1_61' title='bbox 914 1728 1123 1789; x_wconf 90' lang='lat' dir='ltr'><strong>proponam,</strong></span> <span class='ocrx_word' id='word_1_62' title='bbox 1150 1713 1278 1772; x_wconf 89' lang='lat' dir='ltr'><strong>cuncta</strong></span> <span class='ocrx_word' id='word_1_63' title='bbox 1301 1712 1402 1773; x_wconf 92' lang='lat' dir='ltr'><strong>abire</strong></span> <span class='ocrx_word' id='word_1_64' title='bbox 1426 1713 1640 1791; x_wconf 82' lang='lat' dir='ltr'><strong>permittam.</strong></span> <span class='ocrx_word' id='word_1_65' title='bbox 1664 1748 1704 1757; x_wconf 89' lang='lat'><em>-</em></span> <span class='ocrx_word' id='word_1_66' title='bbox 1725 1710 1765 1773; x_wconf 88' lang='lat' dir='ltr'><strong>Si</strong></span> 
     </span>
     <span class='ocr_line' id='line_1_9' title="bbox 425 1817 1767 1899; baseline -0.001 -18"><span class='ocrx_word' id='word_1_67' title='bbox 425 1832 510 1899; x_wconf 91' lang='lat' dir='ltr'><strong>ergo</strong></span> <span class='ocrx_word' id='word_1_68' title='bbox 534 1819 674 1879; x_wconf 89' lang='lat' dir='ltr'><strong>divinus</strong></span> <span class='ocrx_word' id='word_1_69' title='bbox 697 1836 799 1879; x_wconf 88' lang='lat' dir='ltr'><strong>amor</strong></span> <span class='ocrx_word' id='word_1_70' title='bbox 821 1818 858 1878; x_wconf 91' lang='lat' dir='ltr'><strong>in</strong></span> <span class='ocrx_word' id='word_1_71' title='bbox 882 1818 1060 1879; x_wconf 90' lang='lat' dir='ltr'><strong>mentibus</strong></span> <span class='ocrx_word' id='word_1_72' title='bbox 1075 1817 1256 1893; x_wconf 88' lang='lat' dir='ltr'><strong>hominum</strong></span> <span class='ocrx_word' id='word_1_73' title='bbox 1272 1821 1328 1879; x_wconf 89' lang='lat' dir='ltr'><strong>est</strong></span> <span class='ocrx_word' id='word_1_74' title='bbox 1340 1819 1573 1898; x_wconf 87' lang='lat' dir='ltr'><strong>generandus,</strong></span> <span class='ocrx_word' id='word_1_75' title='bbox 1591 1817 1767 1881; x_wconf 83' lang='lat' dir='ltr'><strong>fovendus</strong></span> 
     </span>
     <span class='ocr_line' id='line_1_10' title="bbox 427 1925 1772 2006; baseline -0.001 -17"><span class='ocrx_word' id='word_1_76' title='bbox 427 1929 463 1989; x_wconf 93' lang='lat' dir='ltr'><strong>et</strong></span> <span class='ocrx_word' id='word_1_77' title='bbox 493 1925 728 1997; x_wconf 90' lang='lat' dir='ltr'><strong>roborandus,</strong></span> <span class='ocrx_word' id='word_1_78' title='bbox 753 1925 814 2004; x_wconf 94' lang='lat' dir='ltr'><strong>qui</strong></span> <span class='ocrx_word' id='word_1_79' title='bbox 845 1927 945 1986; x_wconf 92' lang='lat' dir='ltr'><strong>tanto</strong></span> <span class='ocrx_word' id='word_1_80' title='bbox 975 1925 1161 1997; x_wconf 77' lang='lat' dir='ltr'><strong>decrescit</strong></span> <span class='ocrx_word' id='word_1_81' title='bbox 1188 1928 1322 2003; x_wconf 86' lang='lat' dir='ltr'><strong>quanto</strong></span> <span class='ocrx_word' id='word_1_82' title='bbox 1352 1926 1403 1985; x_wconf 91' lang='lat' dir='ltr'><strong>illi</strong></span> <span class='ocrx_word' id='word_1_83' title='bbox 1427 1925 1548 1987; x_wconf 86' lang='lat' dir='ltr'><strong>aditur</strong></span> <span class='ocrx_word' id='word_1_84' title='bbox 1581 1927 1772 2006; x_wconf 84' lang='lat' dir='ltr'><strong>peregrine</strong></span> 
     </span>
     <span class='ocr_line' id='line_1_11' title="bbox 426 2030 1769 2111; baseline -0.001 -17"><span class='ocrx_word' id='word_1_85' title='bbox 426 2034 588 2106; x_wconf 84' lang='lat' dir='ltr'><strong>mixture,</strong></span> <span class='ocrx_word' id='word_1_86' title='bbox 613 2033 756 2094; x_wconf 88' lang='lat' dir='ltr'><strong>dicente</strong></span> <span class='ocrx_word' id='word_1_87' title='bbox 778 2030 1045 2111; x_wconf 80' lang='lat' dir='ltr'><strong>Augustino.</strong></span> <span class='ocrx_word' id='word_1_88' title='bbox 1073 2030 1217 2093; x_wconf 72' lang='lat' dir='ltr'><strong>«lituus</strong></span> <span class='ocrx_word' id='word_1_89' title='bbox 1242 2034 1278 2093; x_wconf 89' lang='lat' dir='ltr'><strong>te</strong></span> <span class='ocrx_word' id='word_1_90' title='bbox 1293 2035 1399 2105; x_wconf 88' lang='lat' dir='ltr'><strong>amat,</strong></span> <span class='ocrx_word' id='word_1_91' title='bbox 1418 2033 1478 2111; x_wconf 89' lang='lat' dir='ltr'><strong>qui</strong></span> <span class='ocrx_word' id='word_1_92' title='bbox 1495 2035 1612 2094; x_wconf 91' lang='lat' dir='ltr'><strong>tecum</strong></span> <span class='ocrx_word' id='word_1_93' title='bbox 1631 2032 1769 2111; x_wconf 89' lang='lat' dir='ltr'><strong>aliquid</strong></span> 
     </span>
     <span class='ocr_line' id='line_1_12' title="bbox 427 2136 1767 2219; baseline -0.001 -18"><span class='ocrx_word' id='word_1_94' title='bbox 427 2143 526 2201; x_wconf 90' lang='lat' dir='ltr'><strong>amat</strong></span> <span class='ocrx_word' id='word_1_95' title='bbox 543 2140 591 2210; x_wconf 84' lang='lat'><strong>»¹,</strong></span> <span class='ocrx_word' id='word_1_96' title='bbox 615 2140 756 2219; x_wconf 89' lang='lat' dir='ltr'><strong>precise</strong></span> <span class='ocrx_word' id='word_1_97' title='bbox 779 2137 977 2218; x_wconf 84' lang='lat' dir='ltr'><strong>Xpistianis</strong></span> <span class='ocrx_word' id='word_1_98' title='bbox 1000 2136 1152 2199; x_wconf 83' lang='lat' dir='ltr'><strong>oileram</strong></span> <span class='ocrx_word' id='word_1_99' title='bbox 1177 2139 1319 2201; x_wconf 89' lang='lat' dir='ltr'><strong>codices</strong></span> <span class='ocrx_word' id='word_1_100' title='bbox 1342 2139 1432 2212; x_wconf 89' lang='lat' dir='ltr'><strong>illos,</strong></span> <span class='ocrx_word' id='word_1_101' title='bbox 1450 2140 1487 2200; x_wconf 91' lang='lat' dir='ltr'><strong>in</strong></span> <span class='ocrx_word' id='word_1_102' title='bbox 1499 2140 1629 2219; x_wconf 89' lang='lat' dir='ltr'><strong>quibus</strong></span> <span class='ocrx_word' id='word_1_103' title='bbox 1653 2140 1767 2219; x_wconf 90' lang='lat' dir='ltr'><strong>loqui-</strong></span> 
     </span>
     <span class='ocr_line' id='line_1_13' title="bbox 429 2245 1771 2326; baseline 0 -18"><span class='ocrx_word' id='word_1_104' title='bbox 429 2250 488 2309; x_wconf 89' lang='lat' dir='ltr'><strong>tur</strong></span> <span class='ocrx_word' id='word_1_105' title='bbox 509 2246 616 2317; x_wconf 90' lang='lat' dir='ltr'><strong>Deus,</strong></span> <span class='ocrx_word' id='word_1_106' title='bbox 641 2247 749 2308; x_wconf 92' lang='lat' dir='ltr'><strong>docet</strong></span> <span class='ocrx_word' id='word_1_107' title='bbox 770 2245 867 2307; x_wconf 93' lang='lat' dir='ltr'><strong>Deus</strong></span> <span class='ocrx_word' id='word_1_108' title='bbox 892 2248 928 2307; x_wconf 90' lang='lat' dir='ltr'><strong>et</strong></span> <span class='ocrx_word' id='word_1_109' title='bbox 951 2246 1006 2307; x_wconf 90' lang='lat' dir='ltr'><strong>sui</strong></span> <span class='ocrx_word' id='word_1_110' title='bbox 1029 2246 1141 2325; x_wconf 89' lang='lat' dir='ltr'><strong>ipsius</strong></span> <span class='ocrx_word' id='word_1_111' title='bbox 1165 2247 1353 2307; x_wconf 89' lang='lat' dir='ltr'><strong>caritatem</strong></span> <span class='ocrx_word' id='word_1_112' title='bbox 1368 2245 1465 2309; x_wconf 91' lang='lat' dir='ltr'><strong>Deus</strong></span> <span class='ocrx_word' id='word_1_113' title='bbox 1481 2248 1643 2326; x_wconf 90' lang='lat' dir='ltr'><strong>inspirat,</strong></span> <span class='ocrx_word' id='word_1_114' title='bbox 1656 2247 1771 2308; x_wconf 90' lang='lat' dir='ltr'><strong>nutrit</strong></span> 
     </span>
     <span class='ocr_line' id='line_1_14' title="bbox 428 2351 1773 2433; baseline -0.001 -17"><span class='ocrx_word' id='word_1_115' title='bbox 428 2357 466 2416; x_wconf 93' lang='lat' dir='ltr'><strong>et</strong></span> <span class='ocrx_word' id='word_1_116' title='bbox 488 2351 786 2415; x_wconf 50' lang='lat' dir='ltr'><strong>conservat-“Si</strong></span> <span class='ocrx_word' id='word_1_117' title='bbox 809 2353 890 2432; x_wconf 87' lang='lat' dir='ltr'><strong>quis</strong></span> <span class='ocrx_word' id='word_1_118' title='bbox 914 2354 1043 2424; x_wconf 89' lang='lat' dir='ltr'><strong>autem,</strong></span> <span class='ocrx_word' id='word_1_119' title='bbox 1067 2353 1256 2414; x_wconf 89' lang='lat' dir='ltr'><strong>veritatem</strong></span> <span class='ocrx_word' id='word_1_120' title='bbox 1280 2354 1500 2433; x_wconf 91' lang='lat' dir='ltr'><strong>impugnans,</strong></span> <span class='ocrx_word' id='word_1_121' title='bbox 1525 2354 1664 2425; x_wconf 84' lang='lat' dir='ltr'><strong>dixerit,</strong></span> <span class='ocrx_word' id='word_1_122' title='bbox 1689 2355 1773 2433; x_wconf 90' lang='lat' dir='ltr'><strong>pari</strong></span> 
     </span>
     <span class='ocr_line' id='line_1_15' title="bbox 429 2460 1772 2539; baseline 0 -16"><span class='ocrx_word' id='word_1_123' title='bbox 429 2461 583 2532; x_wconf 89' lang='lat' dir='ltr'><strong>racione,</strong></span> <span class='ocrx_word' id='word_1_124' title='bbox 608 2460 801 2523; x_wconf 89' lang='lat' dir='ltr'><strong>catholicos</strong></span> <span class='ocrx_word' id='word_1_125' title='bbox 825 2461 992 2522; x_wconf 90' lang='lat' dir='ltr'><strong>doctores</strong></span> <span class='ocrx_word' id='word_1_126' title='bbox 1016 2478 1087 2521; x_wconf 91' lang='lat' dir='ltr'><strong>non</strong></span> <span class='ocrx_word' id='word_1_127' title='bbox 1110 2478 1189 2521; x_wconf 90' lang='lat' dir='ltr'><strong>esse</strong></span> <span class='ocrx_word' id='word_1_128' title='bbox 1213 2460 1391 2539; x_wconf 84' lang='lat' dir='ltr'><strong>legendos,</strong></span> <span class='ocrx_word' id='word_1_129' title='bbox 1416 2478 1462 2521; x_wconf 92' lang='lat' dir='ltr'><strong>ne</strong></span> <span class='ocrx_word' id='word_1_130' title='bbox 1495 2462 1588 2523; x_wconf 86' lang='lat' dir='ltr'><strong>torte</strong></span> <span class='ocrx_word' id='word_1_131' title='bbox 1621 2460 1772 2523; x_wconf 86' lang='lat' dir='ltr'><strong>haustus</strong></span> 
     </span>
     <span class='ocr_line' id='line_1_16' title="bbox 430 2566 1773 2645; baseline 0 -16"><span class='ocrx_word' id='word_1_132' title='bbox 430 2587 532 2629; x_wconf 90' lang='lat' dir='ltr'><strong>amor</strong></span> <span class='ocrx_word' id='word_1_133' title='bbox 553 2568 603 2629; x_wconf 85' lang='lat' dir='ltr'><strong>ad</strong></span> <span class='ocrx_word' id='word_1_134' title='bbox 626 2585 687 2629; x_wconf 93' lang='lat' dir='ltr'><strong>eos</strong></span> <span class='ocrx_word' id='word_1_135' title='bbox 710 2568 847 2628; x_wconf 89' lang='lat' dir='ltr'><strong>minuat</strong></span> <span class='ocrx_word' id='word_1_136' title='bbox 870 2566 1039 2638; x_wconf 75' lang='lat' dir='ltr'><strong>divium,</strong></span> <span class='ocrx_word' id='word_1_137' title='bbox 1063 2566 1142 2645; x_wconf 91' lang='lat' dir='ltr'><strong>ipse</strong></span> <span class='ocrx_word' id='word_1_138' title='bbox 1165 2567 1288 2628; x_wconf 91' lang='lat' dir='ltr'><strong>videat</strong></span> <span class='ocrx_word' id='word_1_139' title='bbox 1311 2568 1425 2628; x_wconf 90' lang='lat' dir='ltr'><strong>totum</strong></span> <span class='ocrx_word' id='word_1_140' title='bbox 1456 2570 1622 2629; x_wconf 87' lang='lat' dir='ltr'><strong>conatum</strong></span> <span class='ocrx_word' id='word_1_141' title='bbox 1651 2566 1773 2629; x_wconf 89' lang='lat' dir='ltr'><strong>ortho-</strong></span> 
     </span>
     <span class='ocr_line' id='line_1_17' title="bbox 431 2672 1774 2755; baseline 0.001 -19"><span class='ocrx_word' id='word_1_142' title='bbox 431 2675 605 2737; x_wconf 85' lang='lat' dir='ltr'><strong>doxorum</strong></span> <span class='ocrx_word' id='word_1_143' title='bbox 629 2675 845 2755; x_wconf 91' lang='lat' dir='ltr'><strong>scriptorum</strong></span> <span class='ocrx_word' id='word_1_144' title='bbox 875 2691 955 2735; x_wconf 92' lang='lat' dir='ltr'><strong>esse</strong></span> <span class='ocrx_word' id='word_1_145' title='bbox 984 2672 1158 2735; x_wconf 89' lang='lat' dir='ltr'><strong>humanas</strong></span> <span class='ocrx_word' id='word_1_146' title='bbox 1182 2677 1328 2746; x_wconf 89' lang='lat' dir='ltr'><strong>mentes,</strong></span> <span class='ocrx_word' id='word_1_147' title='bbox 1353 2693 1375 2734; x_wconf 92' lang='lat' dir='ltr'><strong>a</strong></span> <span class='ocrx_word' id='word_1_148' title='bbox 1400 2674 1573 2736; x_wconf 88' lang='lat' dir='ltr'><strong>creaturis</strong></span> <span class='ocrx_word' id='word_1_149' title='bbox 1598 2676 1774 2748; x_wconf 87' lang='lat' dir='ltr'><strong>revulsas,</strong></span> 
     </span>
     <span class='ocr_line' id='line_1_18' title="bbox 431 2780 1775 2862; baseline 0 -19"><span class='ocrx_word' id='word_1_150' title='bbox 431 2782 508 2844; x_wconf 94' lang='lat' dir='ltr'><strong>Deo</strong></span> <span class='ocrx_word' id='word_1_151' title='bbox 546 2781 716 2861; x_wconf 91' lang='lat' dir='ltr'><strong>copulare</strong></span> <span class='ocrx_word' id='word_1_152' title='bbox 744 2781 879 2861; x_wconf 85' lang='lat' dir='ltr'><strong>glutino</strong></span> <span class='ocrx_word' id='word_1_153' title='bbox 915 2780 1143 2842; x_wconf 78' lang='lat' dir='ltr'><strong>tenacissime</strong></span> <span class='ocrx_word' id='word_1_154' title='bbox 1177 2781 1354 2842; x_wconf 91' lang='lat' dir='ltr'><strong>caritatis.</strong></span> <span class='ocrx_word' id='word_1_155' title='bbox 1398 2780 1448 2842; x_wconf 87' lang='lat' dir='ltr'><strong>At</strong></span> <span class='ocrx_word' id='word_1_156' title='bbox 1479 2781 1775 2862; x_wconf 88' lang='lat' dir='ltr'><strong>philosophorum</strong></span> 
     </span>
     <span class='ocr_line' id='line_1_19' title="bbox 432 2887 1773 2969; baseline -0.001 -18"><span class='ocrx_word' id='word_1_157' title='bbox 432 2890 530 2952; x_wconf 90' lang='lat' dir='ltr'><strong>scole</strong></span> <span class='ocrx_word' id='word_1_158' title='bbox 552 2891 711 2969; x_wconf 90' lang='lat' dir='ltr'><strong>pugnant</strong></span> <span class='ocrx_word' id='word_1_159' title='bbox 733 2906 816 2950; x_wconf 89' lang='lat' dir='ltr'><strong>suas</strong></span> <span class='ocrx_word' id='word_1_160' title='bbox 839 2887 1024 2968; x_wconf 86' lang='lat' dir='ltr'><strong>opiniones</strong></span> <span class='ocrx_word' id='word_1_161' title='bbox 1055 2888 1261 2959; x_wconf 80' lang='lat' dir='ltr'><strong>defendere,</strong></span> <span class='ocrx_word' id='word_1_162' title='bbox 1285 2891 1408 2968; x_wconf 80' lang='lat' dir='ltr'><strong>gentes</strong></span> <span class='ocrx_word' id='word_1_163' title='bbox 1442 2889 1634 2960; x_wconf 87' lang='lat' dir='ltr'><strong>attrahere,</strong></span> <span class='ocrx_word' id='word_1_164' title='bbox 1660 2906 1773 2951; x_wconf 90' lang='lat' dir='ltr'><strong>seme·</strong></span> 
     </span>
     <span class='ocr_line' id='line_1_20' title="bbox 432 2993 1775 3075; baseline -0.001 -17"><span class='ocrx_word' id='word_1_165' title='bbox 432 2998 546 3075; x_wconf 90' lang='lat' dir='ltr'><strong>tipsos</strong></span> <span class='ocrx_word' id='word_1_166' title='bbox 569 2995 703 3058; x_wconf 90' lang='lat' dir='ltr'><strong>mundo</strong></span> <span class='ocrx_word' id='word_1_167' title='bbox 727 2996 887 3057; x_wconf 87' lang='lat' dir='ltr'><strong>celebres</strong></span> <span class='ocrx_word' id='word_1_168' title='bbox 918 2993 1083 3066; x_wconf 89' lang='lat' dir='ltr'><strong>reddere,</strong></span> <span class='ocrx_word' id='word_1_169' title='bbox 1117 2998 1151 3056; x_wconf 90' lang='lat' dir='ltr'><strong>et</strong></span> <span class='ocrx_word' id='word_1_170' title='bbox 1182 2996 1271 3057; x_wconf 89' lang='lat' dir='ltr'><strong>alios</strong></span> <span class='ocrx_word' id='word_1_171' title='bbox 1305 2994 1515 3075; x_wconf 87' lang='lat' dir='ltr'><strong>depravare,</strong></span> <span class='ocrx_word' id='word_1_172' title='bbox 1545 2996 1692 3057; x_wconf 89' lang='lat' dir='ltr'><strong>eciamsi</strong></span> <span class='ocrx_word' id='word_1_173' title='bbox 1726 2996 1775 3057; x_wconf 89' lang='lat' dir='ltr'><strong>de</strong></span> 
     </span>
     <span class='ocr_line' id='line_1_21' title="bbox 434 3101 1773 3183; baseline -0.001 -18"><span class='ocrx_word' id='word_1_174' title='bbox 434 3105 639 3183; x_wconf 88' lang='lat' dir='ltr'><strong>contemptu</strong></span> <span class='ocrx_word' id='word_1_175' title='bbox 672 3102 796 3164; x_wconf 90' lang='lat' dir='ltr'><strong>mundi</strong></span> <span class='ocrx_word' id='word_1_176' title='bbox 829 3102 974 3182; x_wconf 85' lang='lat' dir='ltr'><strong>fugacis,</strong></span> <span class='ocrx_word' id='word_1_177' title='bbox 998 3101 1110 3182; x_wconf 90' lang='lat' dir='ltr'><strong>glorie</strong></span> <span class='ocrx_word' id='word_1_178' title='bbox 1144 3103 1236 3181; x_wconf 84' lang='lat' dir='ltr'><strong>iuga,</strong></span> <span class='ocrx_word' id='word_1_179' title='bbox 1273 3105 1309 3164; x_wconf 89' lang='lat' dir='ltr'><strong>et</strong></span> <span class='ocrx_word' id='word_1_180' title='bbox 1343 3102 1542 3164; x_wconf 90' lang='lat' dir='ltr'><strong>humilitate</strong></span> <span class='ocrx_word' id='word_1_181' title='bbox 1577 3104 1773 3183; x_wconf 88' lang='lat' dir='ltr'><strong>sequenda,</strong></span> 
     </span>
    </p>
   </div>
   <div class='ocr_carea' id='block_1_3' title="bbox 433 3206 1779 3611">
    <p class='ocr_par' dir='ltr' id='par_1_3' title="bbox 433 3206 1779 3611">
     <span class='ocr_line' id='line_1_22' title="bbox 433 3206 1776 3290; baseline 0 -18"><span class='ocrx_word' id='word_1_182' title='bbox 433 3209 596 3273; x_wconf 79' lang='lat' dir='ltr'><strong>tabratos</strong></span> <span class='ocrx_word' id='word_1_183' title='bbox 619 3227 801 3272; x_wconf 87' lang='lat' dir='ltr'><strong>sermones</strong></span> <span class='ocrx_word' id='word_1_184' title='bbox 824 3211 1048 3290; x_wconf 85' lang='lat' dir='ltr'><strong>componant.</strong></span> <span class='ocrx_word' id='word_1_185' title='bbox 1072 3206 1324 3287; x_wconf 90' lang='lat' dir='ltr'><strong>Unusquisque</strong></span> <span class='ocrx_word' id='word_1_186' title='bbox 1348 3209 1441 3270; x_wconf 89' lang='lat' dir='ltr'><strong>enim</strong></span> <span class='ocrx_word' id='word_1_187' title='bbox 1456 3210 1566 3290; x_wconf 92' lang='lat' dir='ltr'><strong>glorie</strong></span> <span class='ocrx_word' id='word_1_188' title='bbox 1584 3209 1703 3271; x_wconf 86' lang='lat' dir='ltr'><strong>divine</strong></span> <span class='ocrx_word' id='word_1_189' title='bbox 1719 3213 1776 3272; x_wconf 93' lang='lat' dir='ltr'><strong>est</strong></span> 
     </span>
     <span class='ocr_line' id='line_1_23' title="bbox 435 3315 1776 3397; baseline -0.001 -18"><span class='ocrx_word' id='word_1_190' title='bbox 435 3320 561 3397; x_wconf 91' lang='lat' dir='ltr'><strong>raptor</strong></span> <span class='ocrx_word' id='word_1_191' title='bbox 595 3317 770 3396; x_wconf 91' lang='lat' dir='ltr'><strong>supplicio</strong></span> <span class='ocrx_word' id='word_1_192' title='bbox 806 3317 942 3396; x_wconf 87' lang='lat' dir='ltr'><strong>dignus,</strong></span> <span class='ocrx_word' id='word_1_193' title='bbox 968 3316 1029 3395; x_wconf 90' lang='lat' dir='ltr'><strong>qui</strong></span> <span class='ocrx_word' id='word_1_194' title='bbox 1066 3317 1114 3377; x_wconf 91' lang='lat' dir='ltr'><strong>ab</strong></span> <span class='ocrx_word' id='word_1_195' title='bbox 1148 3315 1289 3378; x_wconf 91' lang='lat' dir='ltr'><strong>homine</strong></span> <span class='ocrx_word' id='word_1_196' title='bbox 1329 3317 1454 3396; x_wconf 91' lang='lat' dir='ltr'><strong>quovis</strong></span> <span class='ocrx_word' id='word_1_197' title='bbox 1489 3316 1596 3378; x_wconf 92' lang='lat' dir='ltr'><strong>modo</strong></span> <span class='ocrx_word' id='word_1_198' title='bbox 1625 3318 1776 3397; x_wconf 85' lang='lat' dir='ltr'><strong>gloriam</strong></span> 
     </span>
     <span class='ocr_line' id='line_1_24' title="bbox 436 3422 1779 3509; baseline 0.001 -23"><span class='ocrx_word' id='word_1_199' title='bbox 436 3425 564 3505; x_wconf 91' lang='lat' dir='ltr'><strong>querit,</strong></span> <span class='ocrx_word' id='word_1_200' title='bbox 587 3425 646 3486; x_wconf 90' lang='lat' dir='ltr'><strong>vel</strong></span> <span class='ocrx_word' id='word_1_201' title='bbox 668 3424 810 3495; x_wconf 91' lang='lat' dir='ltr'><strong>homini,</strong></span> <span class='ocrx_word' id='word_1_202' title='bbox 835 3424 997 3486; x_wconf 90' lang='lat' dir='ltr'><strong>debitum</strong></span> <span class='ocrx_word' id='word_1_203' title='bbox 1018 3422 1105 3495; x_wconf 87' lang='lat' dir='ltr'><strong>Deo,</strong></span> <span class='ocrx_word' id='word_1_204' title='bbox 1131 3423 1243 3485; x_wconf 85' lang='lat' dir='ltr'><strong>tradit</strong></span> <span class='ocrx_word' id='word_1_205' title='bbox 1276 3424 1457 3486; x_wconf 89' lang='lat' dir='ltr'><strong>honorem.</strong></span> <span class='ocrx_word' id='word_1_206' title='bbox 1498 3422 1630 3509; x_wconf 82' lang='lat' dir='ltr'><strong>Quanti</strong></span> <span class='ocrx_word' id='word_1_207' title='bbox 1653 3427 1779 3487; x_wconf 89' lang='lat' dir='ltr'><strong>amant</strong></span> 
     </span>
     <span class='ocr_line' id='line_1_25' title="bbox 437 3526 1774 3611; baseline -0.001 -17"><span class='ocrx_word' id='word_1_208' title='bbox 437 3532 674 3611; x_wconf 89' lang='lat' dir='ltr'><strong>attolluntque</strong></span> <span class='ocrx_word' id='word_1_209' title='bbox 697 3532 846 3593; x_wconf 88' lang='lat' dir='ltr'><strong>vocibus</strong></span> <span class='ocrx_word' id='word_1_210' title='bbox 870 3526 1035 3601; x_wconf 90' lang='lat' dir='ltr'><strong>Tullium,</strong></span> <span class='ocrx_word' id='word_1_211' title='bbox 1060 3531 1097 3591; x_wconf 90' lang='lat' dir='ltr'><strong>in</strong></span> <span class='ocrx_word' id='word_1_212' title='bbox 1127 3532 1225 3592; x_wconf 83' lang='lat' dir='ltr'><strong>fonte</strong></span> <span class='ocrx_word' id='word_1_213' title='bbox 1256 3532 1461 3593; x_wconf 91' lang='lat' dir='ltr'><strong>turbulento</strong></span> <span class='ocrx_word' id='word_1_214' title='bbox 1492 3532 1568 3593; x_wconf 92' lang='lat' dir='ltr'><strong>eius</strong></span> <span class='ocrx_word' id='word_1_215' title='bbox 1598 3532 1774 3594; x_wconf 89' lang='lat' dir='ltr'><strong>nutriti...!</strong></span> 
     </span>
    </p>
   </div>
   <div class='ocr_carea' id='block_1_4' title="bbox 386 3638 1780 4576">
    <p class='ocr_par' dir='ltr' id='par_1_4' title="bbox 436 3638 1156 3717">
     <span class='ocr_line' id='line_1_26' title="bbox 436 3638 1156 3717; baseline 0 -18"><span class='ocrx_word' id='word_1_216' title='bbox 436 3638 484 3701; x_wconf 87' lang='lat' dir='ltr'><strong>Et</strong></span> <span class='ocrx_word' id='word_1_217' title='bbox 507 3640 553 3701; x_wconf 91' lang='lat' dir='ltr'><strong>de</strong></span> <span class='ocrx_word' id='word_1_218' title='bbox 576 3639 760 3708; x_wconf 69' lang='lat' dir='ltr'><strong>similibus⁴</strong></span> <span class='ocrx_word' id='word_1_219' title='bbox 774 3638 899 3699; x_wconf 89' lang='lat' dir='ltr'><strong>similis</strong></span> <span class='ocrx_word' id='word_1_220' title='bbox 922 3638 1021 3699; x_wconf 91' lang='lat' dir='ltr'><strong>racio</strong></span> <span class='ocrx_word' id='word_1_221' title='bbox 1046 3641 1156 3717; x_wconf 89' lang='lat' dir='ltr'><strong>patet.</strong></span> 
     </span>
    </p>

    <p class='ocr_par' dir='ltr' id='par_1_5' title="bbox 386 3742 1780 4576">
     <span class='ocr_line' id='line_1_27' title="bbox 386 3742 1778 3825; baseline -0.002 -16"><span class='ocrx_word' id='word_1_222' title='bbox 386 3744 417 3809; x_wconf 88' lang='lat'><strong>8.</strong></span> <span class='ocrx_word' id='word_1_223' title='bbox 543 3744 655 3808; x_wconf 89' lang='lat' dir='ltr'><strong>Nemo</strong></span> <span class='ocrx_word' id='word_1_224' title='bbox 679 3746 822 3808; x_wconf 89' lang='lat' dir='ltr'><strong>dubitat</strong></span> <span class='ocrx_word' id='word_1_225' title='bbox 842 3745 952 3807; x_wconf 86' lang='lat' dir='ltr'><strong>studii</strong></span> <span class='ocrx_word' id='word_1_226' title='bbox 976 3746 1126 3806; x_wconf 89' lang='lat' dir='ltr'><strong>tercium</strong></span> <span class='ocrx_word' id='word_1_227' title='bbox 1157 3742 1333 3817; x_wconf 79' lang='lat' dir='ltr'><strong>effectum,</strong></span> <span class='ocrx_word' id='word_1_228' title='bbox 1359 3763 1465 3825; x_wconf 90' lang='lat' dir='ltr'><strong>quem</strong></span> <span class='ocrx_word' id='word_1_229' title='bbox 1496 3746 1622 3807; x_wconf 88' lang='lat' dir='ltr'><strong>vocavi</strong></span> <span class='ocrx_word' id='word_1_230' title='bbox 1654 3764 1778 3824; x_wconf 89' lang='lat' dir='ltr'><strong>quam·</strong></span> 
     </span>
     <span class='ocr_line' id='line_1_28' title="bbox 437 3852 1778 3933; baseline -0.001 -17"><span class='ocrx_word' id='word_1_231' title='bbox 437 3856 522 3917; x_wconf 91' lang='lat' dir='ltr'><strong>dam</strong></span> <span class='ocrx_word' id='word_1_232' title='bbox 548 3854 798 3933; x_wconf 85' lang='lat' dir='ltr'><strong>voluptuosam</strong></span> <span class='ocrx_word' id='word_1_233' title='bbox 828 3853 1058 3933; x_wconf 88' lang='lat' dir='ltr'><strong>vagacionem</strong></span> <span class='ocrx_word' id='word_1_234' title='bbox 1094 3869 1203 3930; x_wconf 90' lang='lat' dir='ltr'><strong>super</strong></span> <span class='ocrx_word' id='word_1_235' title='bbox 1234 3853 1395 3924; x_wconf 91' lang='lat' dir='ltr'><strong>materia,</strong></span> <span class='ocrx_word' id='word_1_236' title='bbox 1421 3870 1491 3932; x_wconf 89' lang='lat' dir='ltr'><strong>que</strong></span> <span class='ocrx_word' id='word_1_237' title='bbox 1521 3856 1576 3915; x_wconf 90' lang='lat' dir='ltr'><strong>est</strong></span> <span class='ocrx_word' id='word_1_238' title='bbox 1604 3853 1642 3914; x_wconf 91' lang='lat' dir='ltr'><strong>in</strong></span> <span class='ocrx_word' id='word_1_239' title='bbox 1675 3852 1778 3915; x_wconf 89' lang='lat' dir='ltr'><strong>libris</strong></span> 
     </span>
     <span class='ocr_line' id='line_1_29' title="bbox 437 3957 1779 4043; baseline -0.001 -21"><span class='ocrx_word' id='word_1_240' title='bbox 437 3959 635 4043; x_wconf 89' lang='lat' dir='ltr'><strong>principale</strong></span> <span class='ocrx_word' id='word_1_241' title='bbox 664 3960 872 4022; x_wconf 89' lang='lat' dir='ltr'><strong>subiectum.</strong></span> <span class='ocrx_word' id='word_1_242' title='bbox 901 3957 979 4020; x_wconf 93' lang='lat' dir='ltr'><strong>Hec</strong></span> <span class='ocrx_word' id='word_1_243' title='bbox 1007 3958 1162 4020; x_wconf 91' lang='lat' dir='ltr'><strong>enimin</strong></span> <span class='ocrx_word' id='word_1_244' title='bbox 1190 3977 1228 4020; x_wconf 89' lang='lat' dir='ltr'><strong>se</strong></span> <span class='ocrx_word' id='word_1_245' title='bbox 1261 3960 1375 4020; x_wconf 89' lang='lat' dir='ltr'><strong>totum</strong></span> <span class='ocrx_word' id='word_1_246' title='bbox 1407 3959 1584 4020; x_wconf 86' lang='lat' dir='ltr'><strong>bominem</strong></span> <span class='ocrx_word' id='word_1_247' title='bbox 1611 3960 1711 4038; x_wconf 85' lang='lat' dir='ltr'><strong>¹rapit</strong></span> <span class='ocrx_word' id='word_1_248' title='bbox 1741 3962 1779 4020; x_wconf 91' lang='lat' dir='ltr'><strong>et</strong></span> 
     </span>
     <span class='ocr_line' id='line_1_30' title="bbox 439 4063 1777 4150; baseline -0.003 -19"><span class='ocrx_word' id='word_1_249' title='bbox 439 4068 572 4131; x_wconf 88' lang='lat' dir='ltr'><strong>cultum</strong></span> <span class='ocrx_word' id='word_1_250' title='bbox 595 4067 710 4147; x_wconf 86' lang='lat' dir='ltr'><strong>exigit,</strong></span> <span class='ocrx_word' id='word_1_251' title='bbox 734 4067 796 4146; x_wconf 92' lang='lat' dir='ltr'><strong>qui</strong></span> <span class='ocrx_word' id='word_1_252' title='bbox 820 4065 908 4127; x_wconf 90' lang='lat' dir='ltr'><strong>nulli</strong></span> <span class='ocrx_word' id='word_1_253' title='bbox 930 4084 952 4127; x_wconf 92' lang='lat' dir='ltr'><strong>a</strong></span> <span class='ocrx_word' id='word_1_254' title='bbox 975 4064 1060 4127; x_wconf 87' lang='lat' dir='ltr'><strong>Deo·</strong></span> <span class='ocrx_word' id='word_1_255' title='bbox 1076 4064 1238 4128; x_wconf 91' lang='lat' dir='ltr'><strong>debetur.</strong></span> <span class='ocrx_word' id='word_1_256' title='bbox 1279 4063 1365 4150; x_wconf 81' lang='lat' dir='ltr'><strong>Quis</strong></span> <span class='ocrx_word' id='word_1_257' title='bbox 1389 4064 1534 4127; x_wconf 89' lang='lat' dir='ltr'><strong>insanus</strong></span> <span class='ocrx_word' id='word_1_258' title='bbox 1570 4067 1686 4127; x_wconf 90' lang='lat' dir='ltr'><strong>credit</strong></span> <span class='ocrx_word' id='word_1_259' title='bbox 1715 4064 1777 4127; x_wconf 90' lang='lat' dir='ltr'><strong>ho·</strong></span> 
     </span>
     <span class='ocr_line' id='line_1_31' title="bbox 438 4170 1780 4253; baseline -0.001 -17"><span class='ocrx_word' id='word_1_260' title='bbox 438 4176 551 4236; x_wconf 91' lang='lat' dir='ltr'><strong>mines</strong></span> <span class='ocrx_word' id='word_1_261' title='bbox 576 4172 726 4245; x_wconf 85' lang='lat' dir='ltr'><strong>Socrati,</strong></span> <span class='ocrx_word' id='word_1_262' title='bbox 750 4172 900 4245; x_wconf 88' lang='lat' dir='ltr'><strong>Platoni,</strong></span> <span class='ocrx_word' id='word_1_263' title='bbox 921 4171 1152 4234; x_wconf 87' lang='lat' dir='ltr'><strong>Aristotelive</strong></span> <span class='ocrx_word' id='word_1_264' title='bbox 1176 4174 1382 4245; x_wconf 90' lang='lat' dir='ltr'><strong>sacrandos,</strong></span> <span class='ocrx_word' id='word_1_265' title='bbox 1407 4173 1585 4253; x_wconf 86' lang='lat' dir='ltr'><strong>autquasi</strong></span> <span class='ocrx_word' id='word_1_266' title='bbox 1598 4170 1780 4235; x_wconf 69' lang='lat' dir='ltr'><strong>sacrificio</strong></span> 
     </span>
     <span class='ocr_line' id='line_1_32' title="bbox 438 4279 1777 4360; baseline -0.003 -16"><span class='ocrx_word' id='word_1_267' title='bbox 438 4281 627 4344; x_wconf 87' lang='lat' dir='ltr'><strong>sistendos.</strong></span> <span class='ocrx_word' id='word_1_268' title='bbox 652 4280 806 4360; x_wconf 90' lang='lat' dir='ltr'><strong>Propter</strong></span> <span class='ocrx_word' id='word_1_269' title='bbox 820 4280 913 4341; x_wconf 91' lang='lat' dir='ltr'><strong>hanc</strong></span> <span class='ocrx_word' id='word_1_270' title='bbox 929 4280 1023 4341; x_wconf 92' lang='lat' dir='ltr'><strong>enim</strong></span> <span class='ocrx_word' id='word_1_271' title='bbox 1039 4279 1196 4341; x_wconf 88' lang='lat' dir='ltr'><strong>solitudo</strong></span> <span class='ocrx_word' id='word_1_272' title='bbox 1214 4280 1383 4358; x_wconf 87' lang='lat' dir='ltr'><strong>queritur,</strong></span> <span class='ocrx_word' id='word_1_273' title='bbox 1402 4281 1625 4360; x_wconf 89' lang='lat' dir='ltr'><strong>negliguntur</strong></span> <span class='ocrx_word' id='word_1_274' title='bbox 1636 4280 1777 4352; x_wconf 90' lang='lat' dir='ltr'><strong>divicie,</strong></span> 
     </span>
     <span class='ocr_line' id='line_1_33' title="bbox 439 4386 1779 4468; baseline -0.003 -17"><span class='ocrx_word' id='word_1_275' title='bbox 439 4406 527 4451; x_wconf 93' lang='lat' dir='ltr'><strong>cura</strong></span> <span class='ocrx_word' id='word_1_276' title='bbox 550 4406 694 4468; x_wconf 89' lang='lat' dir='ltr'><strong>quoque</strong></span> <span class='ocrx_word' id='word_1_277' title='bbox 717 4386 906 4466; x_wconf 91' lang='lat' dir='ltr'><strong>suiipsius</strong></span> <span class='ocrx_word' id='word_1_278' title='bbox 930 4386 1042 4448; x_wconf 90' lang='lat' dir='ltr'><strong>oblita</strong></span> <span class='ocrx_word' id='word_1_279' title='bbox 1071 4386 1294 4465; x_wconf 89' lang='lat' dir='ltr'><strong>relinquitur,</strong></span> <span class='ocrx_word' id='word_1_280' title='bbox 1334 4387 1427 4449; x_wconf 88' lang='lat' dir='ltr'><strong>sicut</strong></span> <span class='ocrx_word' id='word_1_281' title='bbox 1453 4404 1624 4466; x_wconf 88' lang='lat' dir='ltr'><strong>expresse</strong></span> <span class='ocrx_word' id='word_1_282' title='bbox 1653 4387 1779 4449; x_wconf 89' lang='lat' dir='ltr'><strong>scribit</strong></span> 
     </span>
     <span class='ocr_line' id='line_1_34' title="bbox 440 4492 1779 4576; baseline -0.001 -20"><span class='ocrx_word' id='word_1_283' title='bbox 440 4495 592 4558; x_wconf 89' lang='lat' dir='ltr'><strong>Lucius</strong></span> <span class='ocrx_word' id='word_1_284' title='bbox 626 4494 870 4576; x_wconf 86' lang='lat' dir='ltr'><strong>Apulegius,</strong></span> <span class='ocrx_word' id='word_1_285' title='bbox 913 4494 950 4555; x_wconf 92' lang='lat' dir='ltr'><strong>in</strong></span> <span class='ocrx_word' id='word_1_286' title='bbox 983 4494 1077 4556; x_wconf 89' lang='lat' dir='ltr'><strong>libro</strong></span> <span class='ocrx_word' id='word_1_287' title='bbox 1115 4493 1177 4556; x_wconf 95' lang='lat' dir='ltr'><strong>De</strong></span> <span class='ocrx_word' id='word_1_288' title='bbox 1212 4492 1397 4574; x_wconf 83' lang='lat' dir='ltr'><strong>Magia.</strong></span> <span class='ocrx_word' id='word_1_289' title='bbox 1441 4493 1489 4555; x_wconf 91' lang='lat' dir='ltr'><strong>Et</strong></span> <span class='ocrx_word' id='word_1_290' title='bbox 1516 4507 1600 4575; x_wconf 90' lang='lat' dir='ltr'><strong>ergo</strong></span> <span class='ocrx_word' id='word_1_291' title='bbox 1629 4497 1666 4556; x_wconf 88' lang='lat' dir='ltr'><strong>et</strong></span> <span class='ocrx_word' id='word_1_292' title='bbox 1696 4494 1779 4555; x_wconf 90' lang='lat' dir='ltr'><strong>illos</strong></span> 
     </span>
    </p>
   </div>
   <div class='ocr_carea' id='block_1_5' title="bbox 445 4742 658 4752">
    <p class='ocr_par' dir='ltr' id='par_1_6' title="bbox 445 4742 658 4752">
     <span class='ocr_line' id='line_1_35' title="bbox 445 4742 658 4752; baseline -0.009 -1"><span class='ocrx_word' id='word_1_293' title='bbox 445 4742 658 4752; x_wconf 79' lang='lat'>————-</span> 
     </span>
    </p>
   </div>
   <div class='ocr_carea' id='block_1_6' title="bbox 549 4939 711 5003">
    <p class='ocr_par' dir='ltr' id='par_1_7' title="bbox 549 4939 711 5003">
     <span class='ocr_line' id='line_1_36' title="bbox 549 4939 711 5003; baseline -0.012 -12"><span class='ocrx_word' id='word_1_294' title='bbox 549 4942 582 5003; x_wconf 84' lang='lat' dir='ltr'><strong>a)</strong></span> <span class='ocrx_word' id='word_1_295' title='bbox 603 4940 634 5000; x_wconf 51' lang='grc' dir='ltr'><strong>ἦ·</strong></span> <span class='ocrx_word' id='word_1_296' title='bbox 654 4939 711 4991; x_wconf 88' lang='lat' dir='ltr'><strong>est.</strong></span> 
     </span>
    </p>
   </div>
   <div class='ocr_carea' id='block_1_7' title="bbox 551 5111 1506 5182">
    <p class='ocr_par' dir='ltr' id='par_1_8' title="bbox 551 5111 1506 5182">
     <span class='ocr_line' id='line_1_37' title="bbox 551 5111 1506 5182; baseline 0 -14"><span class='ocrx_word' id='word_1_297' title='bbox 551 5113 572 5182; x_wconf 86' lang='lat'><strong>¹)</strong></span> <span class='ocrx_word' id='word_1_298' title='bbox 591 5115 620 5168; x_wconf 88' lang='lat' dir='ltr'><strong>S.</strong></span> <span class='ocrx_word' id='word_1_299' title='bbox 631 5114 708 5168; x_wconf 65' lang='grc' dir='ltr'><strong>ΑΗΒ.</strong></span> <span class='ocrx_word' id='word_1_300' title='bbox 727 5115 807 5167; x_wconf 78' lang='lat' dir='ltr'><strong>Auo.</strong></span> <span class='ocrx_word' id='word_1_301' title='bbox 827 5111 1061 5179; x_wconf 69' lang='lat' dir='ltr'><strong>confessionum</strong></span> <span class='ocrx_word' id='word_1_302' title='bbox 1078 5114 1114 5179; x_wconf 84' lang='lat' dir='ltr'><strong>X,</strong></span> <span class='ocrx_word' id='word_1_303' title='bbox 1132 5124 1218 5166; x_wconf 76' lang='lat' dir='ltr'><strong>xxsx.</strong></span> <span class='ocrx_word' id='word_1_304' title='bbox 1237 5114 1273 5167; x_wconf 88' lang='lat' dir='ltr'><strong>In</strong></span> <span class='ocrx_word' id='word_1_305' title='bbox 1294 5113 1384 5182; x_wconf 87' lang='lat' dir='ltr'><strong>Oper.</strong></span> <span class='ocrx_word' id='word_1_306' title='bbox 1403 5114 1425 5179; x_wconf 90' lang='lat'><strong>1,</strong></span> <span class='ocrx_word' id='word_1_307' title='bbox 1444 5114 1506 5168; x_wconf 86' lang='grc'><strong>796.</strong></span> 
     </span>
    </p>
   </div>
   <div class='ocr_carea' id='block_1_8' title="bbox 0 0 2177 6116">
    <p class='ocr_par' dir='ltr' id='par_1_9' title="bbox 0 0 2177 6116">
     <span class='ocr_line' id='line_1_38' title="bbox 0 0 2177 6116; baseline 0 0"><span class='ocrx_word' id='word_1_308' title='bbox 0 0 2177 6116; x_wconf 95' lang='lat' dir='ltr'><strong> </strong></span> 
     </span>
    </p>
   </div>
  </div>
 </body>
</html>
