4300 6117
478 979 547 1042 404
989 991 1148 1046 Lucum
1170 991 1309 1047 nocns
1388 960 1401 983 '

473 1212 624 1286 Etenim,
660 1213 753 1275 sicut
787 1215 893 1276 docet
937 1213 1254 1294 Philosophus,
1297 1216 1334 1276 in
1367 1216 1487 1278 libro
1521 1212 1812 1296 Topicorum,

472 1321 670 1399 prudencia
693 1322 889 1401 requiritur
911 1340 934 1383 a
956 1322 1111 1394 senibus,
1147 1325 1182 1386 et
1214 1341 1237 1384 a
1263 1323 1452 1386 iuvenibus
1476 1326 1729 1403 temperancia,
1763 1344 1811 1388 eo

473 1428 580 1505 quod,
616 1428 762 1490 iuvenes
798 1430 909 1510 magis
944 1445 1051 1508 quam
1084 1447 1187 1491 senes
1223 1430 1527 1509 concupiscenciis
1550 1431 1811 1499 molestantur:

470 1533 554 1596 ideo
577 1554 649 1597 non
671 1539 779 1597 nacta
802 1537 881 1617 igni,
911 1535 976 1597 sed
1012 1554 1108 1614 aqua
1143 1537 1338 1617 inrigenda,
1362 1555 1408 1599 ne
1440 1537 1520 1616 plus
1556 1539 1807 1612 excandescat,

471 1660 553 1703 mox
582 1645 697 1714 natus,
722 1661 855 1722 pronus
879 1643 928 1705 ad
950 1643 1053 1715 mala,
1084 1661 1191 1722 quam
1215 1644 1293 1722 ipsa
1325 1647 1454 1707 natura
1487 1646 1590 1725 cogat
1625 1649 1809 1725 corrupta.

471 1779 516 1789 -
539 1747 673 1811 Scribit
695 1750 790 1811 enim
812 1750 1105 1831 Augustinus,
1130 1749 1243 1811 XXII
1266 1749 1326 1812 De
1350 1749 1436 1812 Civ.
1461 1750 1557 1824 Dei,
1597 1753 1805 1831 capitulo

376 1860 392 1892 ⁰
471 1865 623 1918 ΧΧΙΙΙΙο
647 1875 654 1918 :
682 1856 797 1936 «Ipse
820 1876 975 1937 namque
989 1848 1004 1941 ΙΙ
1028 1856 1126 1920 Deus
1150 1858 1267 1919 anime
1295 1857 1447 1920 humane
1477 1861 1633 1920 mentem
1662 1859 1763 1921 dedit
1777 1864 1808 1932 ⁸,

472 1963 534 2024 ubi
571 1963 670 2025 racio
709 1967 745 2026 et
778 1964 1015 2045 intelligencia
1053 1964 1090 2025 in
1119 1965 1256 2027 infante
1287 1965 1405 2044 sopita
1437 1967 1491 2028 est
1526 1965 1803 2044 quodammodo,

471 2071 574 2150 quasi
596 2070 694 2132 nulla
716 2071 763 2132 sit
786 2072 976 2134 excitanda
999 2071 1146 2144 scilicet,
1170 2073 1281 2150 atque
1303 2072 1504 2135 exercenda
1521 2073 1626 2134 etatis
1642 2090 1807 2144 accessu,

470 2195 541 2257 qua
565 2177 612 2241 sit
634 2178 788 2240 sciencie
811 2197 926 2258 capax
947 2180 1056 2258 atque
1084 2178 1249 2240 doctrine
1279 2179 1315 2241 et
1338 2178 1468 2240 habilis
1491 2180 1722 2258 percepcioni
1743 2197 1808 2242 ve·

467 2284 584 2346 ritatis
608 2288 644 2346 et
667 2285 799 2347 amoris
822 2286 930 2347 boni:
955 2302 1027 2365 qua
1051 2286 1254 2364 capacitate
1273 2285 1416 2370 hauriat
1448 2285 1668 2365 sapienciam
1692 2287 1806 2348 virtu·

467 2392 636 2470 tibusque
659 2392 705 2453 sit
727 2392 880 2470 predita,
916 2393 1045 2472 quibus
1069 2391 1220 2466 fortiter,
1253 2392 1457 2472 prudenter,
1494 2394 1738 2474 temperanter
1762 2396 1798 2457 et

466 2498 568 2570 iuste,
593 2498 767 2561 adversus
792 2517 932 2561 errores
956 2501 991 2561 et
1015 2502 1137 2561 cetera
1158 2500 1366 2580 ingenerata
1388 2500 1481 2561 vicia
1502 2499 1657 2573 dimicet,
1685 2518 1805 2580 eaque

467 2605 598 2668 nullius
621 2606 674 2667 rei
697 2606 888 2679 desiderio,
912 2606 980 2668 nisi
1002 2606 1088 2668 boni
1110 2606 1205 2668 illius
1229 2607 1357 2667 summi
1371 2609 1481 2685 atque
1497 2607 1795 2670 incommutabilis

465 2712 596 2774 vincat.
621 2711 726 2798 Quod
750 2715 786 2775 et
808 2713 839 2774 si
862 2732 932 2775 non
954 2711 1074 2784 faciat,
1100 2713 1180 2792 ipsa
1202 2713 1327 2776 talium
1349 2714 1526 2775 bonorum
1556 2715 1739 2792 capacitas
1763 2715 1800 2776 in

467 2823 597 2881 natura
620 2819 791 2882 racionali
814 2821 985 2882 divinitus
1008 2820 1180 2892 instituta,
1205 2823 1378 2900 quantum
1391 2820 1438 2882 sit
1453 2820 1547 2892 boni,
1566 2838 1673 2901 quam
1692 2822 1799 2884 mira·

466 2926 539 2988 bile
561 2944 652 3006 opus
668 2917 683 3010 ΙΙ
709 2924 979 3006 omnipotentis,
1004 2927 1084 3007 quis
1110 2929 1355 3006 competenter
1376 2925 1512 2989 affatur
1542 2929 1604 2989 aut
1638 2928 1803 3008 cogitati

466 3032 593 3096 Preter
615 3034 708 3095 enim
724 3037 820 3097 artes
836 3035 928 3096 bene
943 3017 1098 3108 vivendi,
1123 3037 1159 3097 et
1180 3035 1228 3096 ad
1242 3034 1548 3097 immortalitatem
1562 3035 1796 3113 perveniendi

466 3139 745 3220 felicitatemque
782 3142 934 3204 virtutes
970 3143 1162 3214 vocantur,
1198 3144 1234 3203 et
1268 3141 1345 3203 sola
1379 3139 1446 3203 Dei
1481 3142 1621 3222 gracia,
1658 3160 1728 3220 que
1761 3141 1800 3203 in

464 3245 595 3328 Xpisto
618 3251 682 3322 est,
706 3248 790 3310 iiliis
813 3246 1057 3328 promissionis
1090 3249 1260 3328 regnique
1291 3248 1480 3321 donantur,
1504 3267 1621 3311 nonne
1643 3247 1804 3312 humano

463 3355 604 3436 ingenio
627 3357 681 3418 tot
703 3357 874 3434 tanteque
898 3357 994 3418 artes
1017 3356 1100 3417 sunt
1122 3355 1265 3417 invente
1288 3356 1324 3418 et
1347 3356 1551 3428 exercitate,
1575 3355 1708 3435 partim
1737 3374 1799 3418 ne·

462 3462 618 3525 cessarie
631 3455 657 3534 b,
681 3463 813 3542 partim
828 3463 1038 3535 voluntarie,
1062 3463 1103 3524 ut
1118 3464 1192 3524 tam
1208 3463 1386 3525 excellens
1400 3463 1456 3524 vis
1471 3463 1599 3526 mentis
1614 3465 1725 3542 atque
1740 3481 1801 3524 ra·

461 3569 572 3632 cionis
588 3569 624 3630 in
640 3569 707 3632 hiis
723 3571 837 3632 eciam
852 3570 970 3641 rebus,
992 3586 1082 3649 quas
1098 3567 1309 3648 superfluas,
1331 3587 1449 3650 ymmo
1466 3569 1697 3648 periculosas,
1715 3588 1799 3649 per·

458 3677 684 3756 niciosasque
705 3677 853 3756 appetit,
870 3679 1042 3756 quantum
1056 3677 1190 3739 bonum
1206 3675 1367 3738 habeatc
1389 3676 1428 3737 in
1445 3679 1583 3748 natura,
1608 3677 1706 3739 unde
1720 3677 1791 3738 ista

457 3784 575 3863 potuit
590 3785 648 3846 vel
663 3784 824 3846 invenire
838 3784 896 3846 vel
912 3783 1062 3854 discere,
1084 3784 1143 3846 vel
1158 3801 1326 3860 exercere
1348 3782 1526 3846 testetur?
1550 3780 1793 3846 Vestimento·

458 3909 538 3952 rum
554 3894 590 3953 et
606 3891 830 3955 edificiorum
845 3890 893 3952 ad
909 3908 1030 3970 opera,
1055 3907 1164 3970 quam
1184 3889 1374 3964 mirabilia,
1400 3908 1507 3970 quam
1530 3891 1719 3970 stupenda,
1743 3891 1798 3952 in·

458 3997 598 4059 dustria
612 3998 768 4060 humana
782 3997 1002 4078 pervenerit!
1023 3995 1102 4082 Quo
1119 3997 1155 4059 in
1170 3997 1397 4077 agricultura,
1417 4014 1488 4077 quo
1505 3997 1542 4058 in
1556 3997 1795 4077 navigacione

456 4103 676 4184 profecerit!
708 4104 786 4191 Que
808 4104 846 4166 in
867 4103 1111 4167 fabricacione
1146 4121 1369 4184 quorumque
1402 4121 1570 4166 vasorum
1593 4105 1651 4166 vel
1679 4105 1796 4166 eciam

456 4215 656 4275 statuarum
685 4215 720 4274 et
751 4213 973 4292 picturarum
1006 4212 1183 4274 varietate
1218 4210 1472 4291 excogitaverit
1507 4214 1543 4274 et
1578 4211 1793 4291 impleverit,

457 4320 587 4398 quein
618 4319 769 4382 theatris
797 4319 977 4381 mirabilia
1010 4318 1265 4398 spectantibus,
1298 4317 1543 4381 audientibus·
1561 4317 1788 4382 incredibilia

455 4425 624 4489 iacienda
647 4426 849 4489 exhibenda
870 4426 994 4488 molita
1016 4426 1089 4499 sit;
1123 4425 1160 4486 in
1184 4425 1377 4504 capiendis,
1401 4424 1618 4498 occidendis,
1644 4425 1795 4487 doman-

455 4535 512 4596 dis
528 4534 840 4596 irraciouabilibus
855 4533 1106 4606 animantibus,
1120 4551 1189 4611 que
1203 4535 1238 4593 et
1251 4534 1386 4610 quanta
1398 4531 1590 4611 repererit!
1605 4531 1793 4596 Adversus

366 4631 370 4639 ’
455 4642 552 4721 ipsos
575 4641 745 4712 homines,
770 4643 824 4703 tot
845 4652 976 4721 genera
998 4657 1226 4711 venenorum,
1249 4642 1304 4702 tot
1326 4657 1517 4710 armorum,
1534 4641 1589 4701 tot
1611 4638 1793 4702 machina·

452 4750 663 4822 mentorum,
688 4740 755 4810 et‘1
777 4767 844 4828 pro
867 4748 983 4810 salute
1005 4746 1149 4809 mortali
1172 4746 1306 4809 tuenda
1329 4748 1438 4826 atque
1466 4746 1672 4826 reparanda
1702 4749 1793 4826 quot

557 5173 590 5235 a)
613 5171 757 5225 -dedit
793 5173 826 5236 b)
848 5171 1017 5238 -partem
1033 5170 1219 5224 necessarie.
1250 5172 1279 5234 c)
1296 5186 1331 5218 =
1352 5169 1474 5224 habeat.
1505 5171 1538 5234 d)
1561 5197 1587 5206 -
1609 5183 1667 5237 pro
1687 5169 1788 5224 salute

451 5260 575 5313 mortali
593 5261 709 5314 tuenda
727 5262 820 5328 atque
834 5261 1018 5328 reparanda,
1037 5262 1113 5327 quot
1130 5260 1354 5314 medicamenta
1373 5261 1405 5314 et
1423 5297 1453 5313 ..
1477 5295 1507 5314 ..
