4300 6117
487 945 553 1008 114
996 955 1155 1010 LUCULA
1179 953 1320 1009 NOCTIS

484 1176 656 1258 Baptiste,
682 1181 717 1239 et
748 1179 869 1240 tamen
901 1178 1180 1257 prudentissime
1216 1179 1389 1258 scriptum
1426 1182 1503 1240 est:
1534 1197 1549 1230 r
1576 1178 1694 1241 Nolite
1728 1179 1826 1241 omni

483 1284 626 1365 spiritui
649 1284 808 1356 credere,
833 1288 888 1346 set
910 1286 1065 1364 probate
1088 1285 1255 1364 spiritum
1279 1289 1399 1346 utrum
1423 1304 1466 1346 ex
1483 1284 1561 1347 Deo
1577 1285 1624 1347 sit
1635 1283 1654 1359 ¹,
1679 1305 1724 1348 ne
1745 1287 1825 1348 sitis

482 1391 626 1470 decepti
641 1410 664 1452 a
687 1392 828 1472 negotio
850 1391 1124 1472 perambulante
1138 1393 1174 1452 in
1190 1392 1358 1463 tenebris,
1384 1394 1431 1455 ab
1448 1392 1594 1454 incursu
1606 1394 1642 1453 et
1658 1393 1826 1454 demonio

482 1498 681 1560 meridiano
701 1518 715 1551 »
732 1497 753 1560 2.
779 1496 809 1559 O
835 1500 960 1577 quanti
984 1499 1181 1578 qualesque
1213 1499 1347 1561 cadunt
1376 1499 1413 1560 in
1444 1499 1662 1561 reciaculum
1682 1498 1823 1571 falsum,

482 1623 521 1667 se
544 1605 732 1668 credentes
757 1605 882 1667 celitus
905 1606 1062 1667 visitari!
1096 1604 1288 1668 Errassent
1310 1605 1496 1677 Antonius,
1520 1604 1709 1678 Martinus,
1735 1605 1824 1668 Ger·

482 1730 616 1780 manus,
640 1710 856 1785 Bernardus,
884 1711 1091 1774 Dominicus
1116 1715 1152 1775 et
1174 1712 1398 1786 Franciscus,
1429 1713 1499 1774 nisi
1535 1714 1634 1776 docti
1671 1711 1824 1776 tuissent

481 1819 610 1899 sipiritu
625 1819 843 1900 distinguere
858 1820 963 1881 vires.
984 1853 1022 1860 -
1046 1818 1128 1900 Ipse
1144 1819 1219 1881 vidi
1237 1821 1337 1890 duos,
1362 1838 1499 1881 marem
1523 1823 1559 1882 et
1583 1819 1760 1892 feminam,
1785 1821 1825 1882 in

481 1926 746 1989 locis·diversis
770 1925 943 1988 habentes
967 1924 1180 1988 familiarem
1198 1927 1362 2006 spiritum
1378 1928 1497 2005 potius
1515 1927 1697 1989 ludentem
1714 1945 1823 2006 quam

481 2031 713 2097 famulantem
748 2033 891 2105 eisdem,
928 2035 1049 2095 tamen
1085 2051 1125 2096 se
1159 2034 1374 2096 ostendebat
1405 2034 1558 2112 utrique,
1582 2034 1628 2097 de
1660 2035 1821 2113 parvulis

367 2147 395 2178 ‘⁰
482 2140 593 2202 dabat
609 2157 791 2217 responsa,
808 2140 984 2219 quasdam
996 2129 1010 2222 {l
1028 2140 1188 2202 medelas
1204 2141 1384 2202 interdum
1400 2141 1629 2203 ministrabat
1645 2141 1819 2214 salubres,

480 2248 701 2316 numerabat,
726 2246 849 2326 exigue
872 2247 1038 2309 venerari
1075 2247 1235 2327 optabat,
1273 2250 1308 2308 et
1340 2248 1563 2309 mercenario
1597 2247 1696 2327 diligi
1719 2248 1821 2310 dedi·

480 2354 657 2434 gnabatur
695 2351 838 2415 attectu.
870 2386 909 2394 -
935 2352 1031 2438 Quid
1069 2353 1230 2415 dicemus
1254 2354 1300 2415 de
1324 2353 1393 2415 deo
1418 2352 1609 2417 Socratis?
1631 2352 1691 2416 Sic
1726 2355 1820 2416 enirn

481 2461 668 2524 demonem
692 2479 794 2522 suum
818 2462 892 2521 tam
916 2459 1052 2541 ipsein
1076 2461 1150 2522 suis
1174 2460 1398 2522 sermonibus
1423 2479 1533 2540 quam
1565 2461 1663 2523 scole
1696 2479 1820 2523 omnes

480 2568 673 2648 appellant.
698 2564 766 2628 Hic
789 2567 982 2629 videbatur
1005 2566 1187 2628 hominum
1211 2584 1316 2629 nosse
1355 2585 1473 2630 mores
1507 2566 1655 2640 tuturos,
1680 2585 1819 2647 premo·

479 2676 659 2753 nebatque
697 2692 799 2735 suum
835 2673 1006 2743 sodalem,
1036 2675 1098 2752 qui
1133 2675 1209 2736 eius
1248 2677 1378 2735 cuncta
1417 2674 1547 2754 agebat
1586 2675 1734 2736 consilio
1772 2675 1819 2736 de

479 2781 682 2844 adventatis
706 2780 901 2860 discipulis,
926 2798 1015 2859 quos
1040 2782 1225 2862 suscipere
1248 2799 1384 2860 quosve
1420 2780 1614 2860 repudiare
1649 2781 1817 2844 debebat.

478 2888 572 2950 illud
594 2887 740 2950 tandem
774 2889 958 2949 oraculum
993 2886 1163 2949 deificum
1199 2891 1234 2950 et
1270 2888 1462 2950 demonum
1496 2900 1625 2968 magna
1659 2892 1816 2959 caterva,

478 2997 548 3074 que
570 2994 786 3074 loquebatur
808 2995 845 3055 in
867 2993 994 3076 ydolis,
1019 2995 1149 3073 quibus
1172 2992 1257 3056 tana
1289 3013 1312 3056 a
1345 2992 1456 3056 tando
1494 2993 1688 3057 dicuntur³
1717 2993 1817 3057 tuere

478 3103 569 3164 mira
603 3102 744 3164 cultura
785 3104 999 3172 constructa,
1037 3102 1246 3181 deciperent
1284 3101 1390 3163 hodie
1425 3114 1571 3183 magnos
1605 3105 1640 3164 et
1673 3120 1815 3181 parvos,

480 3209 548 3270 nisi
572 3227 615 3270 ex
637 3209 739 3270 libris
761 3208 833 3269 iam
868 3207 971 3269 nobis
1006 3209 1173 3288 paterent
1207 3227 1331 3270 eorum
1367 3209 1570 3289 perniciosa
1605 3212 1815 3271 commenta.

481 3314 660 3377 Mutuavit
682 3314 794 3376 tidem
816 3314 958 3396 populis
975 3312 1130 3395 Spiritus
1144 3312 1306 3387 Sanctus,
1323 3316 1360 3375 in
1382 3316 1502 3396 specie
1518 3315 1691 3386 columbe,
1708 3333 1816 3396 super

269 3413 388 3478 132410
482 3421 648 3501 Xpistum
665 3422 886 3484 descendens
903 3411 929 3502 ll.
955 3419 1119 3505 Quedam
1138 3440 1281 3501 quoque
1297 3422 1396 3484 dicta
1411 3420 1576 3503 Gregorii
1591 3422 1637 3483 ab
1650 3423 1816 3484 incendio

482 3531 640 3592 servavit
663 3528 765 3591 illesa
777 3527 798 3590 ⁴.

416 3626 467 3690 17·
594 3634 698 3716 Ergo,
717 3653 763 3698 ne
787 3636 919 3698 dicturi
943 3654 1063 3697 sumus
1081 3637 1243 3698 sanctum
1261 3637 1297 3697 et
1311 3635 1475 3696 veritatis
1493 3635 1678 3696 doctorem
1694 3653 1814 3714 quem·

483 3760 634 3821 cumque
667 3743 831 3804 columba
866 3742 975 3805 habet
997 3761 1064 3822 pro
1088 3742 1227 3815 throno,
1263 3745 1325 3803 aut
1350 3742 1449 3803 cuius
1473 3759 1579 3803 aures
1603 3744 1721 3804 rostro
1745 3740 1814 3803 fre·

482 3852 639 3928 quentat,
665 3850 695 3911 si
720 3849 898 3911 credimus
921 3849 1045 3929 populi
1069 3849 1176 3910 dictis
1200 3850 1235 3910 et
1259 3848 1447 3928 scripturis
1471 3848 1663 3910 multorum
1687 3849 1812 3919 doctis,

481 3954 629 4036 Egiptus
665 3959 774 4035 atque
798 3953 903 4038 Syria
938 3956 1038 4018 alunt
1073 3955 1257 4017 columbas
1294 3958 1329 4017 et
1352 3955 1431 4016 vice
1466 3972 1651 4016 cursorum
1673 3954 1812 4016 litteras

480 4063 608 4143 ligatas
631 4063 698 4123 sub
722 4063 788 4124 alis
811 4063 948 4143 pervici
971 4063 1094 4124 volatu
1118 4062 1165 4124 ad
1188 4064 1311 4141 partes
1335 4061 1510 4123 distantes
1534 4059 1685 4123 deterre.
1714 4059 1812 4142 Legi·

480 4188 558 4231 mus
583 4187 725 4248 quoque
747 4169 907 4231 Maumet
930 4170 1074 4248 pavisse
1098 4168 1309 4240 columbam,
1345 4169 1382 4229 in
1415 4168 1562 4230 auribus
1597 4168 1670 4229 suis
1693 4169 1811 4248 granis

480 4277 617 4349 locatis,
642 4279 743 4338 extra
766 4295 856 4355 quas
880 4295 951 4338 non
973 4278 1117 4357 poterat
1141 4293 1270 4355 capere
1296 4275 1423 4344 cibum,
1449 4277 1498 4347 ut,
1522 4292 1565 4337 eo
1589 4274 1810 4355 predicante,

480 4402 546 4445 ceu
570 4381 724 4464 Spiritus
748 4381 909 4454 Sanctus,
950 4383 998 4445 ad
1028 4383 1171 4444 solitum
1194 4381 1361 4443 horreum
1383 4381 1509 4442 volans
1522 4386 1545 4452 ²,
1575 4382 1611 4442 in
1634 4382 1810 4444 mentibus

586 4720 618 4781 a)
638 4733 671 4763 ε
690 4715 832 4769 volitans.
874 4781 876 4784 Ι

587 4865 607 4931 ¹)
627 4867 657 4920 S.
678 4867 1020 4934 ioum.,12prsr.,1v,
1040 4867 1063 4918 1.

587 4953 607 5022 ⁷)
626 4957 740 5008 Psalm.
764 4956 825 5018 XC,
843 4961 869 5009 o.

586 5041 606 5109 ἢ
624 5045 726 5097 Ponte.
745 5045 875 5109 FESTUS,
894 5046 947 5098 Vl:
969 5045 1087 5110 «Faria,
1104 5046 1188 5113 qnod
1206 5044 1301 5098 tando
1318 5045 1573 5098 consecrantur».

585 5131 607 5200 ⁴)
627 5133 671 5186 Cl.
690 5133 721 5187 S.
745 5134 884 5203 Gregorii
902 5137 940 5186 M
968 5138 1037 5198 vita,
1056 5137 1136 5187 auct.
1156 5135 1273 5188 Ioanne
1291 5136 1437 5197 Diacono,
1455 5134 1508 5186 lib.
1526 5133 1576 5197 lv,
1594 5132 1639 5188 ⁶9.
1659 5133 1696 5186 In
1716 5133 1807 5201 Oper.

480 5223 579 5276 GREG.
601 5223 623 5288 1,
641 5223 702 5274 222.
