4300 6117
437 907 482 969 42
948 918 1106 973 LUCULA
1128 918 1268 972 NOCTIS

438 1141 628 1203 meditacio
667 1142 824 1203 tribuere
862 1141 963 1213 solet,
1002 1141 1070 1203 hoc
1107 1142 1186 1213 illis,
1222 1142 1360 1204 scilicet
1394 1142 1586 1223 ApostoliS,
1618 1142 1770 1224 Spiritus

439 1246 592 1309 Sanctus
615 1250 828 1328 suggerebat
843 1270 857 1302 r
870 1246 891 1309 ¹.

392 1351 423 1412 2.
549 1354 776 1416 Antecedens
798 1374 885 1416 vero
918 1355 1116 1415 bimembre
1150 1374 1217 1435 pro
1254 1356 1414 1434 qualibet
1444 1359 1548 1437 parte
1576 1358 1687 1437 ipsius
1718 1361 1772 1419 est

438 1462 584 1523 clarum.
630 1461 730 1531 Nam,
755 1461 854 1540 quod
877 1464 1043 1541 oporteat
1065 1460 1294 1541 Xpistianum
1321 1481 1444 1523 sacras
1466 1462 1621 1525 Litteras
1644 1464 1771 1543 legere,

438 1587 481 1629 ex
515 1588 557 1631 eo
593 1571 649 1630 est
680 1572 812 1639 notum,
851 1568 949 1647 quod
985 1568 1127 1649 expedit
1158 1569 1207 1631 ad
1235 1570 1387 1631 salutem
1410 1568 1636 1651 Xpistianum
1659 1574 1771 1632 totam

437 1694 578 1738 sacram
601 1673 825 1755 Scripturam
848 1675 1007 1747 credere,
1033 1678 1070 1736 et
1093 1676 1291 1754 quamlibet
1318 1680 1459 1757 partem
1483 1678 1576 1739 illius
1602 1678 1772 1758 implicite

436 1784 494 1844 vel
518 1783 683 1861 explicite
702 1782 722 1843 ².
762 1782 841 1843 Non
863 1783 956 1844 enim
980 1785 1035 1844 est
1057 1784 1172 1844 minus
1197 1782 1363 1849 infidelis.
1390 1785 1451 1862 qui
1466 1788 1573 1865 negat
1588 1783 1772 1846 Habraam

437 1889 527 1951 duos
551 1890 645 1950 lilios
668 1889 845 1961 habuisse,
880 1908 988 1968 quam
1011 1890 1072 1969 qui
1097 1891 1315 1969 dogmatizat
1337 1889 1506 1970 Xpistum
1528 1910 1599 1952 non
1623 1910 1702 1952 esse
1727 1892 1773 1953 de

436 1994 583 2076 Virgine
606 2000 744 2058 natum:
781 2016 873 2068 narn,
906 1998 942 2057 in
965 2000 1119 2075 utroque
1142 1997 1303 2069 articulo,
1328 1998 1493 2078 pariliter
1516 1999 1668 2078 derogat
1690 2017 1773 2060 auc·

438 2104 573 2165 toritati
598 2101 752 2182 Spiritus
774 2104 889 2164 sancti
913 2106 949 2165 et
971 2104 1115 2164 veritati
1146 2104 1326 2183 prelibate
1349 2102 1545 2184 Scripture.
1593 2103 1698 2165 Unde
1732 2105 1774 2166 lit

438 2211 545 2291 quod,
581 2229 662 2273 cum
685 2210 745 2271 ille
768 2229 790 2271 a
814 2210 1001 2271 maiestate
1032 2212 1068 2271 et
1103 2210 1172 2271 ista
1197 2229 1219 2270 a
1241 2211 1395 2272 veritate
1430 2211 1594 2292 pandunt
1618 2211 1771 2283 deserta,

437 2320 564 2379 neutro
588 2317 783 2378 auctoritas
807 2317 854 2378 de
875 2319 996 2378 cetero
1021 2317 1249 2378 concedatur.
1292 2316 1372 2379 Hoc
1395 2319 1507 2379 sensit
1530 2318 1634 2379 divus
1655 2317 1772 2397 Augu-

438 2426 551 2486 stinus
587 2424 748 2504 pluribus
783 2424 917 2503 pluries
952 2424 1105 2503 scripsit.
1152 2422 1214 2485 Ait
1245 2442 1399 2503 namque
1431 2424 1484 2486 ad
1513 2424 1773 2497 Ieronimum,

439 2532 591 2611 epistola
624 2531 756 2609 prIma:
795 2528 864 2590 «Si
899 2530 948 2591 ad
981 2527 1187 2609 Scripturas
1223 2549 1346 2592 sacras
1374 2531 1533 2592 admissa
1556 2529 1689 2592 fuerint
1717 2532 1774 2592 vel

439 2637 602 2699 officiosa
624 2637 821 2707 mendacia,
846 2637 934 2715 quid
957 2638 994 2697 in
1018 2638 1068 2698 eis
1094 2638 1293 2698 remanebit
1315 2638 1563 2700 auctoritatis?
1599 2636 1676 2722 Que
1699 2641 1775 2699 tan·

440 2745 591 2806 demde
615 2745 803 2824 scripturis
827 2744 897 2805 illis
922 2746 1105 2806 sentencia
1136 2746 1349 2824 proferetur,
1384 2746 1484 2806 cuius
1508 2745 1669 2824 pondere
1694 2764 1775 2807 con·

439 2853 598 2913 tenciose
618 2850 785 2912 falsitatis
802 2852 988 2912 obteretur
1002 2850 1238 2931 improbitas?
1250 2849 1283 2905 >>3
1299 2887 1340 2895 —
1353 2851 1452 2924 Item,
1478 2853 1663 2931 epistola
1678 2850 1774 2924 VIII,

440 2959 489 3021 ad
509 2960 676 3020 eundem:
705 2957 803 3038 «Ego
820 2959 904 3019 solis
920 2959 1164 3037 scriptoribus,
1183 2958 1244 3037 qui
1258 2958 1330 3018 iarn
1357 2960 1571 3021 «canonici»
1592 2960 1775 3040 appellan-

439 3070 507 3138 tur,
533 3066 644 3127 didici
679 3065 771 3127 hunc
795 3066 959 3127 timorem
981 3065 1224 3143 honoremque
1248 3064 1393 3138 referre,
1431 3068 1472 3127 ut
1494 3067 1628 3128 nullum
1652 3085 1777 3128 eorum

441 3192 583 3235 errasse
607 3173 761 3234 audeam
786 3172 935 3234 credere
959 3175 1025 3233 etc.
1043 3195 1057 3227 »
1073 3170 1094 3233 ⁴.

395 3283 426 3346 3.
552 3278 591 3340 Si
622 3282 742 3341 autem
778 3279 922 3358 expedit
945 3279 1102 3351 credere,
1139 3278 1303 3359 proiecto
1327 3282 1471 3358 oportet
1493 3280 1610 3359 legere
1634 3280 1692 3341 vel
1715 3298 1777 3341 au·

441 3388 529 3459 dire,
554 3387 652 3448 iuxta
676 3386 877 3448 doctrinam
900 3386 1136 3465 apostolicam
1159 3387 1211 3447 ad
1233 3385 1455 3447 Romanos:
1494 3384 1648 3448 «Omnis
1684 3387 1777 3447 enim

441 3495 656 3574 quicumque
689 3494 912 3554 invocaverit
948 3512 1077 3554 nomen
1114 3492 1265 3565 Domini,
1296 3493 1417 3554 salvus
1455 3494 1532 3554 erit.
1589 3492 1777 3577 Quomodo

441 3613 524 3680 ergo
559 3602 786 3670 invocabunt,
822 3601 860 3661 in
883 3617 989 3678 quem
1013 3620 1084 3662 non
1109 3600 1366 3662 crediderunt?
1401 3599 1474 3661 Aut
1497 3600 1677 3679 quomodo
1701 3618 1777 3662 cre·

441 3708 528 3770 dent
552 3709 593 3778 ei,
619 3726 725 3787 quem
748 3726 819 3768 non
842 3707 1051 3768 audierunt»
1077 3706 1196 3769 etc.?⁵
1219 3706 1357 3779 Adhuc,
1382 3707 1419 3767 in
1447 3705 1633 3786 Scriptura
1664 3704 1778 3768 Sacra

442 3817 644 3879 continetur
667 3817 741 3876 tota
766 3814 877 3875 series
900 3812 1136 3893 perfeccionis
1160 3813 1323 3875 humane.
1364 3812 1412 3874 Et
1436 3825 1533 3892 ergo:
1572 3812 1778 3898 ‹Quecum

441 3941 512 4001 que
546 3922 682 4001 scripta
718 3924 801 3982 sunt
835 3921 884 3982 ad
916 3924 1077 3982 nostram
1112 3921 1313 3983 doctrinam
1352 3922 1487 4000 scripta
1526 3923 1609 3982 sunt
1628 3943 1642 3975 i
1660 3919 1681 3980 ⁰.
1712 3918 1777 3980 Et:

444 4027 602 4091 «Omnis
625 4029 814 4107 scriptura,
849 4028 1019 4089 divinitus
1044 4028 1231 4107 inspirata,
1265 4027 1360 4088 utilis
1393 4029 1448 4089 est
1481 4026 1531 4088 ad
1565 4026 1777 4099 docendum,

441 4277 654 4287 β.-

548 4476 569 4542 ¹)
589 4477 618 4530 S.
636 4476 725 4528 HIER.
764 4477 863 4543 Epist.
884 4478 927 4528 ad
944 4476 1106 4528 Paulinum
1131 4476 1168 4527 de
1187 4475 1288 4526 studio
1307 4473 1545 4541 scripturarum.
1583 4474 1619 4526 In
1641 4473 1732 4541 Oper.
1757 4476 1780 4540 1,

442 4567 503 4631 543,
523 4563 541 4633 5
559 4567 585 4619 3.
887 4614 891 4622 ,

549 4652 569 4721 ²)
589 4655 618 4708 S.
636 4652 741 4707 Tuom.
760 4655 789 4706 1²
810 4655 866 4705 11ae
885 4654 921 4728 Q.
942 4654 1072 4715 LXXVI,
1091 4668 1119 4704 a.
1137 4652 1162 4703 2.

553 4742 573 4812 ³)
593 4745 622 4798 S.
640 4745 721 4798 Aue.
741 4745 793 4796 Ad
809 4744 934 4796 Hieron.
954 4740 972 4809 5
990 4742 1015 4795 3.
1035 4742 1070 4793 In
1092 4740 1182 4807 Oper.
1202 4739 1304 4803 1,6«18.

547 4833 569 4900 ⁴)
590 4835 634 4886 In.
653 4834 689 4885 In
709 4832 803 4900 Oper.
822 4832 925 4896 1,937.
948 4832 1034 4898 «Ego
1053 4830 1137 4883 enirn
1155 4828 1256 4881 fateor
1268 4828 1389 4881 caritati
1407 4832 1480 4883 tuae
1498 4831 1572 4883 solis
1585 4831 1630 4883 eis
1644 4830 1780 4897 Scriptu-

442 4939 547 4977 rarum
564 4922 659 4976 libris.
679 4922 732 4988 qni
744 4923 806 4989 jam
828 4920 1018 4974 ‹Canonici»
1039 4918 1246 4985 appellantur,
1260 4917 1353 4969 didici
1367 4918 1449 4972 hunc
1461 4920 1603 4972 timorem
1616 4920 1780 4973 honorem-

335 5049 340 5058 ·
442 5028 503 5080 qne
521 5012 647 5065 deferre
659 5047 751 5063 .....
765 5031 778 5057 »

549 5098 569 5165 b)
589 5100 618 5153 S.
637 5101 746 5163 PAUL,
764 5100 808 5150 ad
823 5099 922 5160 Rom,
941 5098 977 5162 X,
997 5098 1040 5150 13.

547 5188 569 5256 ⁸)
588 5190 641 5253 In,
659 5190 702 5240 ad
718 5188 806 5246 Rom.
824 5187 887 5252 XV,
905 5188 931 5238 4.
