4300 6117
447 998 511 1059 222
950 976 1110 1063 hucuca
1133 1008 1273 1063 uncus

445 1234 552 1294 cessit
568 1236 604 1294 et
620 1232 815 1305 Socratem,
840 1234 941 1294 annis
958 1235 1070 1295 terme
1087 1234 1272 1295 sexcentis.
1311 1232 1384 1295 Sed
1400 1234 1476 1296 veri
1492 1234 1645 1313 theologi
1661 1234 1774 1297 Abra·

444 1338 536 1413 ham,
572 1340 636 1402 Iob
661 1344 696 1402 et
720 1339 864 1421 Moyses
887 1343 1137 1420 precesserant
1166 1359 1232 1421 per
1255 1342 1376 1403 secula
1399 1341 1511 1403 multa
1535 1340 1716 1422 Orpheum
1740 1344 1775 1403 et

444 1446 579 1519 Innum,
604 1466 723 1528 ymmo
742 1449 862 1527 ipsum
885 1446 1082 1520 Platonem,
1107 1448 1269 1527 gencium
1292 1447 1476 1529 theologos
1500 1449 1645 1529 primos.

378 1555 429 1618 14.
551 1552 625 1615 Sed
648 1555 868 1615 dimittamus
891 1554 957 1615 hec
973 1556 1150 1626 universa,
1169 1572 1239 1633 que
1256 1556 1397 1635 exigunt
1413 1556 1555 1636 longum
1572 1556 1773 1626 tractatum,

444 1661 701 1740 videamusque
716 1662 878 1723 ordinem
894 1660 1179 1741 philosophandi,
1203 1644 1310 1740 quem
1334 1663 1456 1724 docuit
1479 1663 1559 1743 ipsa
1575 1660 1774 1742 Sapiencia,

443 1767 561 1829 Deus:
588 1768 655 1828 «In
678 1770 855 1849 principio
879 1769 1015 1830 creavit
1037 1767 1135 1830 Deus
1159 1769 1275 1830 celum
1299 1770 1335 1831 et
1358 1771 1509 1844 terram;
1534 1772 1632 1831 terra
1655 1771 1774 1831 autem

445 1878 524 1936 erat
544 1876 660 1937 inanis
684 1877 720 1937 et
742 1894 867 1947 vacua,
903 1877 941 1936 et
964 1877 1113 1938 tenebre
1148 1879 1251 1937 eraut
1280 1894 1388 1956 super
1411 1874 1540 1938 laciem
1565 1876 1695 1957 abyssi,
1731 1894 1775 1937 ac

444 1983 589 2061 spiritus
605 1982 746 2043 Domini
762 1983 946 2043 terebatur
961 2001 1070 2063 super
1087 2000 1226 2061 aquas»
1241 1980 1261 2043 ¹.
1280 1982 1409 2044 -Ista
1424 1986 1507 2044 sunt
1517 1983 1666 2044 exordia
1681 1980 1775 2044 lruc·

443 2092 547 2151 tuosa
570 2091 606 2151 et
622 2091 739 2169 prima
754 2090 931 2176 principia
947 2088 1234 2169 philosophandi,
1260 2107 1339 2168 que,
1365 2090 1395 2151 si
1412 2091 1491 2169 quis
1507 2109 1578 2151 non
1598 2090 1774 2161 habuerit,

321 2206 349 2236 ¹⁰
442 2197 595 2258 faciliter
611 2197 813 2277 prolabitur
828 2198 865 2257 in
881 2214 1031 2258 errores.
1045 2195 1259 2257 —Primum
1275 2199 1330 2257 est
1348 2186 1361 2279 {l
1380 2215 1485 2258 nosse
1501 2195 1659 2258 fideliter
1670 2195 1774 2276 Xpis·

442 2304 526 2374 tum,
552 2304 622 2382 qui,
646 2305 726 2383 ipso
750 2306 850 2375 teste,
887 2306 942 2365 est
965 2304 1189 2383 principium,
1216 2304 1276 2382 qui
1298 2303 1459 2383 loquitur
1482 2302 1616 2375 nobis²,
1641 2304 1678 2363 in
1703 2321 1774 2382 quo

323 2418 352 2450 ¹⁰
440 2409 538 2471 Deus
555 2410 663 2472 Pater
686 2414 857 2490 tanquam
880 2412 917 2471 in
940 2410 1087 2489 speculo
1111 2411 1305 2489 exemplari
1322 2410 1426 2471 simul
1445 2413 1575 2473 cuncta
1595 2411 1740 2472 creavit.
1758 2399 1772 2492 l!

326 2582 330 2589 ,
441 2516 701 2579 —Secundum
725 2520 779 2580 est
802 2518 953 2589 creacio,
970 2520 1018 2588 ut,
1037 2535 1117 2578 cum
1131 2518 1273 2578 veneris
1290 2517 1338 2578 ad
1361 2517 1609 2596 phisicam
1632 2516 1664 2577 Α
1679 2517 1773 2577 ris·

440 2625 634 2696 totilis,
674 2625 744 2686 tria
767 2626 882 2704 prima
906 2624 1099 2703 principia:
1136 2624 1331 2697 materiam,
1364 2623 1515 2685 formam
1540 2626 1575 2685 et
1598 2624 1773 2704 privacio-

439 2730 551 2804 nemt,
591 2732 844 2811 nescioquam
876 2732 1145 2811 obiurgandam,
1186 2734 1221 2793 et
1256 2734 1377 2793 cetera
1401 2732 1480 2803 tria,
1520 2748 1590 2809 que
1614 2731 1774 2792 meminit

439 2837 570 2900 Lucius
594 2837 776 2900 Seneca
801 2840 845 2900 in
869 2836 1117 2917 epistolat,
1142 2838 1317 2900 audacter
1331 2835 1484 2909 refellas,
1501 2837 1622 2919 ydeali
1636 2838 1775 2917 pariter

440 2949 475 3007 et
498 2950 634 3027 agente,
672 2947 824 3008 adorata
848 2964 928 3007 cum
952 2943 1089 3024 Spiritu
1106 2942 1247 3007 Sancto.
1272 2977 1313 2986 —
1329 2941 1477 3006 Tercius
1502 2947 1557 3006 est
1580 2944 1695 3005 cultus
1719 2944 1772 3005 di·

438 3054 542 3114 vinus
567 3058 602 3115 et
627 3054 833 3115 reverencia
858 3053 981 3114 debita
1004 3053 1108 3114 unius
1131 3051 1198 3113 Dei
1223 3052 1342 3123 solius,
1368 3070 1448 3113 cum
1475 3052 1641 3113 subditur
1663 3051 1771 3113 Deus.

439 3196 481 3209 -
507 3159 681 3245 Quartum
710 3163 772 3232 est,
812 3160 911 3240 quod
934 3160 1026 3220 scias
1050 3160 1200 3220 meliora
1224 3159 1463 3220 deterioribus
1487 3159 1705 3238 premittere,
1736 3160 1773 3219 et

438 3271 586 3347 propter
603 3268 767 3347 spiritum
780 3268 929 3328 celicum
944 3268 1036 3327 scire
1053 3269 1090 3328 et
1104 3266 1196 3327 velle
1212 3266 1367 3327 subdere
1384 3284 1537 3327 carnem.
1549 3264 1772 3350 -Quintum

438 3377 493 3437 est
528 3377 624 3436 terre
661 3377 697 3435 et
731 3375 887 3435 omnium
921 3374 1183 3434 mundanorum
1211 3375 1445 3452 contemptus,
1488 3373 1572 3451 quia
1596 3376 1693 3435 terra
1717 3376 1774 3434 est

436 3483 552 3543 inanis
576 3485 612 3543 et
636 3479 866 3552 infructuosa,
891 3499 1007 3542 vacua
1031 3480 1126 3541 omni
1150 3497 1236 3541 vera
1260 3481 1433 3541 sacietate
1458 3482 1493 3542 et
1514 3480 1657 3542 virtute.
1683 3479 1771 3542 Ideo

438 3608 508 3651 non
532 3592 587 3651 est
610 3591 759 3670 propter
782 3588 929 3666 aliquod
952 3589 1085 3649 bonum
1102 3590 1283 3648 terrenum
1300 3586 1525 3657 studendum,
1551 3586 1616 3648 sed
1632 3589 1771 3648 tantum

437 3699 586 3776 propter
609 3696 779 3756 divinum.
805 3693 1009 3756 -Sextum
1033 3696 1089 3756 est
1110 3693 1292 3755 humilitas
1316 3694 1391 3754 sive
1413 3694 1573 3774 cognicio
1596 3694 1660 3763 sui,
1685 3694 1771 3772 quia

438 3804 572 3866 nullum
595 3804 715 3864 lumen
737 3802 900 3863 veritatis
924 3820 1113 3881 possumus
1138 3820 1160 3862 a
1184 3801 1286 3862 nobis
1311 3800 1455 3873 habere,
1489 3819 1598 3880 quum
1622 3802 1771 3863 tenebre

437 3914 520 3973 sunt
542 3928 651 3989 snper
674 3910 802 3971 taciem
836 3909 967 3990 abyssi,
1005 3908 1101 3969 idest
1123 3908 1334 3978 intellectus,
1376 3909 1438 3986 qui
1473 3912 1527 3969 est
1550 3908 1688 3968 infinite
1711 3925 1770 3969 ca·

436 4018 604 4097 pacitatis
628 4012 1036 4097 sincathegreumatice⁵.
1062 4046 1105 4057 -—
1129 4013 1327 4095 Septimum
1351 4018 1406 4075 est
1431 4032 1598 4077 recursus
1619 4015 1667 4076 ad
1691 4013 1769 4095 Spi-

437 4125 543 4186 ritum
567 4122 738 4186 Sanctum
761 4142 828 4203 pro
855 4122 1018 4184 veritatis
1046 4122 1127 4183 luce
1156 4120 1300 4195 decora,
1331 4140 1353 4182 a
1394 4139 1464 4200 quo
1491 4123 1632 4183 veritas·
1653 4122 1769 4183 omnis

437 4234 590 4293 emanat.

369 4336 421 4399 15.
543 4337 681 4400 Videor
703 4336 867 4400 fortassis
891 4336 1075 4397 moraliter
1098 4336 1206 4415 loqui,
1247 4334 1312 4396 sed
1336 4336 1421 4413 quia
1451 4335 1601 4397 «littera
1625 4335 1767 4407 occidit,

435 4447 582 4527 spiritus
607 4448 727 4507 autem
750 4444 911 4505 viviticat
927 4442 976 4515 »“,
1016 4461 1100 4504 reor
1123 4442 1370 4522 principaliter
1398 4441 1466 4503 hoc
1490 4460 1569 4504 esse
1592 4442 1769 4522 signatum

541 4832 562 4897 ¹)
581 4831 626 4886 cf.
649 4832 877 4896 Genes.,1,1·3.

541 4920 563 4989 Ἴ
582 4923 613 4975 8.
630 4922 764 4985 Mami..
782 4922 819 4983 X,
838 4922 881 4975 20.

542 5009 562 5077 ³)
580 5013 684 5064 AmsT.
703 5011 717 5063 I
736 5012 857 5077 Phystc.
877 5011 947 5063 lect.
966 5011 1030 5062 ΧΠ.

539 5100 562 5166 ⁴)
579 5102 612 5153 L.
631 5103 688 5155 Au.
707 5100 828 5164 διίκεο,
845 5102 888 5152 ad
905 5102 998 5153 Lucil.
1017 5100 1214 5153 Naturalium
1232 5102 1443 5165 quaestionum
1461 5099 1513 5151 lib.
1531 5098 1611 5163 V1,c
1641 5107 1663 5150 v
1676 5099 1706 5151 et
1719 5112 1766 5165 sq.

540 5187 561 5256 ὓ)
579 5192 662 5245 Ponr
679 5192 1005 5259 stnouthegoremuttce.

539 5278 1107 5345 usmmummmams
