4300 6117
839 937 1026 990 IOHANNIS
1049 936 1230 990 DOMINICI
1658 925 1701 988 97

368 1159 541 1222 honorem
565 1163 601 1221 et
623 1161 801 1240 egregiam
822 1159 966 1230 famam,
991 1160 1135 1221 dicens:
1176 1158 1375 1237 «Proposui
1398 1159 1617 1238 sapienciam
1640 1160 1703 1221 ad·

369 1267 503 1329 ducere
525 1267 611 1327 mihi
634 1267 682 1328 ad
707 1267 976 1338 convivendum,
1010 1266 1127 1328 sciens
1151 1266 1319 1346 quoniam
1349 1283 1488 1327 mecum
1512 1267 1702 1327 communi-

370 1374 468 1435 cabit
491 1374 674 1446 debonis,
700 1373 821 1435 eterit
844 1373 1020 1436 allocucio
1039 1372 1268 1452 cogitacionis
1292 1375 1328 1434 et
1344 1372 1431 1433 tedii
1447 1372 1526 1434 mei.
1552 1371 1704 1435 Habebo

369 1482 521 1560 propter
542 1480 633 1542 banc
670 1480 872 1542 claritatem
908 1480 957 1541 ad
980 1481 1116 1550 turbas,
1156 1482 1192 1542 et
1215 1479 1386 1541 bonorem
1416 1479 1515 1558 apud
1545 1480 1704 1542 seniores

369 1586 527 1659 iuvenis;
567 1590 694 1648 acutus
719 1587 881 1648 inveniar
903 1588 941 1647 in
971 1586 1114 1658 iudicio,
1155 1586 1251 1647 etin
1285 1589 1478 1665 conspectu
1500 1588 1705 1665 potencium

370 1694 594 1755 admirabilis
619 1713 691 1766 ero,
733 1696 768 1755 et
791 1692 902 1755 iacies
936 1693 1139 1772 principum
1168 1693 1393 1753 mirabuntur
1418 1711 1491 1766 me;
1527 1694 1705 1755 tacentem

368 1819 427 1862 me
448 1800 684 1870 sustinebunt,
710 1804 745 1862 et
769 1800 973 1878 loquentem
988 1818 1046 1860 me
1070 1800 1272 1878 respicient,
1298 1801 1343 1870 et,
1365 1799 1627 1860 sermocinante
1649 1817 1706 1861 me

369 1908 485 1986 plura,
509 1926 634 1969 manus
659 1925 743 1968 suas
766 1907 821 1969 ori
844 1907 1040 1985 imponent.
1082 1906 1253 1967 Preterea
1275 1906 1416 1967 habebo
1439 1924 1505 1986 per
1528 1906 1620 1968 banc
1642 1907 1705 1968 im·

368 2014 635 2085 mortalitatem,
661 2017 696 2075 et
720 2014 929 2075 memoriam
953 2016 1116 2074 eternam
1132 2012 1208 2083 biis,
1235 2012 1296 2091 qui
1312 2015 1395 2093 post
1410 2031 1467 2074 me
1482 2011 1593 2075 futuri
1612 2016 1703 2086 sunt,

369 2121 595 2199 relinquam»
611 2119 630 2180 ¹.
672 2119 808 2200 Regina
833 2137 977 2198 quoque
1000 2117 1107 2192 Saba,
1149 2137 1256 2198 quam
1290 2120 1453 2198 plerique
1476 2119 1576 2180 aiunt
1600 2139 1706 2182 unam

370 2246 414 2289 ex
429 2227 555 2289 decern
571 2224 705 2288 Sibillis
721 2224 842 2297 luisse,
862 2245 932 2288 non
947 2226 1098 2299 diviciis,
1123 2245 1194 2287 non
1210 2226 1460 2305 pulcritudine,
1485 2245 1556 2288 non
1574 2227 1706 2289 ameni·

368 2337 445 2396 tate
468 2333 637 2404 locorum,
676 2333 742 2395 sed
776 2333 853 2394 sola
890 2333 1076 2412 sapiencia
1116 2334 1191 2394 eius
1226 2330 1322 2393 lama
1350 2334 1523 2410 permota,
1562 2335 1661 2395 venit
1683 2353 1705 2395 a

369 2438 502 2502 linibus
539 2442 645 2511 terre,
684 2440 801 2519 prima
836 2438 1000 2501 Veritate
1036 2439 1074 2500 id
1109 2442 1303 2519 prestante,
1328 2439 1453 2501 videre
1486 2441 1705 2519 sapienciam

371 2545 570 2609 Salomonis
580 2547 601 2609 ⁴².
640 2544 689 2608 Et
710 2547 848 2619 merito,
874 2546 941 2608 soli
965 2546 1146 2625 sapiencie
1171 2547 1324 2608 debetur
1346 2546 1458 2607 bonos
1481 2546 1648 2625 famaque
1670 2551 1706 2610 et

370 2656 542 2716 memoria
566 2674 646 2716 cum
668 2654 795 2715 laude:
821 2672 929 2733 quum
946 2654 1079 2726 cetera,
1104 2671 1147 2715 ex
1171 2654 1300 2732 quibus
1316 2653 1486 2715 laudatur
1503 2653 1618 2726 homo,
1643 2656 1706 2715 aut

370 2762 487 2822 aliena
511 2763 602 2832 sunt,
627 2762 690 2822 aut
713 2758 845 2832 infima,
874 2759 1058 2839 sapiencia
1082 2778 1169 2822 vero
1193 2778 1330 2821 summa
1354 2778 1412 2821 res
1436 2763 1549 2822 estet
1573 2760 1705 2822 homini

370 2868 528 2947 propria,
569 2868 827 2929 nobilissimam
849 2871 990 2945 partem
1014 2867 1120 2937 illius,
1160 2867 1298 2928 scilicet
1320 2867 1511 2939 racionem,
1547 2868 1620 2929 alte
1644 2868 1704 2929 de·

373 2991 511 3036 coraus.

477 3079 593 3165 Quam
615 3083 764 3142 venuste
787 3080 854 3142 boc
878 3080 1025 3142 deducit
1041 3079 1229 3159 Apuleius²
1243 3081 1279 3141 in
1295 3080 1387 3142 libro
1412 3079 1618 3159 quemfecit
1640 3081 1702 3143 De
1718 3077 1748 3140 7.

371 3188 461 3250 deo
488 3184 756 3259 Socratis³,
797 3205 840 3248 ex
864 3187 963 3248 cuius
1003 3186 1183 3248 mellifluis
1206 3188 1326 3249 verbis
1362 3188 1578 3266 paucissima
1614 3189 1701 3250 reci·

370 3296 472 3357 tabo:
499 3294 643 3374 «Neque
659 3295 762 3366 enim,
787 3295 911 3373 inquit,
937 3294 1138 3373 exemplum
1162 3294 1343 3366 inducens,
1367 3295 1405 3354 in
1425 3295 1584 3356 emendis
1601 3295 1702 3373 equis

368 3400 501 3464 faleras
525 3402 793 3464 consideramus
817 3404 852 3462 et
867 3401 979 3462 baltei
994 3402 1165 3480 polimina
1181 3401 1398 3479 inspicimus,
1425 3404 1460 3462 et
1476 3401 1702 3464 ornatissime

369 3509 519 3570 cervicis
552 3507 702 3570 divicias
738 3507 1036 3587 contemplamur;
1073 3508 1103 3569 si
1136 3526 1180 3569 ex
1203 3525 1291 3569 auro
1327 3509 1363 3568 et
1391 3510 1539 3587 argento
1569 3508 1703 3587 gremio

368 3615 513 3678 monilia
534 3615 636 3676 varie
658 3626 745 3695 gaze
769 3615 983 3694 dependent,
1008 3615 1039 3676 si
1061 3615 1170 3694 plena
1192 3615 1281 3675 artis
1298 3617 1509 3675 ornamenta
1533 3615 1642 3694 capiti
1667 3618 1702 3677 et

369 3722 460 3784 collo
485 3722 748 3794 circumiacent,
773 3722 803 3783 si
826 3720 929 3783 irena
952 3722 1079 3794 celata,
1104 3723 1135 3783 si
1159 3721 1328 3800 ephipbia
1351 3719 1483 3793 fucata,
1509 3722 1540 3783 si
1565 3722 1703 3801 cingula

368 3831 498 3890 aurata
521 3831 613 3889 sunt.
649 3826 720 3899 Set,
746 3828 823 3890 istis
846 3828 1011 3890 omnibus
1035 3829 1172 3889 exuviis
1196 3828 1340 3890 abolitis
1358 3831 1393 3889 et
1409 3828 1547 3900 amotis,
1574 3846 1704 3907 equum

368 3937 487 4015 ipsum
509 3935 654 4005 nudum,
691 3936 726 3996 et
750 3934 864 3996 solnm
897 3953 1026 4014 corpus
1052 3935 1128 3996 eius
1157 3938 1192 3996 et
1216 3935 1374 3996 animum
1411 3935 1703 4014 contemplamur,

368 4044 408 4103 ut
430 4043 478 4104 sit
502 4042 552 4103 ad
574 4042 732 4120 speciem
748 4041 927 4113 honestus,
951 4042 1000 4103 ad
1018 4059 1203 4102 cursuram
1219 4045 1375 4122 vegetus,
1401 4044 1437 4103 et
1457 4042 1506 4102 ad
1521 4044 1706 4104 vecturam

367 4149 520 4210 validus.
567 4147 643 4209 Iam
667 4149 819 4227 primum
842 4148 880 4209 in
904 4166 1064 4228 corpore,
1090 4149 1121 4209 si
1145 4148 1212 4210 sit:

622 4301 772 4370 Argutum
790 4305 893 4369 caput,
909 4303 1015 4355 brevis
1034 4303 1132 4366 alvus,
1151 4305 1308 4370 obesaque
1326 4305 1420 4370 terga.

622 4390 832 4457 Luxuriatque
850 4391 950 4444 thoris
968 4392 1142 4444 animosum
1161 4394 1269 4459 pectus
1288 4392 1437 4445 honestis.

372 4585 587 4593 .—————-—

475 4792 508 4852 a)
528 4805 563 4835 .·-·
582 4788 738 4855 Epnleius.

476 4982 497 5049 ¹)
516 4982 759 5050 Sapienl.,V111,
775 4983 850 5037 9-13.

477 5069 744 5141 tmRmut

476 5157 497 5226 ⁸)
516 5160 561 5214 Ci.
579 5177 685 5228 supro,
701 5177 731 5230 p.
750 5162 794 5226 8⁵,
811 5164 884 5215 note
902 5164 929 5215 7.
