4300 6117
816 979 1002 1033 IOHANNIS
1026 979 1207 1032 DOMINICI
1637 968 1679 1032 77

347 1204 384 1264 et
407 1205 546 1283 tempus
570 1203 736 1276 metendi,
761 1203 827 1265 sed
850 1221 920 1283 que
943 1203 1014 1264 sint
1036 1203 1098 1263 illa
1114 1205 1277 1281 tempora
1300 1220 1371 1263 non
1387 1202 1484 1274 dixit,
1509 1203 1559 1263 ad
1580 1206 1682 1264 natu·

347 1310 460 1371 ratem
475 1309 737 1390 philosophiam
755 1329 817 1372 eos
833 1310 1042 1372 remittens?
1066 1307 1188 1393 Quid?
1212 1309 1242 1370 si
1256 1309 1477 1388 indispositis
1493 1309 1683 1371 crederent

348 1417 484 1478 semina
507 1417 632 1478 sulcis!
664 1415 788 1501 Quid?
811 1418 842 1478 si
866 1417 969 1477 tabas
992 1419 1198 1495 autumpno,
1239 1417 1356 1478 cicera
1378 1416 1518 1477 hieme⁸
1551 1419 1586 1478 et
1609 1415 1681 1478 iru-

348 1526 506 1584 mentum
533 1526 695 1585 sererent
717 1525 820 1585 vere!
852 1523 1036 1602 Numquid
1070 1520 1290 1602 proficerent
1323 1525 1438 1584 estate
1474 1524 1680 1602 plantando,

348 1630 540 1692 inserendo
563 1632 630 1692 sub
652 1629 772 1702 Libra,
797 1631 958 1709 putando
982 1631 1049 1691 sub
1073 1630 1171 1690 Cane
1205 1633 1242 1690 et
1275 1630 1424 1691 arbores
1459 1631 1682 1709 contignatas

349 1738 415 1798 sub
431 1735 550 1799 Leone
567 1738 798 1800 scindentes?
822 1727 836 1820 Ιὶ
862 1736 1004 1822 Quanta
1029 1739 1085 1798 est
1107 1737 1158 1798 eis
1174 1737 1337 1816 perutilis
1359 1737 1517 1798 celorum
1547 1739 1682 1816 tempo·
1769 1733 1799 1795 L
1814 1733 1893 1796 30'0

349 1862 499 1924 rumque
522 1845 668 1924 pericia,
708 1864 752 1906 ne
776 1844 942 1906 laborent
964 1844 1000 1904 in
1025 1862 1177 1916 cassum,
1215 1862 1260 1904 ne
1283 1862 1327 1904 ve
1350 1845 1397 1904 sit
1422 1843 1683 1906 infructuosum

348 1969 439 2030 opus
462 1951 630 2030 ipsorum,
660 1970 731 2032 quo
754 1951 962 2012 radicaliter
985 1962 1094 2029 genus
1111 1940 1338 2012 substentatb
1360 1950 1572 2011 humanum!
1597 1951 1682 2013 Pro·

348 2055 443 2119 fecto
467 2057 600 2119 PIInius
612 2055 632 2129 ¹,
658 2057 840 2120 Palladius
851 2057 870 2130 ²,
901 2055 1227 2137 crescenciusque³
1250 2059 1300 2118 eis
1317 2057 1466 2118 multum
1481 2058 1680 2136 prodesset,

349 2182 420 2244 quo
445 2165 558 2227 eciam
582 2183 666 2226 usus
691 2183 755 2226 sue
778 2165 867 2226 artis
890 2165 1050 2245 prestitit
1072 2177 1211 2244 gnaros.

457 2269 495 2333 Si
519 2271 565 2332 de
599 2272 805 2351 pastoribus
838 2272 1027 2350 loquimur,
1064 2271 1270 2332 animalium
1293 2271 1386 2332 scire
1409 2274 1567 2344 naturas,
1604 2272 1682 2332 her·
1697 2267 1727 2329 2.

350 2379 477 2440 barum
500 2379 605 2450 vires,
630 2379 859 2441 condiciones
883 2380 1053 2450 locorum,
1079 2380 1288 2458 temporum,
1312 2379 1553 2456 proprietates
1573 2397 1683 2457 aqua·

350 2503 438 2556 rum,
479 2484 628 2547 effectus
666 2488 702 2547 et
725 2486 977 2564 impressiones
1015 2485 1172 2546 celorum
1211 2487 1266 2546 est
1288 2485 1357 2546 illis
1384 2486 1684 2565 quamplurimum

349 2595 575 2671 oportunum.
601 2592 758 2654 Prosunt
782 2593 875 2654 enIm
898 2593 996 2654 venti
1020 2592 1167 2670 quidam
1191 2592 1239 2653 ad
1261 2593 1460 2672 genituram
1482 2593 1625 2654 illorum
1649 2594 1685 2653 et

349 2700 482 2760 obsunt
504 2700 669 2779 oppositi,
711 2697 864 2783 Quidam
887 2701 1085 2778 propterea
1107 2699 1268 2786 marium,
1305 2699 1451 2777 quidam
1476 2718 1562 2761 vero
1586 2698 1684 2760 femi·

350 2823 477 2866 narum
512 2808 662 2867 causant
697 2805 840 2866 fetum⁴.
888 2806 1050 2867 Pavones
1082 2807 1294 2886 concipiunt,
1335 2806 1486 2867 roscidis
1522 2807 1683 2884 sumptis,

350 2913 463 2974 multa
497 2913 738 2993 languescunt.
776 2912 878 2974 Licet
912 2915 1032 2974 autem
1069 2931 1174 2974 sacra
1201 2911 1372 2974 Doctrina
1395 2912 1434 2972 id
1468 2912 1683 2984 manitestat,

351 3038 503 3081 narrans
519 3022 723 3081 sanctorum
739 3020 894 3098 primum
911 3021 971 3098 qui
987 3020 1193 3082 ammalium
1208 3023 1373 3100 pastores
1389 3018 1500 3093 fuere,
1518 3021 1685 3082 solertem

349 3126 593 3205 prudenciam,
618 3145 690 3206 qua
713 3126 817 3188 ditati
842 3130 926 3189 sunt
949 3127 986 3187 in
1008 3127 1227 3199 immensum,
1252 3127 1344 3188 sicut
1367 3129 1490 3188 notum
1514 3129 1569 3188 est
1589 3127 1685 3205 prin·

352 3335 566 3344 ———

458 3534 491 3594 u)
511 3547 545 3576 :
563 3530 666 3598 hyms.
703 3532 735 3594 b)
753 3547 788 3576 =
807 3531 969 3584 sustentet.

459 3713 583 3781 ¹)P1.1N.
602 3718 683 3768 Hist.
701 3717 773 3770 Nat.
792 3718 898 3769 XVIII.

459 3801 480 3869 ²)
505 3806 573 3858 Rut.
599 3803 690 3858 Taur.
715 3807 817 3859 AEmil.
843 3807 1014 3870 Palladius,
1040 3815 1222 3874 agronome,
1246 3808 1287 3860 de
1311 3808 1342 3860 la
1366 3806 1412 3860 fin
1436 3808 1480 3861 du
1504 3809 1559 3860 1ve
1585 3809 1685 3862 siecle.

350 3893 446 3946 Outre
472 3908 529 3946 son
555 3894 647 3947 tratre
674 3897 721 3948 De
739 3911 773 3948 re
792 3899 916 3958 rustica,
943 3911 982 3949 en
1001 3896 1035 3949 13
1054 3896 1159 3959 liures,
1187 3911 1229 3949 on
1246 3912 1265 3950 a
1283 3898 1324 3950 de
1341 3896 1384 3949 lui
1408 3912 1452 3949 nn
1476 3899 1628 3963 opuscule
1647 3913 1686 3950 en

349 3998 422 4036 vers
440 3984 488 4036 De
507 3986 655 4036 insitione.
675 3983 718 4036 ei.
731 3985 789 4037 ΕΙ).
802 3985 937 4047 GESNER,
957 3985 1132 4051 Scriptores
1148 3990 1195 4038 rei
1211 3990 1353 4050 rusticae,
1373 3989 1393 4038 t.
1407 3987 1443 4048 11,
1456 3987 1594 4055 LeIpzig,
1609 3988 1687 4040 1773·

460 4068 481 4136 ³)
498 4073 609 4125 Petrus
628 4074 668 4125 de
687 4073 879 4138 Crescentiis,
898 4088 958 4140 que
977 4074 1130 4127 Dominici
1147 4076 1271 4141 appelle
1287 4073 1479 4129 crescentius
1497 4077 1578 4129 etait
1596 4077 1686 4144 origi·

350 4162 437 4214 naire
462 4161 503 4213 de
521 4161 667 4230 Bologne,
696 4164 737 4215 oir
760 4164 783 4214 il
807 4163 957 4216 florissait
976 4178 1049 4216 vers
1077 4164 1155 4218 1280.
1181 4165 1207 4216 Il
1226 4165 1355 4231 s'acqnit
1379 4180 1441 4218 une
1459 4167 1579 4232 grande
1598 4167 1687 4233 repu-

351 4251 448 4303 tation
466 4265 523 4316 par
542 4265 599 4303 son
618 4260 754 4320 ouvrage
772 4268 812 4305 en
830 4253 885 4304 XII
902 4253 1013 4304 livres:
1038 4255 1086 4305 De
1112 4254 1249 4305 omnibus
1273 4255 1477 4321 agriculturae
1492 4256 1640 4320 partibus
1658 4257 1689 4308 et

351 4341 388 4392 de
402 4339 582 4406 plantarum
600 4343 835 4406 animaliumque
853 4344 965 4394 nutura
984 4345 1013 4394 et
1031 4343 1167 4395 utilitate.
1194 4343 1687 4407 Ed.Louvain,1473,Ba1e1548,

352 4431 409 4482 etc.
439 4427 484 4480 ei,
503 4429 679 4492 FABRICIUS,
699 4431 777 4482 Bibl.
795 4431 847 4482 lui.
866 4433 941 4483 med.
961 4433 991 4483 ei
1009 4429 1063 4494 tuf.
1079 4434 1198 4495 aetaiis,
1217 4431 1333 4494 11,400.

459 4515 480 4582 ⁴)
499 4517 559 4570 Sur
576 4519 608 4570 la
625 4519 797 4585 pretendue
815 4519 970 4573 iufluence
989 4535 1050 4586 que
1068 4522 1114 4572 les
1133 4521 1267 4573 Anciens
1290 4522 1491 4574 attribuaient
1518 4537 1578 4574 aux
1596 4524 1687 4575 venis

352 4605 429 4660 dans
448 4607 479 4660 la
497 4607 684 4675 generation,
703 4607 740 4660 ci.
760 4609 863 4661 ARIST.
881 4611 919 4662 de
940 4609 1142 4662 Generaitone
1160 4611 1292 4662 Animal.
1311 4610 1359 4672 IV,
1377 4620 1408 4662 11.
1433 4610 1587 4663 Dominici
1605 4611 1687 4663 avait

353 4697 472 4748 suriam
491 4710 531 4747 en
548 4711 609 4750 rue
627 4713 663 4750 ce
682 4698 766 4750 texte
784 4697 959 4761 d'Aristote,
978 4700 1023 4751 De
1036 4698 1167 4751 Animal.
1181 4701 1305 4761 Histor,
1323 4699 1375 4752 lib.
1388 4699 1439 4762 v1,
1460 4715 1526 4766 cap.
1540 4709 1604 4761 xlx,
1618 4716 1647 4751 n.
1661 4701 1686 4762 2,

352 4787 393 4837 oti
409 4785 431 4837 il
450 4785 512 4836 dit:
541 4787 681 4839 «Ventus
701 4788 953 4853 septentrionalis
972 4788 1138 4854 coadjuvat
1156 4789 1196 4840 ad
1217 4790 1447 4856 generationem
1466 4789 1687 4852 masculorum,

353 4867 495 4927 australis
514 4889 591 4927 vero
609 4875 650 4927 ad
664 4876 898 4943 generationem
915 4876 1133 4930 laminarum».
1151 4878 1195 4929 Le
1207 4878 1322 4945 Moyen
1330 4879 1395 4947 Age
1412 4878 1587 4944 partageait
1606 4878 1687 4929 cette

352 4978 506 5032 croyauce
519 4966 549 5016 et
562 4980 602 5017 en
616 4963 717 5018 iaisait
730 4967 770 5018 de
783 4966 941 5019 curienses
953 4966 1158 5034 applications
1172 4967 1234 5019 ala
1245 4968 1408 5036 mystique.
1421 4995 1455 5003 -
1470 4966 1513 5020 ci.
1527 4967 1686 5019 Glovmttl

353 5051 628 5116 aS.GEii1N1ANO,
648 5053 772 5106 Summa
790 5057 827 5108 de
846 5056 1011 5121 Exemplis,
1038 5056 1086 5107 ed.
1106 5056 1227 5118 Venise,
1247 5057 1325 5119 1584,
1343 5073 1372 5124 p.
1393 5056 1440 5108 12:
1464 5056 1542 5110 Octo
1559 5058 1687 5109 beatitu-

352 5142 438 5194 dities
450 5142 660 5208 particulatim
679 5144 874 5196 enucleantur
891 5145 1002 5209 quibus
1020 5148 1102 5197 venti
1119 5149 1199 5198 varii
1210 5143 1343 5209 essecius
1357 5147 1500 5212 pluribus
1517 5146 1688 5198 rationibus

353 5229 562 5294 conferuntur.
