4300 6117
875 993 1063 1047 IOHANNIS
1086 994 1267 1048 DOMINICI

849 1786 1061 1893 [CAPUT
1100 1786 1319 1893 XXIV]

509 2162 773 2249 [B]onorum
803 2169 1019 2231 omnium
1049 2166 1421 2229 existencium⁸
1444 2169 1489 2228 et
1514 2168 1738 2247 possibi-

401 2276 515 2337 lium
547 2276 679 2337 solus
712 2294 862 2355 capax
893 2276 1211 2337 intellectus
1245 2273 1439 2335 divinus
1474 2275 1738 2336 seculares

400 2383 664 2445 sciencias
699 2402 789 2445 non
821 2383 990 2455 habet,
1016 2383 1152 2445 sicut
1179 2382 1453 2445 declarare
1480 2382 1738 2445 articulus

401 2491 599 2552 tercius
634 2509 790 2569 supra
825 2489 1103 2576 promisit&

512 2684 618 2746 Circa
646 2686 838 2748 scienciam
867 2687 960 2748 enim
988 2688 1153 2748 notamus
1178 2687 1344 2765 quinque,
1381 2685 1538 2747 scilicet:
1575 2685 1738 2747 subiec-

401 2794 500 2864 tum,
526 2793 765 2865 obiectum,
790 2812 888 2865 rem,
913 2793 1094 2866 modum.
1121 2791 1344 2855 effectum.

510 2906 631 2970 Credo
655 2912 774 2970 autem
798 2907 876 2970 iore
900 2909 1111 2988 simpliciter
1134 2909 1326 2971 dicendum
1341 2908 1532 2970 humanam
1547 2908 1738 2969 scienciam
1754 2906 1783 2971 1.

401 3032 473 3075 non
498 3033 578 3077 esse
602 3016 762 3078 eiusdem
785 3015 924 3095 generis
948 3016 1204 3096 generalissimi
1228 3033 1299 3094 quo
1323 3015 1370 3077 ad
1394 3016 1551 3095 quinque
1574 3014 1739 3094 predicta

402 3139 483 3182 cum
510 3122 667 3183 sciencia
689 3123 821 3195 divina,
845 3126 953 3203 prout
985 3123 1145 3185 breviter
1174 3122 1390 3184 declaratur.
1437 3121 1540 3183 Nam
1568 3140 1652 3201 qno
1684 3122 1739 3184 ad

405 3228 660 3290 subiectum
689 3232 838 3309 spectat,
873 3230 989 3292 omnis
1017 3233 1141 3292 nostra
1175 3230 1330 3292 sciencia
1361 3232 1543 3307 tamquam
1571 3229 1739 3291 accidens

402 3336 458 3396 est
480 3336 517 3396 in
537 3335 692 3398 humano
715 3338 908 3409 intellectu,
934 3337 1030 3398 sicut
1053 3337 1090 3398 in
1113 3337 1284 3398 subiecto.
1313 3336 1353 3397 In
1368 3335 1445 3400 Deo
1461 3339 1581 3397 autem
1604 3335 1739 3397 nullum

404 3445 460 3503 est
475 3442 656 3514 accidens,
680 3461 798 3522 neque
820 3445 898 3523 ipse
922 3444 1071 3505 divinus
1086 3444 1293 3517 intellectus
1304 3446 1360 3506 est
1375 3443 1574 3505 subiectum
1590 3443 1739 3505 alicuius

402 3551 719 3612 transmutaciouis
736 3551 835 3630 apud
852 3569 957 3630 quem
984 3568 1082 3612 «non
1098 3554 1153 3613 est
1168 3550 1448 3630 transmigracio,
1473 3568 1589 3629 neque
1604 3550 1739 3611 vicissi-

405 3655 540 3718 tudinis
564 3657 808 3730 obumbracio,
833 3658 899 3719 sed
922 3658 1038 3719 lucem
1054 3658 1196 3720 habitat
1211 3656 1521 3719 inaccessibilem»
1536 3656 1557 3719 ².
1586 3655 1740 3736 Propter

403 3762 501 3841 quod
524 3761 822 3844 irrefragabiliter
845 3764 1039 3826 tenendum
1063 3766 1127 3837 est,
1154 3783 1233 3826 cum
1257 3766 1332 3825 tota
1348 3763 1422 3825 fide
1438 3763 1623 3834 catholica.
1648 3763 1739 3825 divi-

408 3888 490 3932 nam
513 3870 706 3932 scienciam
730 3890 810 3932 esse
833 3869 1058 3933 uniformiter
1083 3874 1119 3933 et
1143 3870 1432 3933 substancialiter
1448 3870 1606 3931 divinam
1621 3888 1739 3932 essen·

401 3976 502 4050 ciam,
529 3978 626 4057 quod
650 3977 696 4039 de
720 3978 818 4039 nulla
841 3964 1089 4040 creaturarum
1111 3979 1148 4039 in
1164 3978 1232 4049 via,
1250 3996 1315 4039 nec
1332 3978 1446 4039 eciam
1460 3978 1499 4039 in
1512 3978 1641 4058 patria,
1653 3996 1739 4039 vere

402 4086 524 4163 potest
547 4085 729 4164 predicari
741 4083 763 4145 ³.

510 4189 584 4252 Sed
609 4193 659 4254 de
683 4192 856 4253 obiecto
884 4192 996 4271 magis
1020 4191 1069 4252 ad
1091 4192 1316 4270 propositum
1340 4190 1490 4253 materia
1514 4191 1736 4252 observatur.
1753 4186 1783 4248 2.

402 4295 469 4359 Est
491 4298 584 4359 enim
608 4298 806 4360 secundum
828 4297 1135 4370 Aristotelem,
1171 4299 1207 4359 in
1235 4298 1378 4377 primo
1407 4297 1736 4370 Posteriorum,

403 4405 559 4467 sciencia
575 4405 622 4467 de
638 4406 831 4485 perpetuis,
856 4406 1079 4478 necessariis¹
1104 4405 1445 4485 incorruptibilibus,
1465 4405 1736 4476 universalibus,

506 4817 539 4877 a)
557 4814 626 4869 Une
643 4812 702 4866 lois
721 4828 800 4880 pour
818 4815 929 4876 tontes,
947 4826 1026 4865 nous
1052 4811 1208 4879 signalons
1233 4810 1463 4878 l'orthographe
1487 4810 1657 4879 regulitre:
1685 4826 1737 4864 en-

401 4902 487 4965 tium,
506 4904 598 4966 entia,
617 4903 703 4966 tium,
721 4903 773 4955 tia.

510 5078 530 5146 ¹)
550 5079 595 5134 ef.
613 5096 720 5145 supra,
737 5094 767 5147 p.
783 5079 817 5132 28
836 5094 882 5146 sq.

509 5167 576 5234 bs.
597 5170 665 5223 Jac.
684 5170 707 5233 1,
730 5170 774 5222 17.
968 5212 970 5215 ,

509 5255 529 5323 ¹)
551 5258 596 5311 cf.
617 5257 721 5311 ARIST.
741 5258 797 5310 ΧΠ
816 5260 954 5324 Metaph.
974 5256 1357 5323 lect.X1;Did0tX1,Dt‚
1376 5274 1405 5311 n.
1425 5258 1449 5311 1.
