4300 6117
502 914 566 977 150
1010 928 1168 982 LUCULA
1190 927 1330 982 NOCTIS

495 1147 715 1210 ducerentur
737 1149 786 1210 ad
807 1151 967 1222 mortem,
998 1154 1106 1230 prout
1136 1153 1256 1232 placet
1287 1153 1550 1232 sapientissimo
1573 1152 1764 1216 Salomoni
1797 1155 1834 1215 in

496 1256 563 1318 hiis
587 1256 689 1318 malis
712 1259 859 1336 experto
870 1255 889 1318 1.
915 1253 994 1318 Tali
1018 1259 1094 1320 zelo
1117 1259 1299 1339 impulsus,
1325 1262 1365 1322 ut
1380 1260 1499 1332 credo,
1517 1279 1588 1322 non
1600 1262 1833 1323 mediocriter

496 1365 564 1426 hac
587 1362 758 1425 facultate
781 1365 985 1437 instructus,
1004 1365 1231 1428 beatissimus
1247 1366 1467 1429 iheronimus
1483 1368 1627 1448 scripsit
1649 1367 1708 1430 De
1731 1367 1832 1430 Pro·

495 1473 595 1552 digo
618 1471 723 1532 Filio
746 1471 795 1532 ad
818 1470 1012 1534 Damasum
1035 1492 1190 1553 papam:
1216 1473 1446 1536 ‹Demouum
1469 1475 1570 1537 cibus
1593 1477 1648 1537 est
1670 1476 1832 1536 carmina

494 1581 690 1659 poetarum,
708 1579 879 1641 secularis
902 1580 1067 1653 sciencia,
1085 1579 1344 1643 rethoricorum
1367 1599 1499 1661 pompa
1513 1583 1714 1652 verborum,
1732 1582 1831 1643 nulla

494 1686 545 1748 ibi
577 1686 747 1747 saturitas
780 1686 951 1758 veritatis,
983 1688 1081 1749 nulla
1113 1688 1253 1750 iusticie
1285 1686 1438 1749 refeccio
1467 1689 1655 1768 reperitur,
1680 1688 1832 1750 studiosi

495 1811 618 1854 earum
640 1793 676 1852 in
691 1790 786 1854 fame
801 1793 877 1854 veri
893 1795 929 1854 et
943 1794 1114 1855 virtutum
1129 1795 1280 1874 penuria
1295 1799 1528 1875 perseverant
1548 1816 1563 1849 >
1580 1794 1689 1856 ².—-In
1705 1795 1833 1857 eodem

494 1899 594 1961 iubet
616 1917 687 1961 uon
710 1899 877 1979 legendos
910 1903 1046 1980 poetas,
1078 1919 1151 1973 seu,
1184 1905 1224 1964 ut
1255 1901 1326 1963 alia
1355 1901 1573 1982 exemplaria
1593 1902 1737 1974 habent,
1763 1921 1834 1964 non

494 2006 801 2086 permanendum²
827 2007 863 2067 in
895 2008 955 2069 eis.
988 2006 1130 2070 Alicubi
1164 2009 1257 2070 enim
1288 2009 1417 2088 legitur
1456 2008 1577 2071 «Non
1605 2011 1772 2089 legas»,
1798 2011 1834 2070 et

495 2114 628 2175 alicubi
658 2111 780 2175 «Non
803 2133 1093 2194 permaneas»,
1118 2119 1174 2177 set
1198 2117 1324 2178 melior
1345 2116 1467 2177 littera
1490 2116 1635 2177 videtur
1660 2117 1831 2189 secunda,

496 2239 575 2282 cum
598 2223 692 2283 inter
707 2223 837 2292 cetera,
856 2221 981 2282 horum
995 2222 1153 2283 studium
1168 2223 1352 2294 damnans,
1371 2223 1488 2284 dicat:
1517 2222 1670 2285 «Nonne
1685 2223 1832 2285 videtur

493 2329 595 2390 vobis
618 2329 655 2389 in
684 2328 843 2390 vanitate
874 2346 998 2390 sensus
1031 2331 1066 2390 et
1097 2330 1317 2391 obscuritate
1349 2330 1477 2391 mentis
1502 2319 1516 2412 {l
1551 2329 1689 2410 ingredi
1719 2330 1830 2401 illum,

494 2437 556 2516 qui
578 2435 705 2497 diebus
728 2453 770 2496 ac
792 2435 956 2497 noctibus
981 2436 1016 2496 in
1040 2436 1241 2517 dyalectica
1263 2438 1341 2498 arte
1365 2439 1561 2516 torquetur,
1586 2437 1647 2516 qui
1671 2436 1831 2516 phisicus

493 2544 765 2623 perscruptator
788 2543 909 2604 oculos
933 2546 1033 2605 trans
1057 2544 1173 2605 celum
1196 2545 1293 2605 levat
1316 2547 1353 2605 et
1374 2545 1470 2605 ultra
1486 2541 1703 2623 protundum
1716 2547 1830 2605 terra·

495 2669 574 2711 rum
598 2652 634 2711 et
657 2648 778 2730 abyssi
800 2649 837 2709 iu
866 2651 1024 2729 quodam
1055 2651 1161 2712 inane
1184 2650 1409 2730 demergitur,
1435 2651 1496 2730 qui
1519 2651 1677 2712 iambum
1699 2655 1831 2723 servet,

495 2757 557 2836 qui
580 2760 716 2818 tantam
739 2760 933 2820 metrorum
957 2758 1084 2819 silvam
1105 2757 1142 2818 in
1163 2776 1228 2819 suo
1252 2757 1433 2820 studiosus
1456 2756 1566 2819 corde
1589 2757 1777 2838 distinguit
1797 2761 1832 2820 ei

497 2863 717 2944 congerit»³.

497 3078 709 3087 .----

603 3231 635 3289 α)
654 3241 688 3272 =
706 3240 769 3278 non
788 3239 979 3293 permaneas.

603 3401 624 3467 ¹)
643 3404 736 3456 Prov.
757 3413 809 3456 vn.
827 3404 871 3455 22.

603 3489 731 3556 ueiov.
751 3492 914 3557 Dominici,
940 3508 981 3546 on
1007 3494 1038 3545 le
1056 3493 1130 3554 voit,
1158 3492 1232 3544 etait
1258 3492 1362 3545 mtenx
1385 3491 1518 3545 informe
1543 3506 1604 3558 qne
1630 3491 1666 3544 G.
1687 3493 1729 3544 da
1747 3491 1830 3545 Sam·

495 3582 623 3635 miniato
643 3597 697 3635 sur
715 3583 745 3633 le
764 3583 921 3636 caractere
940 3582 1047 3635 decet
1066 3582 1143 3634 ecrit
1161 3583 1201 3634 de
1219 3581 1249 3635 S.
1268 3582 1398 3635 Jerdme.
1416 3581 1465 3634 En
1483 3580 1567 3645 eftet,
1586 3582 1664 3634 dans
1684 3595 1720 3633 sa
1739 3582 1831 3634 lettre

496 3671 651 3739 aAngelo
671 3671 846 3732 Corblnelli‚
865 3673 896 3724 le
915 3671 1095 3724 Camaldule
1114 3671 1255 3723 ecrivait:
1279 3672 1336 3722 «ln
1354 3685 1493 3724 sermone
1511 3686 1601 3736 quern
1619 3672 1657 3722 de
1670 3668 1743 3733 silio
1757 3686 1831 3738 pro-

495 3762 566 3828 digo
581 3761 755 3813 ,ieronimus
773 3762 913 3824 condidit,
932 3764 977 3813 sic
993 3763 1046 3816 aii.
1068 3761 1153 3812 etc.»
1179 3760 1265 3812 Dans
1284 3775 1319 3812 sa
1338 3760 1471 3826 reponse
1490 3759 1534 3812 dn
1552 3759 1586 3812 25
1605 3759 1734 3812 lanvier
1753 3759 1831 3822 140⁵,

497 3849 559 3902 Col.
580 3849 709 3902 Salutati
735 3850 898 3918 corrigeatt
923 3850 1005 3902 cette
1028 3847 1134 3901 iansse
1159 3848 1399 3911 denomination,
1425 3864 1465 3902 en
1483 3863 1534 3901 ces
1560 3849 1690 3901 termes:
1723 3867 1736 3892 ‹
1750 3847 1831 3901 Num

496 3953 564 3990 cum
583 3934 644 3999 diri,
661 3939 718 3990 sed
729 3936 864 4001 frustra,
882 3953 1051 3991 sermonem
1065 3939 1251 4003 Hieronymi,
1269 3941 1349 3990 siout
1367 3938 1491 4005 allegas,
1513 3941 1690 4003 quesissem,
1710 3940 1831 3991 tandem

496 4030 574 4080 inter
593 4029 739 4093 epistolas
756 4043 832 4080 suas
851 4030 951 4080 inveni
967 4028 1009 4079 ad
1022 4042 1141 4094 papam
1159 4029 1329 4079 Damasum
1347 4028 1431 4092 quod
1448 4027 1592 4093 optabam
1604 4046 1627 4078 ι.
1649 4025 1694 4079 Ct.
1708 4027 1831 4094 Episto-

496 4117 583 4180 lurio,
601 4116 650 4180 IV,
668 4117 721 4170 lib.
740 4126 804 4180 xlv,
823 4117 910 4183 epist.
929 4125 1015 4179 xxm,
1038 4131 1067 4182 p.
1089 4116 1147 4169 187.
1184 4115 1212 4167 A
1237 4130 1272 4169 ce
1297 4129 1421 4183 propos,
1446 4115 1557 4169 Novati
1581 4130 1747 4182 remarqne
1770 4131 1831 4183 que

496 4206 641 4270 Boccace,
667 4207 713 4259 De
741 4206 813 4260 Gen.
833 4209 925 4269 deor,
941 4207 993 4259 lib.
1012 4206 1082 4259 XIV
1086 4243 1093 4268 ,
1117 4206 1188 4259 edit.
1207 4206 1338 4268 Hecker,
1355 4223 1384 4274 p.
1403 4205 1465 4268 213,
1490 4207 1557 4258 iont
1575 4219 1616 4258 en
1638 4206 1832 4272 supprimant

497 4297 527 4347 le
545 4296 617 4348 titre
633 4297 673 4349 de
697 4311 819 4348 sermon
844 4296 977 4349 attribue
997 4295 1015 4348 a
1034 4297 1084 4349 cet
1104 4296 1179 4349 ecrit
1198 4297 1238 4348 de
1257 4296 1286 4349 S.
1304 4296 1436 4358 Jerdme,
1461 4295 1504 4347 lui
1522 4309 1673 4348 conserve
1693 4295 1773 4348 celui
1791 4295 1831 4348 de

497 4386 543 4438 Da
566 4383 638 4448 silio
659 4387 798 4454 prodigo,
817 4386 848 4439 et
865 4386 887 4438 il
906 4385 1025 4452 corrige
1044 4384 1175 4448 Hecker,
1195 4386 1246 4452 qni
1265 4385 1441 4452 pretendait
1460 4399 1521 4451 qne
1539 4385 1620 4438 cette
1637 4385 1730 4437 lettre
1748 4384 1831 4437 avait

498 4475 637 4542 tchappe
655 4474 673 4527 a
691 4475 803 4544 Migne,
822 4476 904 4528 alors
924 4474 1016 4541 qa'on
1034 4475 1064 4526 la
1083 4475 1202 4536 trouve,
1221 4475 1241 4527 t.
1260 4473 1351 4537 XXII,
1370 4474 1498 4528 379·394.

605 4561 625 4629 ὓ)
644 4564 731 4618 Volci
748 4567 794 4616 les
819 4563 944 4632 paroles
970 4565 1087 4617 memes
1113 4564 1153 4616 de
1178 4564 1207 4617 S.
1226 4563 1363 4617 Jerdme:
1395 4563 1527 4616 «Nonne
1551 4563 1607 4615 tibi
1631 4564 1750 4614 videtur
1773 4563 1830 4614 sub

496 4654 566 4708 aliis
584 4655 686 4707 verbis
703 4656 805 4707 dicere
822 4647 1029 4722 [Αροιιέοῑιιε]Ι
1048 4668 1086 4705 ne
1105 4653 1188 4720 legas
1201 4653 1403 4718 philosophos
1421 4655 1568 4715 oratores,
1590 4654 1710 4718 poetas,
1727 4665 1783 4704 neo
1800 4654 1830 4703 in

496 4759 601 4797 eorum
618 4744 743 4796 lectione
761 4741 962 4808 requiescas?
984 4741 1049 4794 Nec
1067 4742 1156 4794 nobis
1169 4743 1369 4804 blandiamur,
1381 4744 1412 4793 si
1422 4743 1452 4793 in
1466 4744 1519 4802 eis,
1533 4756 1613 4806 quae
1623 4742 1830 4806 suntscripla,

496 4848 556 4885 non
574 4833 734 4896 credimus,
753 4847 820 4884 cum
839 4832 968 4883 aliorum
987 4834 1171 4884 conscientia
1190 4831 1371 4895 vulneretur,
1390 4833 1421 4883 et
1433 4833 1577 4896 putemur
1591 4830 1737 4896 probare,
1751 4843 1830 4894 quae

496 4924 568 4974 rium
593 4922 725 4988 legimus,
753 4936 813 4973 non
840 4921 1074 4986 reprobamus».
1117 4920 1233 4983 MIGNE,
1258 4919 1350 4982 XXII,
1376 4919 1437 4982 385,
1463 4914 1544 4985 513.
1575 4946 1610 4954 —
1643 4917 1674 4971 0
1700 4917 1830 4971 Salutati

497 5010 580 5063 avait
599 5010 669 5077 ddja
688 5010 861 5063 commenta
880 5024 915 5063 ce
933 5016 1072 5077 passage,
1099 5009 1177 5062 dans
1196 5024 1230 5062 sa
1248 5011 1341 5063 lettre
1366 5008 1384 5061 a
1403 5008 1439 5061 G.
1457 5010 1497 5061 da
1516 5007 1724 5069 Sammlniato,
1752 5007 1829 5059 mais

497 5113 533 5153 ce
551 5099 625 5166 qu'il
643 5099 764 5151 mettait
783 5113 837 5152 sur
855 5099 886 5150 le
904 5099 1025 5164 compte
1044 5098 1084 5150 de
1103 5098 1133 5150 la
1152 5099 1269 5160 malice,
1287 5096 1441 5151 Dominici
1459 5097 1614 5150 l'attribue
1633 5096 1829 5163 simplement

498 5185 591 5240 ades
610 5187 768 5240 variantes
788 5187 827 5240 de
846 5187 918 5239 Mss.
