4300 6117
946 763 1035 826 48
1959 773 2277 827 LUCULA
2320 772 2603 826 NOCTIS

942 993 1181 1073 doque
1227 996 1597 1057 moderate
1656 1014 1799 1075 que
1859 996 2062 1058 utilia
2109 997 2433 1059 scribunt
2498 997 2927 1057 secularium
2973 997 3374 1059 litterarum
3417 999 3606 1079 prin-

942 1101 1130 1180 cipia
1199 1104 1271 1162 et
1337 1102 1675 1165 noticiam
1746 1104 2195 1183 singularem,
2265 1122 2474 1164 nemo
2555 1101 3094 1182 Xpistianorum
3155 1106 3423 1184 poterit
3483 1124 3604 1167 eos

939 1208 1353 1288 intelligere,
1403 1209 1538 1270 nisi
1587 1211 1800 1271 fuerit
1847 1210 2011 1271 talis
2059 1210 2384 1271 doctrine
2431 1210 2591 1272 luce
2637 1209 2991 1290 perfusuS.
3068 1210 3187 1272 Ad
3232 1211 3409 1290 quid
3438 1225 3605 1292 ergo

938 1314 1180 1377 valent
1251 1316 1417 1377 libri
1485 1319 1917 1389 sanctorum,
1988 1319 2191 1378 tanto
2250 1317 2503 1378 labore
2568 1318 2973 1398 conscripti,
3040 1321 3241 1379 tanto
3303 1320 3602 1380 consilio

938 1422 1340 1502 approbati,
1411 1426 1614 1485 tanto
1690 1424 1938 1504 spacio
2010 1424 2430 1496 conservati,
2507 1424 2816 1485 tantisve
2891 1425 3231 1504 impensis
3311 1443 3604 1486 numero

938 1530 1149 1601 aucti,
1222 1530 1282 1590 si
1351 1530 1709 1592 modernis
1756 1529 2150 1610 Xpistianis
2199 1532 2293 1591 sit
2356 1531 2784 1591 secularium
2840 1531 3242 1592 litterarum
3291 1532 3603 1592 studium

937 1635 1411 1708 interdictum,
1491 1637 1643 1699 sine
1721 1656 2025 1716 quarum
2089 1638 2362 1717 pericia
2423 1638 2497 1697 in
2550 1655 2814 1697 vanum
2873 1637 3252 1718 leguntur?
3342 1635 3605 1716 Utique

937 1741 1065 1803 hos
1126 1742 1412 1805 codices
1471 1745 1766 1824 gentiles
1828 1763 1973 1805 non
2036 1743 2306 1806 habent
2352 1742 2727 1824 Xpistiani,
2788 1763 2930 1805 non
2977 1744 3393 1824 intelligunt.
3447 1762 3479 1794 ε
3508 1742 3603 1805 Ut

936 1849 1113 1927 quid
1156 1852 1422 1910 terram
1469 1850 1882 1931 occupant?
1923 1874 1951 1906 »
1988 1849 2027 1912 ¹.
2128 1868 2157 1901 <
2192 1849 2569 1930 Sapiencia
2615 1850 3044 1913 abscondita
3091 1854 3163 1912 et
3227 1850 3603 1912 thesaurus

936 1956 1224 2027 invisus,
1275 1974 1414 2035 que
1461 1959 1731 2019 utilitas
1782 1960 1892 2019 est
1938 1959 2010 2018 in
2058 1958 2383 2036 utrisque
2407 1956 2440 2017 ’ἒ
2482 1980 2509 2011 ›
2548 1956 2589 2017 ².

847 2060 908 2125 3.
1159 2061 1612 2126 Antecedens
1683 2067 1922 2126 autem
1985 2083 2154 2126 reor
2212 2082 2369 2125 esse
2422 2083 2556 2144 per
2603 2082 2681 2125 se
2729 2066 2992 2135 notum,
3044 2065 3242 2143 apud
3287 2065 3598 2144 legentes

938 2168 1272 2231 doctores
1317 2171 1727 2243 catholicos,
1780 2191 1942 2232 cum
1988 2172 2371 2242 intellectu,
2421 2171 2537 2231 vel
2583 2171 2754 2231 sine.
2835 2169 2955 2231 Hii
3001 2172 3189 2231 enim
3236 2172 3601 2232 inveniunt

940 2294 1080 2355 que
1154 2277 1326 2340 alibi
1415 2278 1840 2350 didicerunt,
1912 2278 2016 2339 illi
2075 2296 2153 2339 se
2216 2297 2360 2340 non
2419 2277 2811 2356 intelligere
2889 2278 3140 2348 sciunt,
3217 2278 3388 2355 quia
3464 2297 3604 2339 non

939 2382 1209 2444 habent
1280 2402 1420 2463 que
1489 2386 1591 2446 illi
1647 2388 2075 2465 supponunt,
2131 2386 2190 2445 si
2241 2388 2482 2446 tamen
2529 2384 2744 2447 datur
2790 2385 2892 2445 eis
2949 2383 3084 2445 hoc
3131 2401 3360 2455 nosse,
3411 2384 3605 2463 quod

942 2490 1285 2552 nesciunt.

849 2590 914 2654 4.
1165 2596 1524 2678 Numquid
1572 2598 2270 2661 commemorandum
2319 2598 2674 2659 credimus
2723 2599 3008 2659 turbam
3040 2609 3367 2677 magnam
3404 2615 3604 2658 sanc·

945 2706 1179 2765 torum
1224 2704 1617 2779 doctorum,
1666 2706 2050 2766 latinorum
2098 2708 2171 2766 et
2215 2717 2606 2784 grecorum,
2659 2722 2875 2782 quam
2908 2704 3365 2765 dinumerare
3395 2722 3604 2765 nemo

941 2813 1209 2889 potest:
1281 2810 1651 2874 Habraam
1707 2813 2061 2883 videlicet,
2125 2810 2445 2893 Moysen,
2510 2810 2901 2882 Danielem,
2962 2810 3281 2882 Paulum,
3343 2809 3604 2892 Dyoni-

940 2916 1141 2988 sium,
1219 2916 1669 2991 Clementem,
1750 2918 2207 2990 Firmianum,
2281 2917 2624 2988 Boetium,
2705 2916 3104 2989 Hillarium,
3153 2917 3601 2988 Ieronimum,

935 3021 1411 3098 Ambrosium,
1490 3025 1979 3106 Augustinum,
2062 3024 2501 3105 Gregorium,
2583 3023 3129 3096 Damascenum,
3217 3027 3600 3103 utrumque

937 3127 1358 3210 Gregorium
1430 3132 1768 3194 Nisenum
1843 3135 1969 3193 aut
2044 3131 2588 3202 Nazianzenum,
2669 3130 3030 3203 Basilium,
3109 3129 3599 3201 Athanasium,

936 3236 1463 3312 Crisostomum,
1510 3252 1840 3319 magnum
1888 3237 2218 3311 Leonem,
2267 3238 2751 3299 venerabilem
2793 3236 3087 3308 Bedam,
3136 3235 3601 3308 Methodium,

932 3343 1340 3417 Ysidorum,
1389 3345 1855 3417 Bernardum,
1906 3344 2338 3415 Anselmum,
2414 3345 2628 3406 istum
2678 3343 3059 3423 Hugonum
3126 3346 3198 3405 et
3243 3343 3443 3404 illum
3489 3342 3604 3403 Ri-

935 3453 1232 3513 cardum
1267 3451 1309 3524 3,
1360 3456 1433 3514 et
1460 3448 1808 3514 Thomam
1854 3452 2289 3532 singulorum
2346 3454 2557 3532 prata
2603 3451 3144 3522 discurrentem,
3181 3452 3252 3511 et
3283 3451 3358 3510 in
3390 3469 3604 3511 unum

932 3561 1201 3620 sertum
1258 3560 1575 3621 divinum
1634 3558 1887 3620 horum
1945 3561 2017 3620 et
2075 3558 2379 3619 aliorum
2437 3556 2951 3619 catholicorum
3001 3560 3073 3618 et
3122 3576 3266 3618 non
3312 3556 3605 3618 catholi-

933 3684 1179 3728 corum
1226 3666 1440 3728 flores
1489 3666 1848 3728 subtiliter
1896 3666 2353 3745 redigentem.
2427 3664 2676 3726 Nonne
2709 3666 2997 3725 videtur
3027 3664 3355 3725 immanis
3389 3664 3602 3725 belua

931 3772 1268 3844 DanieIiS,
1339 3791 1481 3852 que
1550 3774 1764 3835 trium
1836 3773 2168 3833 ordinum
2234 3772 2564 3832 dencium
2611 3772 2883 3833 viribus
2947 3789 3200 3832 carnes
3259 3771 3602 3850 plurimas

932 3883 1218 3941 ostensa
1267 3882 1376 3941 est
1421 3879 1775 3941 devorare
1800 3877 1842 3949 ⁴,
1893 3879 2218 3958 quisquis
2251 3879 2798 3957 presumpcione
2838 3896 3027 3948 ceca,
3079 3877 3293 3938 dente
3328 3877 3600 3946 canino,

932 3986 1124 4048 rodit
1189 3987 1476 4048 labores
1545 3986 1886 4047 mirificos
1958 3986 2387 4064 scriptorum
2457 3984 2907 4046 studencium
2975 3987 3048 4045 et
3122 3984 3595 4053 audiencium,

809 4157 817 4167 ,
931 4111 1378 4172 quecumque
1449 4094 1675 4154 eciam
1736 4111 1868 4172 per
1936 4111 2065 4163 ora
2132 4092 2494 4172 gentilium
2563 4092 2750 4153 sicut
2808 4093 2973 4152 sunt
3035 4090 3400 4169 quondam
3465 4107 3596 4169 per

930 4201 1129 4261 asine
1176 4201 1397 4261 rictus
1444 4201 1723 4262 locutus
1773 4201 1959 4261 estat
2008 4197 2315 4278 Spiritus
2362 4198 2739 4260 veritatis?
2780 4196 2822 4259 ⁵.

1155 4666 1186 4717 ’ῳ
1230 4658 1282 4705 5.
1326 4661 1470 4709 ]-1,.¹t:.
1513 4655 1666 4717 xm,
1705 4656 1758 4707 7.

1170 4753 1182 4805 J
1230 4749 1426 4797 ΕῌῌΠ..
1470 4744 1593 4808 XX,
1630 4744 1721 4797 32.

1159 4841 1182 4894 ‘J
1226 4837 1468 4901 [iussfflefi
1506 4836 1568 4887 et
1603 4834 1869 4886 Richard
1910 4833 1991 4885 de
2027 4831 2457 4885 Sami-victor.
