4300 6117
465 950 530 1013 272
971 962 1130 1017 LUCULA
1153 961 1293 1016 NOCTIS

464 1202 609 1263 supra
649 1183 877 1258 Genesim,
918 1185 1029 1247 dicit:
1068 1205 1083 1238 c
1110 1185 1260 1266 Semper
1295 1188 1398 1250 nobis
1434 1191 1580 1250 sanctus
1604 1187 1802 1268 Apostolus

464 1291 670 1352 occasiones
707 1294 855 1372 prebet
876 1291 1114 1372 intelligencie
1151 1294 1357 1373 spirltualis‚
1389 1296 1426 1356 et
1453 1297 1536 1374 post
1565 1314 1691 1375 pauca,
1715 1294 1802 1357 licet

464 1399 667 1460 necessaria
690 1399 859 1461 studiosis
883 1400 1040 1461 ostendit
1063 1400 1204 1473 indicia,
1229 1402 1358 1480 quibus
1383 1402 1480 1480 quod
1513 1403 1570 1463 lex
1603 1402 1801 1482 spiritualis

463 1505 519 1577 sit,
544 1506 580 1565 in
604 1507 767 1567 omnibus
790 1511 1013 1586 agnoscatur.
1038 1506 1121 1587 Ipse
1145 1508 1260 1588 igitur,
1285 1509 1331 1570 de
1355 1508 1541 1570 Habraam
1564 1512 1601 1570 et
1614 1507 1707 1571 Sara
1727 1509 1800 1571 dis-

462 1615 602 1692 putans,
628 1613 785 1692 quodam
807 1614 896 1687 loco,
921 1615 991 1675 ait:
1019 1614 1141 1686 «Non,
1166 1616 1291 1694 inquit,
1316 1614 1517 1677 infirmatus
1538 1614 1614 1678 fide
1633 1616 1809 1681 conside·.

463 1721 568 1781 rabat
599 1739 702 1781 suum
736 1739 866 1801 corpus
899 1725 1117 1792 emortuum,
1155 1741 1235 1783 cum
1269 1723 1344 1783 fere
1381 1727 1525 1784 centum
1562 1726 1659 1785 esset
1690 1742 1802 1785 anno·

463 1845 551 1898 rum,
577 1828 613 1888 et
647 1830 844 1889 emortuam
877 1828 1021 1889 vulvam
1055 1827 1145 1891 Sare
1159 1826 1179 1890 ¹.
1204 1828 1309 1891 Hunc
1343 1842 1436 1909 ergo,
1467 1848 1573 1908 quem
1609 1830 1670 1891 ille
1712 1830 1801 1891 dicit

464 1934 614 1995 emortui
639 1936 800 2014 corporis
823 1935 860 1996 in
881 1937 1087 1998 centenario
1111 1955 1286 2025 annorum
1308 1955 1456 1998 numero
1473 1934 1592 2009 fuisse,
1617 1940 1654 1998 et
1677 1936 1800 1998 Ysaac

464 2042 574 2121 magis
598 2042 731 2103 virtute
753 2041 840 2103 fidei
864 2060 972 2121 quam
996 2044 1158 2123 corporis
1181 2041 1403 2105 fecunditate
1418 2045 1592 2124 genuisse,
1610 2043 1800 2123 Scriptura

463 2167 556 2210 nunc
587 2150 698 2210 refert
726 2150 909 2231 accepisse
938 2169 1096 2221 uxorem,
1121 2149 1312 2212 Cethuram
1345 2152 1486 2212 nomine
1499 2150 1520 2223 ²,
1556 2149 1650 2212 filios
1682 2170 1725 2213 ex
1755 2170 1800 2212 ea

463 2255 635 2335 plurimos
658 2257 830 2336 genuisse,
857 2276 937 2319 cum
960 2256 1035 2319 fere
1052 2261 1194 2320 centum
1214 2259 1357 2339 triginta
1373 2262 1409 2319 et
1425 2262 1562 2338 septem
1578 2260 1672 2319 esset
1689 2277 1799 2319 anno·

463 2381 551 2424 rum.
576 2362 667 2423 Nam
690 2362 790 2435 Sara,
817 2364 892 2425 eius
916 2383 1014 2435 uxor,
1039 2364 1164 2426 decem
1187 2367 1234 2427 ab
1259 2384 1301 2426 eo
1334 2366 1438 2426 aunis
1470 2366 1587 2426 iunior
1617 2366 1797 2435 scribitur,

183 2460 299 2522 L81¹⁰
329 2461 358 2522 B
374 2462 445 2523 (35ω
464 2488 543 2549 que,
569 2471 762 2532 centesimo
773 2461 787 2553 Ιξ
800 2472 968 2551 vigesimo
992 2472 1159 2551 septimo²
1174 2490 1268 2533 anno
1281 2470 1460 2543 defuncta,
1477 2472 1614 2533 indicat
1637 2471 1798 2533 Abraam

463 2596 572 2657 supra
596 2585 756 2638 cxxxvll
777 2597 952 2639 annorum
976 2577 1086 2640 fuisse
1110 2598 1191 2640 cum
1215 2577 1407 2641 Cethuram
1430 2580 1569 2658 accepit
1598 2597 1753 2639 uxorem.

395 2674 446 2737 14·
562 2683 683 2769 <Quid
696 2684 806 2765 ergo?
819 2684 989 2746 Putamus
1007 2685 1105 2764 quod
1116 2687 1153 2747 in
1169 2688 1270 2747 tanto
1287 2686 1503 2766 patriarcha,
1518 2704 1584 2765 per
1597 2685 1694 2747 Idem
1710 2689 1796 2746 tem·

462 2792 570 2871 poris,
587 2792 817 2853 incitamenta
833 2794 950 2854 caruis
967 2793 1170 2872 viguerint?
1182 2792 1298 2872 thui
1310 2794 1394 2854 olim
1403 2793 1628 2854 naturalibus
1641 2793 1796 2854 motibus

463 2902 644 2960 emortuus
668 2899 808 2969 dicitur,
834 2918 927 2960 nunc
944 2898 998 2960 ad
1021 2899 1206 2961 libidinem
1228 2900 1410 2961 redivivus
1435 2899 1649 2979 putabitur?
1676 2898 1742 2971 An,
1756 2902 1797 2960 ut

463 3024 547 3086 sepe
563 3006 634 3066 iam
651 3006 812 3077 diximus,
831 3006 1118 3085 patriarcharum
1141 3007 1303 3086 coniugia
1328 3008 1504 3068 misticum
1531 3007 1679 3084 aliquod
1706 3006 1796 3067 indi·

462 3116 546 3175 cant
569 3117 841 3183 sacramentum,
866 3114 959 3176 sicut
983 3117 1018 3175 et
1041 3114 1110 3183 ille,
1135 3115 1197 3192 qui
1212 3114 1359 3176 dicebat
1378 3115 1425 3175 de
1441 3112 1631 3193 Sapiencia
1657 3111 1797 3175 «Hanc

462 3232 525 3300 ego
550 3222 701 3300 cogitavi
725 3240 871 3283 uxorem
894 3222 1076 3283 adducere
1098 3220 1212 3281 mihi?
1228 3241 1243 3274 r
1259 3220 1280 3282 ³.
1304 3220 1482 3282 Fortassis
1507 3232 1590 3301 ergo
1613 3223 1685 3281 iam
1708 3224 1793 3282 tunc

461 3326 646 3389 Habraam
669 3328 783 3389 slmile
806 3327 943 3407 aliquid
967 3328 1145 3407 cogitavit,
1171 3330 1206 3390 et
1230 3329 1393 3406 quamvis
1417 3331 1513 3389 esset
1548 3328 1702 3407 sapiens,
1726 3326 1797 3389 hoc

460 3435 538 3514 ipse
561 3438 681 3496 tamen
703 3436 850 3504 sciebat,
876 3435 972 3514 quod
995 3436 1177 3515 sapiencie
1201 3436 1318 3497 nullus
1343 3438 1397 3497 est
1420 3436 1511 3505 finis,
1537 3454 1602 3497 nec
1630 3435 1797 3497 discendi

460 3543 649 3604 terminum
672 3545 837 3603 senectus
862 3544 1021 3621 imponit.
1047 3540 1116 3627 Qui
1140 3543 1234 3603 enim
1258 3543 1441 3604 consuevit
1464 3542 1532 3603 hoc
1550 3541 1656 3603 modo
1673 3543 1795 3604 sortiri

459 3650 739 3719 matrimonium,
773 3650 871 3728 quod
900 3650 946 3710 de
980 3650 1060 3728 ipso
1092 3652 1256 3729 superius
1286 3649 1532 3720 indicavimus,
1566 3650 1606 3710 id
1637 3652 1701 3719 est,
1732 3649 1795 3728 qui

458 3758 627 3818 virtutem
651 3757 784 3817 habere
819 3758 855 3817 in
891 3757 1052 3836 coniugio
1089 3758 1189 3827 solet,
1214 3775 1323 3835 quum
1360 3759 1480 3836 potest
1513 3758 1559 3818 ab
1591 3755 1795 3818 huiusmodi

460 3882 602 3926 cessare
625 3863 815 3944 coniugio?
839 3862 928 3925 Sare
952 3882 1105 3942 namque
1129 3863 1312 3934 dormicio,
1326 3863 1468 3925 virtutis
1486 3866 1541 3924 est
1563 3863 1795 3943 intelligenda

459 3972 731 4033 consummacio.
749 3970 818 4056 Qui
830 3990 915 4032 vero
929 3975 1173 4033 consummate
1189 3975 1225 4032 et
1237 3969 1395 4050 perfecte
1411 3971 1554 4031 virtutis
1571 3972 1634 4041 est,
1651 3989 1796 4050 semper

459 4097 606 4140 necesse
630 4083 693 4150 est,
718 4080 809 4141 utin
823 4080 945 4158 aliqua
971 4078 1179 4140 erudicione
1201 4080 1374 4139 versetur.
1399 4076 1516 4162 Quam
1539 4078 1793 4147 erudicionem,

459 4188 643 4267 coniugem
666 4187 741 4247 eius
765 4205 882 4248 sermo
906 4186 1047 4247 divinus
1072 4185 1240 4265 appellat.
1280 4183 1353 4245 Sed
1376 4184 1441 4246 hoc
1465 4186 1553 4264 puto
1576 4185 1675 4263 quod
1698 4186 1735 4246 et
1756 4184 1794 4244 in

458 4294 535 4373 lege
558 4294 678 4355 celebs
702 4296 739 4354 et
762 4293 892 4354 sterilis
916 4292 1109 4353 maledicta
1132 4292 1327 4354 subiaceat.
1363 4291 1459 4352 Dicit
1495 4292 1611 4352 enim:
1651 4289 1794 4351 ‹Male-

459 4401 586 4472 dictus,
612 4400 673 4479 qui
696 4419 767 4461 non
790 4400 1001 4478 relinquerit
1023 4417 1145 4461 semen
1177 4400 1213 4459 in
1240 4398 1419 4460 Israhel».
1466 4397 1571 4483 Quod
1603 4398 1633 4458 si
1656 4397 1722 4459 hec
1745 4397 1794 4459 de

564 4864 595 4923 u)
621 4887 643 4894 -
667 4859 818 4912 Nonvelle
839 4860 931 4922 main,
949 4859 1030 4911 belle
1050 4859 1182 4911 ecriture
1201 4859 1302 4911 molus
1321 4858 1454 4926 abregee
1472 4872 1533 4924 que
1555 4859 1601 4910 les
1619 4858 1733 4909 autres.

566 5053 586 5121 ¹)
605 5056 634 5107 S.
654 5056 761 5118 PAUL,
781 5057 823 5107 ad
839 5056 936 5113 Rom..
955 5054 1004 5118 IV,
1025 5054 1068 5107 19.
1102 5089 1107 5097 ·

565 5141 585 5210 ²)
604 5144 649 5198 ct.
669 5144 791 5207 Gauius..
810 5144 901 5205 XXV,
924 5146 947 5195 1.

566 5232 586 5300 ³)
607 5233 652 5286 Cf.
674 5233 819 5300 sapient..
837 5234 914 5297 VIII,
934 5233 958 5285 2.
978 5233 1051 5285 Var.
