4300 6117
469 891 512 954 18
978 902 1137 956 LUCULA
1159 901 1299 955 NOCTIS

467 1126 503 1184 in
519 1123 618 1186 Poli
628 1125 662 1186 ti
672 1143 691 1185 c
701 1145 738 1185 a:
757 1123 990 1186 Sacerdotem
1006 1126 1042 1185 in
1059 1126 1221 1204 qualibet
1236 1127 1391 1197 civitate,
1410 1128 1470 1205 qui
1488 1126 1602 1188 Deum
1614 1130 1803 1189 veneretur

467 1234 503 1293 et
525 1232 655 1311 placet,
682 1232 895 1293 Aristoteles
917 1236 1036 1294 monet
1065 1231 1300 1294 habendum¹.
1320 1232 1509 1314 —Legisti
1532 1234 1804 1314 quampulchre

467 1338 603 1400 dehac
630 1340 783 1399 materia
806 1338 980 1401 Senecam
1002 1342 1162 1401 breviter
1186 1341 1435 1401 disserentem:
1467 1340 1601 1402 «Deum
1624 1342 1717 1413 colit,
1743 1342 1805 1420 qui

467 1446 582 1519 novit;
614 1464 686 1507 non
708 1447 826 1524 querit
848 1448 1038 1519 ministros,
1064 1448 1126 1526 qui
1149 1447 1284 1508 linthea
1307 1450 1343 1509 et
1363 1449 1509 1528 specula
1531 1448 1692 1510 Iunonis:
1718 1448 1805 1527 quid

466 1553 528 1612 ni?
552 1552 633 1631 Ipse
658 1552 812 1614 humano
834 1554 955 1633 generi
978 1554 1175 1616 ministrat:
1200 1556 1333 1633 ubique
1356 1557 1393 1615 et
1416 1556 1579 1616 omnibus
1601 1557 1724 1634 presto
1740 1557 1803 1615 est.

468 1656 613 1720 Homini
638 1678 819 1738 nunquam
842 1660 930 1721 satis
953 1659 1156 1740 profectum
1180 1664 1242 1732 est,
1282 1662 1352 1722 nisi
1376 1662 1519 1739 qualem
1549 1662 1658 1723 debet
1680 1660 1803 1731 Deum,

468 1770 587 1827 mente
605 1768 819 1846 conceperit,
846 1768 964 1828 omnia
980 1767 1181 1837 habentem,
1211 1768 1330 1829 omnia
1350 1769 1566 1830 tribuentem
1591 1768 1805 1829 beneficium

468 1874 588 1951 gratis.
614 1871 690 1957 Que
704 1893 815 1935 causa
827 1877 881 1935 est
890 1873 968 1936 Deo
980 1872 1253 1936 benefaciendi?
1269 1874 1416 1936 Natura.
1433 1873 1551 1945 Errat,
1568 1876 1598 1937 si
1615 1876 1695 1953 quis
1707 1875 1805 1935 illum

469 1998 598 2041 nocere
624 1983 738 2059 putat.
784 1980 922 2042 Nocere
954 2000 1026 2042 non
1056 1984 1185 2061 potest,
1225 2000 1290 2043 nec
1328 1983 1493 2061 accipere
1527 1983 1693 2043 iniuriam
1719 1981 1804 2060 quit,

469 2104 535 2147 nec
569 2085 701 2149 tacere.
742 2086 880 2149 Ledere
904 2090 998 2149 enim
1034 2089 1181 2167 ledique
1219 2089 1446 2150 coniunctum
1473 2092 1535 2151 est.
1577 2087 1723 2149 Summa
1745 2068 1806 2148 illa

470 2193 671 2272 pulchrima
694 2196 850 2256 omnium
874 2198 1002 2256 natura
1018 2194 1133 2256 Deum
1156 2195 1315 2275 periculo
1333 2197 1461 2265 eximit,
1485 2215 1551 2257 nec
1567 2196 1805 2275 periculosum

470 2297 563 2361 lecit.
589 2299 730 2363 Primus
746 2301 814 2363 Dei
837 2303 953 2363 cultus
970 2305 1024 2364 est
1040 2302 1155 2363 Deum
1178 2302 1336 2373 credere,
1362 2302 1493 2363 deinde
1516 2303 1567 2363 illi
1583 2303 1820 2363 maiestatem·

470 2425 572 2467 suam
609 2409 762 2470 reddere
786 2411 822 2470 et
844 2410 1051 2479 bonitatem,
1091 2410 1167 2470 sine
1190 2427 1261 2488 qua
1285 2409 1384 2470 nulla
1407 2410 1575 2471 maiestas
1603 2411 1667 2470 est.
1707 2406 1806 2469 Scire

469 2513 569 2574 illum
586 2533 673 2586 esse,
702 2516 764 2593 qui
778 2516 940 2594 presidet
955 2516 1098 2588 mundo,
1126 2517 1187 2595 qui
1203 2516 1370 2577 universa
1386 2517 1519 2577 virtute
1540 2534 1605 2577 sua
1620 2518 1804 2595 temperat,

471 2621 533 2699 qui
555 2620 704 2682 humani
726 2623 865 2701 generis
890 2623 1038 2683 tutelam
1061 2623 1161 2703 gerit,
1191 2622 1370 2683 interdum
1394 2624 1554 2684 curiosus
1578 2623 1804 2701 singulorum.

470 2725 540 2787 Hic
564 2746 629 2790 nec
652 2729 716 2790 dat
738 2729 879 2799 malum,
919 2748 984 2790 nec
1008 2730 1126 2791 habet.
1179 2727 1353 2799 Ceterum,
1394 2731 1545 2809 castigat
1573 2729 1748 2808 quosdam
1772 2730 1806 2788 et

469 2832 636 2895 cohercet
671 2837 707 2895 et
722 2839 736 2868 ³
763 2836 960 2915 interrogat
995 2837 1096 2915 penis
1134 2838 1171 2897 et
1205 2836 1399 2914 aliquando
1435 2838 1555 2914 specie
1582 2835 1667 2898 boni
1693 2835 1804 2914 punit.

470 2938 536 3002 Vis
573 2940 688 3001 Deum
722 2942 949 3022 propiciare?
991 2944 1106 3005 bonus
1132 2946 1218 3004 esto.
1263 2940 1358 3004 Satis
1392 2943 1491 3003 illum
1513 2944 1607 3015 colit,
1645 2941 1806 3019 quisquis

470 3048 630 3109 imitatus
654 3049 760 3109 estri.
808 3050 913 3121 Audi,
955 3050 1076 3111 nescio
1110 3068 1156 3109 an
1189 3049 1376 3115 ethnicum,
1417 3050 1494 3110 solo
1525 3050 1665 3110 nomine
1690 3049 1806 3109 dicam

472 3152 751 3226 Didumumu,
778 3158 1032 3217 bramanorum
1057 3168 1185 3236 regem,
1226 3156 1274 3217 ad
1298 3168 1462 3235 magnum
1485 3155 1807 3217 Alexandrum

473 3262 706 3323 scribentem:
750 3262 856 3323 «Non
880 3264 1030 3342 suscipit
1053 3262 1151 3324 Deus
1176 3280 1280 3324 sacra
1304 3264 1435 3342 sagina,
1461 3264 1595 3323 cultum
1619 3262 1733 3341 diligit
1757 3262 1806 3320 in·

475 3366 729 3429 cruentum»³0.
756 3366 880 3431 Verbo
902 3369 1203 3449 proportionatur
1226 3370 1411 3430 orantibus
1435 3369 1532 3447 quod
1548 3369 1663 3430 solum
1679 3369 1712 3428 ei
1728 3386 1807 3429 cum

474 3473 615 3535 homine
639 3477 701 3545 est,
742 3493 879 3554 suaque
913 3477 1148 3537 similitudine
1173 3476 1383 3547 delectatur,
1422 3495 1504 3536 nam
1527 3474 1689 3537 Verbum
1711 3473 1806 3535 Deus

474 3583 539 3642 est.
563 3579 642 3642 Hoc
666 3582 836 3643 mundum
858 3584 1004 3654 creavit,
1030 3583 1098 3644 hoc
1123 3583 1213 3662 regit
1238 3585 1275 3643 et
1295 3583 1360 3643 alit
1382 3583 1510 3653 omnia,
1535 3582 1602 3644 hoc
1619 3582 1805 3661 diligimus,

474 3706 518 3748 ex
540 3687 608 3748 hoc
631 3688 795 3768 spiritum
819 3689 1001 3762 trahimus,
1037 3691 1068 3750 si
1095 3682 1263 3767 quidemd
1298 3690 1375 3768 ipse
1406 3690 1552 3768 spiritus
1576 3691 1685 3767 atque
1709 3706 1806 3748 mens

474 3799 536 3856 est.
573 3793 620 3857 Et
643 3796 726 3857 ideo
750 3814 821 3856 non
844 3797 995 3857 terrenis
1023 3796 1173 3867 diviciis,
1210 3814 1275 3857 nec
1306 3797 1471 3875 largitate
1501 3794 1704 3867 munifica‘,
1745 3794 1807 3855 sed

474 3902 646 3982 religiosis
672 3903 841 3982 operibus
867 3906 901 3964 et
924 3904 1127 3983 graciarum
1151 3903 1297 3964 accione
1320 3904 1495 3982 placatur.

580 4329 711 4390 a)-et.
748 4326 1016 4395 b)·-·Dydimum.
1056 4330 1084 4388 e)
1101 4342 1133 4370 Ξ
1150 4324 1308 4391 sanguine.
1347 4325 1379 4387 d)
1396 4324 1534 4384 †Deus.
1574 4324 1649 4385 e):
1667 4321 1804 4374 mirifica.

580 4528 601 4593 ¹)
620 4528 763 4582 ARISTOT.
793 4531 910 4582 Potitio.
941 4529 1170 4593 Vll,lect.V1:
1200 4545 1278 4581 «sex
1296 4544 1363 4580 esse
1381 4530 1446 4579 sine
1471 4528 1582 4592 quibus
1607 4527 1716 4578 civitas
1739 4541 1807 4578 con·

472 4623 581 4672 sistere
599 4635 659 4671 non
675 4622 801 4685 potest»
821 4620 865 4672 La
884 4621 914 4672 5ο
932 4621 972 4673 de
991 4634 1043 4672 ces
1062 4619 1238 4672 conditions
1259 4620 1307 4670 est
1322 4618 1499 4670 l'existence
1514 4618 1556 4668 du
1575 4618 1749 4670 sacerdoce.

581 4705 601 4771 ²)
621 4708 731 4760 SENEc.
759 4710 858 4774 Epist.
876 4709 964 4772 XCV,
983 4710 1027 4761 51.
1054 4705 1151 4761 Texte
1164 4708 1338 4774 incomplet.
1370 4706 1417 4759 On
1431 4708 1542 4758 trouve
1556 4705 1595 4756 ici
1611 4721 1653 4757 un
1668 4707 1808 4773 exemple

474 4798 603 4866 typiqne
621 4799 660 4849 de
678 4797 812 4864 l'emploi
831 4799 886 4851 des
906 4799 1059 4850 ecrivains
1079 4798 1203 4849 anciens
1222 4812 1261 4849 au
1286 4797 1407 4850 service
1432 4796 1471 4847 de
1497 4795 1587 4846 l'idee
1618 4794 1806 4848 chretienne.

473 4887 499 4939 ll
518 4888 604 4954 s’agit
622 4887 701 4938 dans
721 4886 862 4952 Se'neqoe
880 4902 943 4939 non
962 4902 1019 4954 pas
1038 4886 1081 4939 du
1099 4886 1179 4939 Dieu
1197 4887 1320 4952 unique,
1339 4886 1418 4939 mais
1438 4885 1493 4935 des
1513 4884 1617 4935 dieux.

580 4974 600 5039 ³)
621 4975 679 5028 Sur
698 4975 744 5027 les
762 4990 878 5029 moeurs
897 4977 952 5028 des
971 4976 1160 5027 brahmanes
1180 4976 1211 5026 et
1228 4975 1275 5026 les
1295 4976 1443 5027 relations
1462 4974 1556 5040 qu'on
1574 4972 1657 5024 avait
1673 4987 1727 5025 sur
1741 4988 1807 5035 eux,

471 5066 541 5117 voir
557 5066 587 5117 le
605 5065 696 5117 traite
716 5066 742 5117 si
760 5066 886 5117 curienx
910 5067 957 5117 De
976 5065 1118 5116 Moribus
1136 5065 1410 5125 Brachmanorum,
1435 5063 1487 5129 qui
1509 5062 1556 5114 lut
1574 5062 1746 5129 longtemps
1765 5063 1808 5115 at·

472 5156 573 5207 tribue
592 5155 610 5207 d
629 5156 710 5207 saint
729 5154 899 5208 Ambroise.
937 5155 972 5206 In
992 5153 1083 5220 Oper.
1105 5154 1269 5217 Ambrosii,
1289 5152 1591 5215 1V,c01.1167-1184.
