4300 6117
853 1006 1042 1061 IOHANNIS
1061 1006 1242 1061 DOMINICI
1644 995 1709 1058 415

375 1233 480 1294 sexta
513 1231 563 1292 ad
594 1230 810 1294 refellendos
844 1247 986 1292 errores
1023 1232 1058 1292 et
1083 1231 1266 1294 erroribus
1301 1232 1427 1310 capias
1456 1229 1594 1291 animas
1618 1229 1711 1291 redi·

376 1338 536 1400 mendas.

485 1443 587 1526 Legit
608 1444 716 1524 igitur
738 1444 796 1505 hic
819 1444 963 1524 sapiens
986 1445 1191 1523 nuperrime
1211 1462 1234 1505 a
1255 1442 1333 1506 Deo
1356 1443 1508 1505 dilectus
1532 1446 1567 1505 et
1584 1442 1711 1505 doctus
1727 1439 1758 1503 9.

376 1554 557 1632 quotquot
579 1555 665 1614 ante
687 1569 727 1613 se
750 1552 929 1631 scripsere
961 1551 1120 1632 gentiles,
1154 1553 1191 1613 et
1224 1569 1364 1613 errores
1394 1550 1535 1613 illorum
1559 1550 1712 1612 ecclesia

377 1661 603 1740 congregata,
638 1659 676 1720 in
708 1659 833 1738 primis
867 1658 1034 1737 capitulis
1070 1658 1197 1721 decem
1218 1657 1301 1719 libri
1323 1656 1466 1736 prefati,
1501 1658 1712 1720 brevissime

377 1767 515 1847 pandit,
551 1769 670 1827 armat
703 1767 883 1828 interdum
917 1769 953 1827 et
976 1765 1160 1827 interdum
1183 1765 1340 1844 deponit.
1380 1763 1453 1827 Sed
1476 1765 1514 1825 in
1545 1764 1713 1827 finalibus

378 1874 520 1936 duobus
534 1874 700 1953 capitulis
716 1873 812 1935 solos
828 1873 972 1935 codices
989 1873 1183 1934 denunciat
1196 1890 1319 1934 sacros
1328 1872 1507 1953 legendos.
1518 1869 1712 1944 —Verum,

377 1984 419 2043 ut
442 1979 648 2059 aliqualiter
670 1981 846 2060 appareat
869 1979 927 2042 hic
961 1980 1059 2058 quod
1091 1979 1226 2043 dictum
1256 1982 1319 2052 est,
1353 1997 1488 2058 paucos
1524 1998 1567 2041 ex
1595 1979 1714 2040 multis

377 2086 577 2151 referamus
601 2104 752 2150 errores.
785 2085 826 2148 In
849 2087 1007 2166 capitulo
1031 2087 1160 2166 primo,
1185 2105 1257 2148 uon
1279 2086 1393 2148 solum
1417 2086 1625 2152 animarum.
1649 2086 1716 2147 sed

378 2195 537 2257 omnium
560 2213 680 2256 rerum
704 2194 876 2256 circuitus
899 2195 1096 2273 perpetuos
1111 2193 1242 2255 validis
1259 2193 1463 2254 racionibus
1486 2194 1627 2272 probat,
1653 2192 1716 2254 ubi

377 2320 445 2382 pro
468 2300 626 2363 themate
649 2302 755 2364 dicit:
783 2300 930 2364 ‹Nichil
952 2318 1087 2362 novum
1111 2302 1178 2363 sub
1202 2301 1278 2363 sole
1292 2297 1334 2362 »¹.
1373 2300 1414 2361 In
1437 2300 1595 2363 secundo
1629 2317 1714 2380 quo·

377 2426 448 2488 que
463 2407 631 2487 capitulo,
655 2407 803 2488 Epicuri
827 2409 985 2470 nondum
1008 2408 1094 2481 nati,
1123 2408 1211 2470 satis
1236 2407 1375 2487 prolixo
1394 2425 1567 2480 sermone,
1591 2408 1714 2487 volup·

377 2517 483 2586 tates,
509 2533 598 2594 quas
622 2533 694 2578 non
709 2516 891 2578 erubescit
905 2514 1012 2577 fateri
1034 2533 1074 2577 se
1100 2514 1211 2577 fuisse
1227 2517 1397 2588 secutum,
1415 2515 1597 2586 describit,
1622 2513 1716 2576 inter

377 2625 501 2684 cetera
526 2623 666 2685 dicens:
695 2620 862 2694 «Omnia,
881 2639 951 2700 que
967 2622 1266 2685 desideraverunt
1288 2622 1381 2684 oculi
1397 2622 1476 2694 mei,
1501 2640 1573 2683 uon
1588 2621 1717 2701 negavi

378 2731 441 2801 eis,
479 2748 595 2808 neque
630 2729 798 2810 prohibui
821 2747 884 2791 cor
918 2747 1045 2800 meum,
1084 2729 1171 2807 quin
1208 2729 1305 2790 omui
1327 2729 1512 2807 voluptate
1535 2726 1715 2791 frueretur

378 2840 417 2899 et
440 2837 640 2899 oblectaret
662 2855 702 2898 se
726 2837 762 2898 in
789 2836 867 2909 hiis,
900 2853 970 2914 que
1002 2853 1217 2916 paraveram
1232 2858 1246 2892 u
1259 2835 1280 2897 ².
1318 2871 1359 2884 -
1395 2834 1603 2897 Detraxisse
1629 2854 1715 2897 non·

379 2944 495 3006 nullos
518 2943 701 3023 sapiencie
723 2962 871 3023 operam
894 2943 992 3014 dare,
1030 2943 1129 3022 quod
1153 2944 1298 3005 demum
1321 2941 1498 3022 Epicurus
1526 2960 1597 3004 non
1619 2941 1713 3014 iecit,

378 3051 417 3112 in
440 3052 567 3112 eodem
592 3051 749 3130 capitulo
772 3051 937 3124 insinuat,
975 3050 1115 3112 dicens:
1158 3049 1239 3111 «Et
1262 3050 1336 3112 dixi
1359 3051 1396 3110 in
1420 3049 1529 3111 corde
1552 3067 1648 3111 meo:
1676 3047 1715 3110 Si

379 3176 471 3220 uuus
506 3159 543 3220 et
574 3157 674 3219 stulti
707 3159 743 3220 et
777 3176 877 3219 meus
912 3158 983 3219 eris
1018 3175 1178 3228 occasus,
1223 3157 1311 3235 quid
1337 3156 1421 3217 mihi
1444 3157 1594 3235 prodest
1616 3157 1715 3235 quod

378 3265 553 3327 maiorem
588 3265 770 3344 sapiencie
804 3264 889 3326 dedi
914 3264 1088 3343 operam?
1130 3262 1359 3342 Locutusque
1390 3282 1470 3325 cum
1493 3265 1611 3326 mente
1634 3281 1714 3325 mea

379 3372 620 3434 animadverti
644 3372 742 3450 quod
764 3371 832 3434 hoc
856 3389 1001 3450 quoque
1024 3373 1121 3433 esset
1144 3369 1312 3433 vanitas?
1335 3369 1415 3432 Nou
1438 3371 1531 3431 enim
1555 3371 1623 3432 erit
1643 3388 1715 3431 me·

378 3480 495 3541 moria
526 3478 699 3558 sapientis
737 3479 901 3541 simulet
924 3479 1008 3539 sulti
1042 3479 1079 3538 in
1103 3481 1316 3557 perpetuum
1332 3475 1382 3538 »1.
1417 3508 1460 3518 -
1495 3475 1588 3538 Ante
1616 3476 1715 3538 illum

378 3585 480 3648 luere
513 3586 652 3658 fatales,
693 3585 739 3649 de
775 3587 905 3666 quibus
938 3585 1082 3648 memini
1116 3603 1174 3646 me
1205 3603 1314 3664 supra
1337 3584 1481 3656 dixisse,
1521 3581 1714 3645 inferentes

379 3694 478 3773 quod
502 3693 622 3755 omnia
656 3695 796 3773 tempus
820 3692 964 3764 habeut,
1005 3694 1041 3754 et
1064 3693 1138 3754 suis
1162 3692 1295 3771 spaciis
1318 3693 1507 3753 transeunt
1528 3691 1712 3763 universa;

377 3801 559 3862 homiuem
582 3799 690 3861 nichil
713 3801 808 3861 ultra
825 3799 959 3862 habere
976 3817 999 3860 a
1014 3799 1110 3861 datis
1135 3800 1202 3860 sub
1218 3801 1390 3878 tempore,
1408 3798 1576 3859 universa
1592 3787 1606 3880 11
1632 3815 1714 3859 cum

379 3906 536 3969 Saturno
552 3910 711 3969 vorante.
736 3939 780 3948 —
803 3906 1035 3968 Aristotelem
1049 3924 1205 3984 namque
1228 3906 1412 3986 preierunt
1434 3904 1563 3984 phisici
1580 3905 1711 3984 plures,

379 4032 533 4094 quorum
556 4015 643 4094 ipse,
667 4017 707 4076 ut
731 4014 825 4075 latro
849 4014 1001 4092 cupidus
1024 4010 1129 4086 fame,
1154 4011 1294 4074 furatus
1311 4015 1367 4074 est
1381 4013 1488 4083 dicta,
1513 4014 1550 4074 et
1565 4011 1620 4073 sui
1636 4029 1712 4073 sco·

378 4121 467 4183 laris
490 4121 658 4200 potencia
682 4123 843 4200 quoquot
864 4120 1006 4182 illorum
1042 4119 1186 4181 codices
1208 4136 1339 4199 rapere
1361 4119 1477 4199 potuit
1511 4117 1614 4180 iussit
1638 4136 1712 4180 cre·

379 4228 482 4301 mari,
506 4229 547 4288 ut
569 4227 753 4290 videretur
775 4227 930 4306 posteris
953 4229 1081 4288 auctor
1104 4226 1240 4305 phisice
1263 4226 1409 4305 primus.
1434 4223 1528 4287 Hinc
1548 4227 1601 4286 est
1618 4215 1648 4308 ΙΙ,
1672 4228 1714 4287 ut

378 4334 587 4415 paucissimi
623 4335 852 4413 antiquorum
895 4333 1160 4412 disputancium
1195 4333 1278 4394 libri
1321 4333 1556 4412 reperiantur,
1596 4349 1712 4410 neque

381 4441 478 4504 dicta
491 4441 559 4503 nisi
576 4459 645 4520 que
660 4441 720 4504 ille
735 4440 892 4503 tumidus
908 4440 1020 4502 noluit
1035 4441 1253 4520 impugnare.
1278 4437 1348 4501 lbi⁴
1363 4441 1556 4519 propterea
1568 4439 1711 4518 sapiens

379 4550 515 4622 scribit,
540 4549 686 4619 scilicet,
711 4549 791 4611 illos
816 4548 964 4610 dixisse:
991 4545 1158 4608 «Cuncta
1174 4544 1260 4609 fecit
1282 4547 1377 4608 bona
1393 4550 1554 4626 tempore
1577 4564 1651 4618 suo,
1678 4548 1713 4607 et

487 5005 509 5073 ¹)
528 5005 573 5060 Cf.
592 5007 702 5068 Eccle,
721 5005 743 5070 Ι,
764 5005 807 5058 10.

488 5093 615 5161 ¹)1bid,
634 5095 670 5159 11,
690 5095 733 5148 1⁰.

488 5183 613 5250 Ἢὸίά.,
633 5185 676 5237 15.

486 5272 511 5340 ⁴)
528 5275 614 5335 lbra,
631 5273 682 5337 111,
701 5274 742 5325 11.
763 5271 918 5345 Quelques
937 5272 1104 5324 variantes.
