4300 6117
450 817 516 881 438
610 844 622 872 ο
954 828 1113 884 LUCULA
1135 827 1277 882 NOCTIS

451 1051 535 1113 tatis
559 1055 661 1114 actus
684 1054 898 1132 populorum
920 1071 1027 1114 aures
1049 1071 1121 1115 uon
1143 1051 1336 1132 fatigarent
1358 1053 1395 1114 in
1417 1053 1560 1132 templis
1571 1057 1596 1126 ⁸,
1613 1053 1645 1114 si
1668 1053 1785 1115 omnis

449 1156 660 1238 Xpistianus
690 1159 842 1222 historia
875 1159 1018 1240 Eclippi
1055 1162 1196 1222 careret
1210 1157 1231 1220 1.
1266 1158 1384 1222 Multa
1407 1163 1490 1222 sunt
1521 1161 1558 1221 in
1580 1163 1789 1222 sanctorum

450 1267 722 1329 veneracionem
749 1267 925 1328 translata
940 1260 965 1340 b,
992 1267 1076 1346 quia
1110 1267 1162 1328 sic
1192 1266 1329 1346 placuit
1362 1267 1598 1347 scriptoribus
1632 1267 1787 1347 philoso-

449 1373 533 1452 phie
555 1373 733 1452 alumpnis
757 1373 946 1435 mundane.
970 1372 1151 1437 Processit
1186 1391 1228 1436 ex
1261 1374 1338 1447 hoc,
1363 1377 1403 1436 ut
1437 1392 1605 1436 verorum
1642 1375 1786 1436 mirabi-

449 1481 545 1553 lium,
572 1498 640 1559 que
663 1480 759 1542 Deus
781 1481 819 1542 in
840 1481 984 1552 sanetis,
1016 1483 1079 1543 aut
1105 1499 1171 1560 per
1194 1482 1338 1543 sanctos
1361 1483 1417 1544 est
1439 1484 1610 1561 operatus
1635 1485 1672 1543 et
1702 1499 1785 1560 ope·

450 1589 552 1648 ratur
573 1586 743 1666 quotidie,
768 1590 832 1649 aut
858 1607 930 1649 non
952 1588 1148 1650 recitentur
1170 1590 1233 1650 aut
1255 1588 1407 1650 recitata
1445 1588 1560 1650 mimis
1595 1606 1684 1650 vera
1712 1607 1786 1650 cre·

451 1693 593 1767 dantur,
619 1698 683 1756 aut
704 1695 818 1757 eciam
841 1713 913 1756 non
935 1694 1151 1757 mandentur
1173 1695 1302 1756 litteris
1327 1696 1584 1757 conservanda.

404 1793 435 1859 5.
556 1801 689 1864 Fateor
711 1801 878 1881 equidem
900 1800 1086 1881 Deumque
1109 1803 1236 1864 invoco
1264 1804 1393 1864 testem
1422 1821 1502 1864 cum
1529 1803 1664 1864 sanctis
1695 1803 1783 1864 eius·

450 1908 556 1970 dem:
580 1907 622 1970 Id
645 1927 701 1970 me
725 1909 847 1979 tenuit,
873 1927 918 1970 ne
941 1908 1097 1988 quedam
1120 1909 1227 1987 digna
1251 1910 1368 1970 relatu
1390 1911 1595 1981 scriberem,
1628 1909 1675 1971 de
1710 1910 1784 1989 qui·

449 2016 517 2077 bus
555 2014 651 2078 Deus
691 2016 884 2078 clemencia
921 2033 987 2078 sua
1024 2014 1110 2077 fecit
1146 2034 1202 2078 me
1241 2019 1388 2088 certum,
1436 2019 1473 2078 et
1510 2017 1582 2078 iam
1613 2017 1785 2078 oblivioni

449 2122 652 2184 traduntur.
676 2121 762 2184 Vidi
784 2124 862 2185 solo
886 2141 1011 2185 manus
1039 2125 1207 2185 contactu
1235 2125 1383 2202 repente
1416 2123 1464 2184 ab
1496 2124 1702 2186 incurrente
1727 2141 1784 2186 ce·

448 2229 557 2291 citate
581 2229 722 2291 oculum
745 2229 955 2303 liberatum
980 2247 1044 2291 esu
1078 2230 1236 2309 quinque
1259 2228 1484 2309 pruinarum²
1507 2230 1556 2292 ad
1590 2231 1782 2309 tegendum

448 2336 658 2398 miraculum
698 2334 857 2398 futurum
890 2338 1083 2416 speratum,
1120 2355 1143 2397 a
1176 2336 1305 2398 validis
1339 2334 1501 2418 febribus
1533 2337 1570 2398 in
1602 2340 1784 2399 momento

447 2461 639 2522 personam
662 2443 806 2522 plenam
827 2444 1017 2504 sanitatem
1041 2443 1180 2522 cepisse
1203 2444 1461 2505 incurabilibus
1495 2445 1639 2515 morbis,
1671 2444 1711 2505 id
1732 2445 1782 2504 vi·

447 2549 614 2612 dencium
648 2552 858 2612 cunctorum
888 2549 1109 2611 medicorum
1131 2568 1306 2629 responsu
1330 2541 1367 2632 {h
1396 2551 1555 2630 puellam
1579 2554 1784 2631 correptam

445 2657 523 2718 solo
548 2657 699 2735 imperio
722 2655 908 2718 cuiusdam
931 2657 1008 2718 sine
1027 2657 1218 2719 intervallo
1234 2660 1398 2719 sanatam
1414 2657 1574 2720 eiusdem
1590 2661 1778 2737 precepto;

445 2764 581 2836 virum,
617 2782 699 2825 mox
734 2766 774 2826 ut
808 2762 1011 2835 mandavit,
1048 2763 1096 2824 ab
1130 2763 1377 2844 ingruentibus
1409 2763 1571 2827 febribus
1607 2765 1780 2844 extimplo

444 2873 619 2942 sanatum,
659 2870 708 2932 ad
752 2871 897 2950 plenam
930 2871 1141 2949 sospitatem
1180 2871 1388 2945 reductum;
1428 2871 1618 2951 parvulum
1656 2891 1781 2935 canem

445 2977 540 3057 pede
562 2975 684 3049 lesum,
708 2977 860 3056 proinde
882 2978 1058 3050 claudum,
1083 2996 1191 3040 manu
1214 2978 1400 3039 cuiusdam
1416 2979 1571 3060 religiosi
1583 2979 1662 3052 viri,
1680 2981 1780 3042 cuius

444 3084 505 3146 ille
529 3084 627 3146 canis
651 3084 844 3147 videbatur
867 3084 1036 3147 auxilium
1045 3085 1239 3163 postulare,
1262 3087 1466 3148 contactum
1481 3087 1602 3148 statim
1618 3088 1686 3148 sub
1702 3088 1781 3167 ipsa

446 3192 529 3254 vola
551 3191 757 3271 restitutum
778 3192 929 3271 pristine
951 3192 1128 3254 sanitatis.

398 3293 430 3359 6.
556 3297 714 3360 Plurima
737 3299 821 3369 vidi,
846 3301 883 3360 et
905 3298 1005 3360 fideli
1028 3299 1145 3360 relatu
1168 3299 1240 3360 alia
1272 3300 1422 3380 cognovi
1454 3318 1525 3364 non
1557 3318 1684 3380 pauca,
1711 3319 1781 3380 que

444 3405 542 3468 nulla
566 3406 757 3467 demonum
779 3383 859 3467 arte
880 3408 1074 3486 potuerunt
1096 3407 1192 3468 facta
1215 3407 1345 3486 putari.
1371 3406 1449 3469 Non
1484 3407 1578 3469 enim
1600 3408 1780 3489 prestigiis

444 3514 661 3577 subveniunt
682 3512 867 3582 creaturis,
892 3513 961 3575 nisi
995 3515 1036 3575 ut
1065 3513 1193 3575 fallant
1226 3512 1397 3586 colantur,
1434 3517 1497 3577 aut
1530 3515 1569 3577 in
1603 3518 1779 3578 tumorem

443 3621 582 3699 erigant
614 3620 771 3698 aliquem
803 3620 850 3681 ab
885 3620 1075 3682 altitudine
1113 3621 1315 3683 sanctitatis
1354 3622 1593 3684 deiciendum.
1618 3621 1777 3707 Quorum

444 3729 610 3791 neutrum
646 3727 744 3788 valui
778 3745 859 3788 cum
896 3725 1046 3806 prefatis
1081 3727 1188 3807 signis
1220 3725 1354 3800 videre,
1380 3729 1465 3808 quia
1500 3729 1607 3808 igitur
1630 3731 1775 3810 spiritus

442 3834 537 3907 mali,
561 3834 600 3895 id
621 3833 874 3913 Augustino
898 3834 985 3896 lib⁰
1006 3832 1062 3894 X⁰
1084 3833 1146 3896 De
1170 3833 1371 3898 Civitate
1394 3833 1499 3908 Dei³,
1524 3834 1680 3899 facunde
1695 3855 1778 3917 pro·

550 4198 579 4258 c)
599 4221 631 4231 -
650 4194 683 4247 ln
701 4194 832 4261 templis.
868 4195 900 4257 b)
919 4211 954 4240 =
971 4194 1112 4246 traslata.

548 4371 570 4439 ¹)
594 4372 678 4426 Nous
703 4372 833 4426 n'avons
857 4387 900 4438 pn
931 4371 1098 4424 decouvrir
1128 4370 1358 4425 exactementl
1382 4371 1454 4439 quoi
1473 4371 1625 4426 Dominici
1649 4373 1707 4426 fuit
1730 4373 1769 4427 ici

439 4463 585 4516 allusion.

546 4549 566 4617 ²)
584 4550 671 4604 Dans
696 4565 731 4603 sa
755 4550 896 4618 reponse,
923 4550 954 4603 C.
974 4550 1105 4603 Salutati
1130 4551 1271 4618 apprend
1295 4549 1459 4604 durement
1483 4551 1676 4606 aDominici
1694 4552 1712 4606 a
1730 4568 1770 4606 ne

438 4655 495 4709 pas
514 4639 685 4695 confondre
702 4640 816 4694 l'arbre
834 4654 912 4693 avec
929 4654 987 4693 son
1004 4639 1093 4692 fruit:
1115 4638 1205 4694 «Non
1223 4641 1397 4708 legeremus
1416 4641 1500 4709 apud
1519 4655 1589 4695 eos:
1608 4655 1666 4695 esu
1685 4643 1771 4710 quin·

437 4744 499 4797 que
516 4744 686 4796 prunarum
704 4743 723 4782 a
741 4729 854 4782 validis
871 4728 1010 4781 febribus
1028 4729 1203 4792 liberatum,
1230 4729 1255 4782 si
1279 4729 1457 4782 didicissent
1482 4731 1566 4798 quod
1587 4746 1710 4797 prunus
1727 4731 1771 4785 fe·

437 4819 547 4871 minini
564 4819 687 4887 generis
705 4820 800 4872 arbor
818 4818 872 4882 sit;
897 4817 1015 4871 fructus
1040 4819 1144 4872 antem
1163 4833 1297 4886 prunum
1316 4820 1415 4873 soleat
1439 4820 1632 4887 appellari..
1649 4860 1656 4874 .
1672 4841 1685 4868 ι
1724 4819 1770 4874 Cf.

438 4908 636 4975 Epistolario,
654 4907 756 4959 IV·IP.
774 4923 804 4975 p.
823 4907 886 4960 217.

546 4993 615 5061 ⁸)S.
633 4995 712 5051 Aur.
730 4995 810 5050 Auo.
835 4998 882 5051 De
911 4996 994 5050 (livit.
1021 4998 1088 5060 Det,
1113 4997 1148 5062 X,
1166 5007 1208 5064 ix,
1234 5000 1276 5051 ad
1301 5013 1380 5052 sens.
1406 4999 1442 5052 Iu
1463 4997 1553 5066 Oper.
1578 5000 1600 5052 t.
1620 4999 1684 5064 vn,
1710 4999 1770 5053 col.

437 5085 491 5140 286
508 5101 555 5152 sq.
