4300 6117
457 893 527 955 226
969 904 1129 959 Lucum
1152 902 1292 959 NOCTIS

455 1126 543 1188 velit
564 1127 644 1207 ipsa
667 1127 778 1189 series
812 1123 1033 1189 Testamenti
1066 1127 1197 1207 prioris
1234 1129 1443 1207 qualitatem
1478 1127 1679 1191 litterarum
1713 1129 1798 1190 insi·

456 1252 578 1307 nuare,
603 1252 648 1296 ne
670 1232 818 1297 fallatur
840 1234 1001 1314 quisquis
1024 1235 1061 1295 in
1085 1235 1258 1297 sermonis
1282 1253 1414 1307 errore,
1439 1234 1529 1297 alias
1563 1235 1600 1295 in
1631 1234 1795 1315 pluribus

455 1340 543 1403 locis
558 1345 573 1375 ⁸
594 1341 777 1403 verificari
798 1360 869 1403 non
892 1342 1033 1421 poterit
1057 1340 1106 1403 Et
1128 1342 1196 1403 hoc
1220 1345 1275 1403 est
1298 1343 1396 1421 quod
1411 1341 1488 1404 sine
1512 1342 1725 1422 exceptione
1746 1342 1798 1403 ad

456 1446 758 1510 Corinthios
781 1448 926 1528 scripsit
948 1447 1202 1528 Apostolus:
1230 1465 1244 1499 e
1265 1447 1392 1510 Omnia
1415 1450 1452 1509 in
1474 1449 1590 1529 figura
1614 1449 1794 1530 continge·

454 1555 544 1616 bant
565 1554 636 1616 illis
655 1552 702 1616 ›¹.
727 1553 803 1617 Sub
824 1554 892 1618 hoc
913 1572 1022 1617 sensu
1060 1553 1208 1618 confuso
1243 1555 1315 1617 dici
1350 1557 1469 1635 potest
1507 1573 1632 1617 secure
1655 1556 1793 1618 tociens

339 1665 367 1697 ¹⁰
454 1661 655 1724 litterarum
680 1652 694 1745 ΙΙ
733 1662 948 1724 secularium
981 1662 1139 1724 studium
1173 1663 1420 1734 interdictum,
1457 1662 1627 1742 quociens
1664 1662 1794 1724 mulier

455 1770 576 1848 aliqua
600 1768 875 1849 reprehenditur
896 1769 954 1831 vel
976 1769 1188 1849 prohibetur
1210 1769 1374 1833 dicenda.
1402 1768 1450 1831 Et
1473 1788 1518 1831 ne
1542 1762 1604 1829 inb
1627 1769 1695 1831 hoc
1718 1770 1794 1831 nni·

453 1876 587 1938 versali
626 1894 789 1938 sermone
823 1876 927 1938 huius
970 1875 1134 1938 veritatis
1170 1875 1291 1938 hostes
1331 1876 1548 1939 deridendos
1585 1876 1790 1938 deridentes

454 1983 670 2062 relinquam,
710 1982 850 2063 precise
878 1983 927 2046 ad
957 1982 1088 2045 librum
1128 1981 1528 2047 Proverbiorum
1564 1988 1624 2045 'eos
1655 1984 1793 2045 remito.

454 2088 493 2152 Si
524 2109 605 2152 eum
634 2091 752 2171 legere
781 2091 914 2161 volunt,
945 2093 985 2151 ut
1016 2089 1210 2152 catholicos
1242 2090 1356 2162 decet,
1384 2090 1421 2151 in
1449 2090 1553 2151 huius
1587 2090 1681 2152 euim
1709 2090 1793 2151 libri

452 2198 526 2259 fine
548 2198 675 2259 mulier
697 2198 800 2259 fortis
829 2196 1047 2258 describitur
1074 2195 1205 2258 talibus
1236 2215 1279 2258 ac
1314 2197 1422 2259 tantis
1457 2198 1649 2259 virtutibus
1684 2196 1791 2259 subli-

452 2307 559 2376 mata,
584 2322 687 2366 nemo
711 2323 781 2365 non
805 2304 851 2366 sit
875 2306 1002 2377 certus,
1028 2303 1126 2382 quod
1149 2303 1195 2365 de
1226 2321 1314 2365 vera
1343 2304 1536 2384 sapiencia,
1561 2322 1670 2383 quam
1693 2303 1791 2366 solus

452 2411 549 2473 Dens
587 2411 748 2491 inspirat,
783 2411 971 2472 manifeste
1006 2409 1207 2489 loquaturi.
1241 2409 1381 2483 Ymmo,
1420 2413 1460 2473 uf
1494 2411 1613 2473 verius
1652 2412 1789 2490 loquar,

452 2518 570 2580 nullus
593 2518 764 2598 intelliget
787 2515 966 2597 prefatum
988 2518 1119 2579 librum
1143 2510 1207 2598 [et]
1232 2518 1399 2596 reliquos,
1416 2518 1479 2596 qui
1495 2516 1787 2598 Sapienciales

453 2645 475 2687 a
509 2625 671 2706 pluribus
709 2627 980 2704 nuncupantur,
1018 2624 1086 2686 nisi
1125 2625 1246 2704 scierit
1286 2624 1531 2703 predictorum
1572 2625 1790 2687 voluminum

452 2732 652 2812 principale
683 2732 882 2794 subiectum
912 2749 990 2793 esse
1022 2731 1232 2805 doctrinam,
1257 2732 1294 2792 in
1325 2732 1454 2811 quibus
1486 2749 1574 2793 vera
1606 2733 1788 2811 probatur,

452 2839 654 2919 perniciosa
678 2840 884 2918 dampnata.

405 2938 436 3003 3.
559 2945 674 3031 Quam
698 2946 803 3017 clare,
827 2945 970 3008 detecto
991 2946 1178 3016 velamine,
1202 2944 1242 3006 id
1265 2946 1440 3025 expressit
1463 2946 1500 3006 in
1524 2944 1681 3025 capitulo
1695 2946 1789 3025 vige·

451 3053 541 3115 simo
564 3052 731 3125 secundo,
756 3053 815 3114 ille
838 3052 1121 3132 sapientissimus
1144 3050 1391 3123 Parabolator,
1417 3052 1566 3114 dicens:
1603 3050 1706 3112 «Fili
1729 3052 1786 3130 mi,

450 3159 583 3226 inclina
605 3177 729 3221 aurem
752 3161 859 3232 tuam,
884 3161 919 3221 et
952 3158 1036 3221 audi
1070 3159 1183 3220 verba
1217 3159 1447 3238 sapiencium.
1483 3159 1636 3239 Appone
1670 3162 1788 3221 autem

450 3286 513 3329 cor
546 3266 595 3328 ad
625 3266 825 3328 doctrinam
855 3284 980 3338 meam,
1013 3283 1083 3344 que
1113 3265 1240 3344 pulcra
1268 3266 1337 3327 erit
1371 3266 1447 3337 tibi,
1473 3283 1553 3327 cum
1587 3264 1787 3328 servaveris

449 3392 529 3435 eam
551 3374 587 3434 in
611 3375 736 3435 ventre
759 3375 831 3445 tuo,
855 3375 892 3434 et
914 3372 1133 3443 redundabit
1155 3372 1192 3433 in
1215 3372 1320 3434 labiis
1343 3373 1425 3443 tuis,
1443 3374 1482 3433 nt
1506 3372 1553 3433 sit
1576 3373 1614 3433 in
1636 3371 1789 3433 Domino

447 3478 583 3543 fiducia
605 3478 806 3560 tuarUnde
829 3483 864 3542 et
887 3478 1028 3542 ostendi
1051 3493 1131 3541 eam
1154 3479 1220 3541 tibi
1247 3477 1363 3552 hodie,
1389 3497 1473 3540 ecce
1504 3478 1680 3558 descripsi
1712 3496 1788 3540 eam

448 3587 515 3650 tibi
537 3586 726 3667 tripliciter
748 3588 785 3648 in
815 3586 1092 3667 cogitacionibus
1129 3588 1165 3648 et
1199 3586 1363 3659 sciencia,
1387 3589 1428 3647 ut
1460 3586 1688 3647 ostenderem
1724 3584 1787 3647 tibi

447 3695 654 3756 firmitatem
678 3695 713 3757 et
736 3694 880 3773 eloquia
901 3694 1063 3756 veritatis
1088 3693 1307 3773 respondere
1337 3711 1380 3754 ex
1403 3692 1458 3754 his
1488 3691 1568 3765 illis,
1594 3692 1655 3771 qui
1686 3692 1786 3754 mise·

447 3804 531 3863 rnnt
543 3804 578 3863 te
589 3821 603 3855 s
616 3801 638 3863 ³.
652 3835 691 3844 —
702 3800 844 3863 Etenim
856 3819 966 3880 supra
978 3819 1057 3863 eam
1068 3800 1311 3880 descripserat
1320 3802 1389 3863 sub
1401 3802 1488 3882 typo
1502 3800 1660 3861 mulieris
1673 3799 1788 3860 aliene

449 3911 485 3972 ef
509 3911 686 3980 extranee,
712 3927 783 3988 quo
806 3909 855 3969 ad
877 3910 1043 3970 auctores
1068 3908 1129 3987 qui
1153 3906 1318 3969 infideles
1347 3909 1469 3981 fuere;
1493 3907 1653 3968 mulieris
1676 3924 1785 3968 mere·

447 4016 557 4089 tricis,
571 4034 642 4095 qno
655 4015 703 4077 ad
725 4016 912 4077 materiam
936 4014 982 4077 de
1005 4033 1077 4094 qna
1101 4016 1151 4076 illi
1175 4014 1258 4078 libri
1281 4016 1485 4094 loquuntur,
1504 4016 1589 4093 quia
1611 4016 1721 4095 agunt
1743 4014 1786 4075 de

447 4122 555 4184 sectis
592 4121 791 4203 ydolorum,
822 4122 859 4183 in
890 4123 1020 4201 quibus
1057 4123 1174 4183 anime
1208 4122 1378 4183 fornicari
1408 4121 1605 4182 invitantur
1637 4140 1659 4181 a
1689 4120 1784 4193 Deo,

447 4229 605 4291 mulieris
630 4229 837 4301 clamorose,
861 4247 933 4308 quo
956 4228 1004 4289 ad
1036 4226 1197 4291 formam.
1233 4226 1426 4289 Processus
1461 4228 1665 4307 procedunt
1696 4227 1786 4288 enim

447 4340 487 4398 ut
516 4336 707 4415 plurimum
736 4335 965 4415 disputando,
996 4334 1216 4407 altercando,
1241 4335 1277 4396 et
1310 4336 1433 4396 mutuo
1465 4352 1503 4396 se
1536 4334 1783 4414 impugnando,

448 4443 545 4522 quod
576 4443 657 4505 fieri
692 4441 751 4503 vix
783 4444 903 4522 potest
932 4443 1009 4505 sine
1039 4442 1202 4521 appetitu
1232 4441 1360 4514 laudis,
1386 4442 1490 4521 quasi
1521 4441 1676 4503 dixerit:
1704 4434 1785 4501 ‹Tn

553 4816 586 4877 a)
609 4841 636 4849 -
657 4812 743 4866 locis.
788 4814 820 4877 b)
839 4841 873 4851 —
892 4814 933 4866 in.

553 4990 574 5057 ¹)
593 4992 623 5044 S.
642 4992 750 5056 PAUL,
768 4992 782 5044 1
801 4994 845 5044 ad
862 4992 939 5055 Cor..
957 4991 993 5056 X,
1013 4993 1056 5043 11.

555 5078 576 5145 ¹)
595 5082 752 5141 Proverb„
770 5080 875 5133 XXXI.

553 5166 574 5236 ¹)
592 5170 681 5233 lbra,
699 5168 792 5234 XXII,
811 5170 902 5222 17-21.
