<?xml version="1.0" encoding="UTF-8"?>
<!DOCTYPE html PUBLIC "-//W3C//DTD XHTML 1.0 Transitional//EN"
    "http://www.w3.org/TR/xhtml1/DTD/xhtml1-transitional.dtd">
<html xmlns="http://www.w3.org/1999/xhtml" xml:lang="en" lang="en">
 <head>
  <title>
</title>
<meta http-equiv="Content-Type" content="text/html;charset=utf-8" />
  <meta name='ocr-system' content='tesseract 3.04.00' />
  <meta name='ocr-capabilities' content='ocr_page ocr_carea ocr_par ocr_line ocrx_word'/>
</head>
<body>
  <div class='ocr_page' id='page_1' title='image "./luculanoctis00domigoog_0131.png"; bbox 0 0 4300 6117; ppageno 0'>
   <div class='ocr_carea' id='block_1_1' title="bbox 819 940 1680 1005">
    <p class='ocr_par' dir='ltr' id='par_1_1' title="bbox 819 940 1680 1005">
     <span class='ocr_line' id='line_1_1' title="bbox 819 940 1680 1005; baseline 0 -2"><span class='ocrx_word' id='word_1_1' title='bbox 819 950 1006 1005; x_wconf 81' lang='lat' dir='ltr'>IOHANNIS</span> <span class='ocrx_word' id='word_1_2' title='bbox 1027 949 1210 1003; x_wconf 84' lang='lat' dir='ltr'>DOMINICI</span> <span class='ocrx_word' id='word_1_3' title='bbox 1660 940 1680 1003; x_wconf 80' lang='grc' dir='ltr'><strong><em>Ἰ</em></strong></span> 
     </span>
    </p>
   </div>
   <div class='ocr_carea' id='block_1_2' title="bbox 275 1169 1750 3070">
    <p class='ocr_par' dir='ltr' id='par_1_2' title="bbox 275 1169 1750 3070">
     <span class='ocr_line' id='line_1_2' title="bbox 346 1169 1682 1257; baseline -0.001 -22"><span class='ocrx_word' id='word_1_4' title='bbox 346 1174 566 1254; x_wconf 89' lang='lat' dir='ltr'>sapienciam</span> <span class='ocrx_word' id='word_1_5' title='bbox 589 1174 735 1234; x_wconf 91' lang='lat' dir='ltr'>studere</span> <span class='ocrx_word' id='word_1_6' title='bbox 756 1175 925 1234; x_wconf 88' lang='lat' dir='ltr'>curarent</span> <span class='ocrx_word' id='word_1_7' title='bbox 934 1169 955 1232; x_wconf 92' lang='lat'>¹.</span> <span class='ocrx_word' id='word_1_8' title='bbox 994 1171 1182 1257; x_wconf 84' lang='lat' dir='ltr'><strong>Quomodo</strong></span> <span class='ocrx_word' id='word_1_9' title='bbox 1198 1173 1367 1251; x_wconf 87' lang='lat' dir='ltr'>poterunt</span> <span class='ocrx_word' id='word_1_10' title='bbox 1383 1172 1542 1234; x_wconf 77' lang='lat' dir='ltr'>artifices</span> <span class='ocrx_word' id='word_1_11' title='bbox 1559 1172 1682 1254; x_wconf 87' lang='lat' dir='ltr'>ydiote</span> 
     </span>
     <span class='ocr_line' id='line_1_3' title="bbox 346 1268 1681 1361; baseline -0.001 -19"><span class='ocrx_word' id='word_1_12' title='bbox 346 1280 567 1359; x_wconf 90' lang='lat' dir='ltr'>respondere</span> <span class='ocrx_word' id='word_1_13' title='bbox 593 1280 731 1341; x_wconf 92' lang='lat' dir='ltr'>nunciis</span> <span class='ocrx_word' id='word_1_14' title='bbox 756 1280 939 1351; x_wconf 87' lang='lat' dir='ltr'>litteratis,</span> <span class='ocrx_word' id='word_1_15' title='bbox 972 1282 1034 1342; x_wconf 90' lang='lat' dir='ltr'>aut</span> <span class='ocrx_word' id='word_1_16' title='bbox 1060 1280 1174 1341; x_wconf 90' lang='lat' dir='ltr'>eciam</span> <span class='ocrx_word' id='word_1_17' title='bbox 1206 1279 1401 1358; x_wconf 84' lang='lat' dir='ltr'>Intelligere</span> <span class='ocrx_word' id='word_1_18' title='bbox 1427 1268 1445 1361; x_wconf 92' lang='grc' dir='ltr'>ΙΙ</span> <span class='ocrx_word' id='word_1_19' title='bbox 1469 1298 1538 1357; x_wconf 91' lang='lat' dir='ltr'>que</span> <span class='ocrx_word' id='word_1_20' title='bbox 1569 1280 1681 1341; x_wconf 90' lang='lat' dir='ltr'>latino</span> 
     </span>
     <span class='ocr_line' id='line_1_4' title="bbox 347 1385 1681 1471; baseline -0.001 -22"><span class='ocrx_word' id='word_1_21' title='bbox 347 1405 510 1449; x_wconf 87' lang='lat' dir='ltr'><strong>sermone</strong></span> <span class='ocrx_word' id='word_1_22' title='bbox 541 1386 768 1466; x_wconf 79' lang='lat' dir='ltr'>proponunt?</span> <span class='ocrx_word' id='word_1_23' title='bbox 807 1385 969 1471; x_wconf 81' lang='lat' dir='ltr'><strong>Qualiter</strong></span> <span class='ocrx_word' id='word_1_24' title='bbox 1000 1387 1210 1448; x_wconf 85' lang='lat' dir='ltr'>tractabunt</span> <span class='ocrx_word' id='word_1_25' title='bbox 1241 1387 1380 1447; x_wconf 90' lang='lat' dir='ltr'>sutores</span> <span class='ocrx_word' id='word_1_26' title='bbox 1414 1386 1459 1447; x_wconf 92' lang='lat' dir='ltr'>de</span> <span class='ocrx_word' id='word_1_27' title='bbox 1480 1386 1615 1448; x_wconf 84' lang='lat' dir='ltr'><strong>lanceis</strong></span> <span class='ocrx_word' id='word_1_28' title='bbox 1646 1389 1681 1448; x_wconf 91' lang='lat' dir='ltr'>et</span> 
     </span>
     <span class='ocr_line' id='line_1_5' title="bbox 347 1493 1681 1574; baseline 0 -19"><span class='ocrx_word' id='word_1_29' title='bbox 347 1494 493 1574; x_wconf 89' lang='lat' dir='ltr'>guerris,</span> <span class='ocrx_word' id='word_1_30' title='bbox 523 1494 569 1555; x_wconf 92' lang='lat' dir='ltr'>de</span> <span class='ocrx_word' id='word_1_31' title='bbox 592 1494 727 1574; x_wconf 89' lang='lat' dir='ltr'>legibus</span> <span class='ocrx_word' id='word_1_32' title='bbox 751 1493 940 1564; x_wconf 85' lang='lat' dir='ltr'>calcifices,</span> <span class='ocrx_word' id='word_1_33' title='bbox 971 1495 1007 1555; x_wconf 91' lang='lat' dir='ltr'>et</span> <span class='ocrx_word' id='word_1_34' title='bbox 1038 1494 1085 1554; x_wconf 92' lang='lat' dir='ltr'>de</span> <span class='ocrx_word' id='word_1_35' title='bbox 1106 1493 1310 1554; x_wconf 86' lang='lat' dir='ltr'>necessaria</span> <span class='ocrx_word' id='word_1_36' title='bbox 1334 1493 1527 1554; x_wconf 90' lang='lat' dir='ltr'>concordia</span> <span class='ocrx_word' id='word_1_37' title='bbox 1552 1493 1681 1555; x_wconf 82' lang='lat' dir='ltr'>civIum</span> 
     </span>
     <span class='ocr_line' id='line_1_6' title="bbox 347 1599 1681 1681; baseline 0 -20"><span class='ocrx_word' id='word_1_38' title='bbox 347 1601 573 1662; x_wconf 89' lang='lat' dir='ltr'>metallorum</span> <span class='ocrx_word' id='word_1_39' title='bbox 595 1599 690 1663; x_wconf 90' lang='lat' dir='ltr'>fabri</span> <span class='ocrx_word' id='word_1_40' title='bbox 712 1619 775 1663; x_wconf 90' lang='lat' dir='ltr'>seu</span> <span class='ocrx_word' id='word_1_41' title='bbox 795 1603 960 1681; x_wconf 89' lang='lat' dir='ltr'>pistores,</span> <span class='ocrx_word' id='word_1_42' title='bbox 994 1600 1063 1661; x_wconf 90' lang='lat' dir='ltr'>nisi</span> <span class='ocrx_word' id='word_1_43' title='bbox 1091 1600 1272 1679; x_wconf 84' lang='lat' dir='ltr'>sapiencie</span> <span class='ocrx_word' id='word_1_44' title='bbox 1294 1601 1451 1679; x_wconf 85' lang='lat' dir='ltr'>gravitas</span> <span class='ocrx_word' id='word_1_45' title='bbox 1472 1600 1553 1661; x_wconf 93' lang='lat' dir='ltr'>illos</span> <span class='ocrx_word' id='word_1_46' title='bbox 1576 1619 1681 1662; x_wconf 84' lang='lat' dir='ltr'>vene·</span> 
     </span>
     <span class='ocr_line' id='line_1_7' title="bbox 347 1708 662 1770; baseline -0.003 -1"><span class='ocrx_word' id='word_1_47' title='bbox 347 1708 481 1769; x_wconf 90' lang='lat' dir='ltr'>rabiles</span> <span class='ocrx_word' id='word_1_48' title='bbox 504 1708 662 1770; x_wconf 81' lang='lat' dir='ltr'>reddat?</span> 
     </span>
     <span class='ocr_line' id='line_1_8' title="bbox 455 1810 1750 1895; baseline -0.003 -20"><span class='ocrx_word' id='word_1_49' title='bbox 455 1814 636 1895; x_wconf 82' lang='lat' dir='ltr'>Attingam</span> <span class='ocrx_word' id='word_1_50' title='bbox 658 1834 794 1895; x_wconf 91' lang='lat' dir='ltr'>paucos</span> <span class='ocrx_word' id='word_1_51' title='bbox 812 1835 831 1877; x_wconf 89' lang='lat' dir='ltr'>e</span> <span class='ocrx_word' id='word_1_52' title='bbox 847 1816 977 1885; x_wconf 88' lang='lat' dir='ltr'>multis,</span> <span class='ocrx_word' id='word_1_53' title='bbox 1000 1815 1061 1893; x_wconf 88' lang='lat' dir='ltr'>qui</span> <span class='ocrx_word' id='word_1_54' title='bbox 1077 1834 1153 1876; x_wconf 90' lang='lat' dir='ltr'>rem</span> <span class='ocrx_word' id='word_1_55' title='bbox 1168 1815 1349 1893; x_wconf 84' lang='lat' dir='ltr'>publicam</span> <span class='ocrx_word' id='word_1_56' title='bbox 1364 1811 1527 1875; x_wconf 89' lang='lat' dir='ltr'>fecerunt</span> <span class='ocrx_word' id='word_1_57' title='bbox 1541 1814 1681 1875; x_wconf 85' lang='lat' dir='ltr'>felicem</span> <span class='ocrx_word' id='word_1_58' title='bbox 1719 1810 1750 1871; x_wconf 87' lang='lat'>2.</span> 
     </span>
     <span class='ocr_line' id='line_1_9' title="bbox 275 1920 1683 2006; baseline -0.001 -23"><span class='ocrx_word' id='word_1_59' title='bbox 275 1946 278 1953; x_wconf 95' lang='lat'>·</span> <span class='ocrx_word' id='word_1_60' title='bbox 348 1941 414 2001; x_wconf 91' lang='lat' dir='ltr'>per</span> <span class='ocrx_word' id='word_1_61' title='bbox 435 1922 654 2002; x_wconf 89' lang='lat' dir='ltr'>sapienciam</span> <span class='ocrx_word' id='word_1_62' title='bbox 677 1941 787 1993; x_wconf 90' lang='lat' dir='ltr'>suam,</span> <span class='ocrx_word' id='word_1_63' title='bbox 813 1923 862 1983; x_wconf 92' lang='lat' dir='ltr'>ad</span> <span class='ocrx_word' id='word_1_64' title='bbox 883 1924 1013 1984; x_wconf 87' lang='lat' dir='ltr'>cuncta</span> <span class='ocrx_word' id='word_1_65' title='bbox 1037 1922 1208 1983; x_wconf 88' lang='lat' dir='ltr'>valentes.</span> <span class='ocrx_word' id='word_1_66' title='bbox 1243 1920 1330 2006; x_wconf 81' lang='lat' dir='ltr'>Quis</span> <span class='ocrx_word' id='word_1_67' title='bbox 1355 1921 1448 1982; x_wconf 90' lang='lat' dir='ltr'>enim</span> <span class='ocrx_word' id='word_1_68' title='bbox 1473 1920 1683 2000; x_wconf 87' lang='lat' dir='ltr'>eloquencia</span> 
     </span>
     <span class='ocr_line' id='line_1_10' title="bbox 348 2027 1682 2109; baseline -0.001 -20"><span class='ocrx_word' id='word_1_69' title='bbox 348 2030 492 2109; x_wconf 87' lang='lat' dir='ltr'>gravior</span> <span class='ocrx_word' id='word_1_70' title='bbox 506 2028 646 2100; x_wconf 85' lang='lat' dir='ltr'>Cesare,</span> <span class='ocrx_word' id='word_1_71' title='bbox 672 2031 763 2090; x_wconf 87' lang='lat' dir='ltr'>teste</span> <span class='ocrx_word' id='word_1_72' title='bbox 781 2027 1000 2091; x_wconf 88' lang='lat' dir='ltr'>Cicerone</span> <span class='ocrx_word' id='word_1_73' title='bbox 1024 2028 1079 2091; x_wconf 91' lang='lat' dir='ltr'>ad</span> <span class='ocrx_word' id='word_1_74' title='bbox 1100 2027 1321 2100; x_wconf 73' lang='lat' dir='ltr'>Brutum2,</span> <span class='ocrx_word' id='word_1_75' title='bbox 1353 2031 1388 2088; x_wconf 94' lang='lat' dir='ltr'>et</span> <span class='ocrx_word' id='word_1_76' title='bbox 1411 2028 1466 2088; x_wconf 91' lang='lat' dir='ltr'>ad</span> <span class='ocrx_word' id='word_1_77' title='bbox 1482 2027 1682 2106; x_wconf 87' lang='lat' dir='ltr'>Nepotem</span> 
     </span>
     <span class='ocr_line' id='line_1_11' title="bbox 350 2134 1683 2216; baseline -0.003 -19"><span class='ocrx_word' id='word_1_78' title='bbox 350 2134 625 2208; x_wconf 83' lang='lat' dir='ltr'>Cornelium³,</span> <span class='ocrx_word' id='word_1_79' title='bbox 662 2137 724 2216; x_wconf 91' lang='lat' dir='ltr'>qui</span> <span class='ocrx_word' id='word_1_80' title='bbox 753 2137 799 2198; x_wconf 93' lang='lat' dir='ltr'>de</span> <span class='ocrx_word' id='word_1_81' title='bbox 832 2136 952 2197; x_wconf 86' lang='lat' dir='ltr'>multis</span> <span class='ocrx_word' id='word_1_82' title='bbox 984 2136 1079 2197; x_wconf 89' lang='lat' dir='ltr'>illius</span> <span class='ocrx_word' id='word_1_83' title='bbox 1102 2135 1363 2197; x_wconf 90' lang='lat' dir='ltr'>commentariis</span> <span class='ocrx_word' id='word_1_84' title='bbox 1393 2134 1574 2214; x_wconf 80' lang='lat' dir='ltr'>eleganter</span> <span class='ocrx_word' id='word_1_85' title='bbox 1602 2152 1683 2195; x_wconf 92' lang='lat' dir='ltr'>cum</span> 
     </span>
     <span class='ocr_line' id='line_1_12' title="bbox 350 2241 1683 2322; baseline -0.003 -18"><span class='ocrx_word' id='word_1_86' title='bbox 350 2243 516 2305; x_wconf 87' lang='lat' dir='ltr'>laudibus</span> <span class='ocrx_word' id='word_1_87' title='bbox 541 2244 764 2305; x_wconf 90' lang='lat' dir='ltr'>declamasse</span> <span class='ocrx_word' id='word_1_88' title='bbox 800 2245 836 2305; x_wconf 94' lang='lat' dir='ltr'>et</span> <span class='ocrx_word' id='word_1_89' title='bbox 869 2244 981 2304; x_wconf 89' lang='lat' dir='ltr'>libros</span> <span class='ocrx_word' id='word_1_90' title='bbox 1006 2242 1163 2305; x_wconf 88' lang='lat' dir='ltr'>edidisse</span> <span class='ocrx_word' id='word_1_91' title='bbox 1186 2260 1295 2322; x_wconf 91' lang='lat' dir='ltr'>quam</span> <span class='ocrx_word' id='word_1_92' title='bbox 1322 2242 1443 2321; x_wconf 88' lang='lat' dir='ltr'>plures</span> <span class='ocrx_word' id='word_1_93' title='bbox 1469 2241 1610 2320; x_wconf 90' lang='lat' dir='ltr'>eloquio</span> <span class='ocrx_word' id='word_1_94' title='bbox 1631 2242 1683 2301; x_wconf 91' lang='lat' dir='ltr'>fa·</span> 
     </span>
     <span class='ocr_line' id='line_1_13' title="bbox 350 2346 1683 2429; baseline -0.002 -18"><span class='ocrx_word' id='word_1_95' title='bbox 350 2350 467 2411; x_wconf 92' lang='lat' dir='ltr'>cundo</span> <span class='ocrx_word' id='word_1_96' title='bbox 491 2348 671 2429; x_wconf 83' lang='lat' dir='ltr'>Augustus</span> <span class='ocrx_word' id='word_1_97' title='bbox 710 2348 925 2412; x_wconf 65' lang='lat' dir='ltr'>narraturtt</span> <span class='ocrx_word' id='word_1_98' title='bbox 970 2346 1136 2411; x_wconf 89' lang='lat' dir='ltr'>Tiberius</span> <span class='ocrx_word' id='word_1_99' title='bbox 1168 2351 1264 2411; x_wconf 87' lang='lat' dir='ltr'>artes</span> <span class='ocrx_word' id='word_1_100' title='bbox 1297 2349 1464 2410; x_wconf 85' lang='lat' dir='ltr'>liberales</span> <span class='ocrx_word' id='word_1_101' title='bbox 1497 2349 1683 2426; x_wconf 87' lang='lat' dir='ltr'>utriusque</span> 
     </span>
     <span class='ocr_line' id='line_1_14' title="bbox 349 2449 1683 2538; baseline -0.001 -21"><span class='ocrx_word' id='word_1_102' title='bbox 349 2457 487 2537; x_wconf 90' lang='lat' dir='ltr'>generis</span> <span class='ocrx_word' id='word_1_103' title='bbox 521 2457 661 2528; x_wconf 81' lang='lat' dir='ltr'>coluit²,</span> <span class='ocrx_word' id='word_1_104' title='bbox 699 2458 899 2538; x_wconf 88' lang='lat' dir='ltr'>composuit</span> <span class='ocrx_word' id='word_1_105' title='bbox 931 2449 1103 2518; x_wconf 62' lang='lat' dir='ltr'>carmenb</span> <span class='ocrx_word' id='word_1_106' title='bbox 1140 2456 1289 2527; x_wconf 89' lang='lat' dir='ltr'>liricum,</span> <span class='ocrx_word' id='word_1_107' title='bbox 1327 2456 1483 2535; x_wconf 91' lang='lat' dir='ltr'>fecitque</span> <span class='ocrx_word' id='word_1_108' title='bbox 1516 2456 1683 2535; x_wconf 88' lang='lat' dir='ltr'>poemata</span> 
     </span>
     <span class='ocr_line' id='line_1_15' title="bbox 349 2560 1682 2643; baseline -0.002 -19"><span class='ocrx_word' id='word_1_109' title='bbox 349 2560 484 2643; x_wconf 80' lang='lat' dir='ltr'>greca⁵.</span> <span class='ocrx_word' id='word_1_110' title='bbox 518 2562 615 2625; x_wconf 82' lang='lat' dir='ltr'>Mira</span> <span class='ocrx_word' id='word_1_111' title='bbox 637 2564 683 2625; x_wconf 93' lang='lat' dir='ltr'>de</span> <span class='ocrx_word' id='word_1_112' title='bbox 701 2562 782 2625; x_wconf 87' lang='lat' dir='ltr'>Gali</span> <span class='ocrx_word' id='word_1_113' title='bbox 803 2565 971 2625; x_wconf 88' lang='lat' dir='ltr'>dicuntur</span> <span class='ocrx_word' id='word_1_114' title='bbox 995 2564 1137 2642; x_wconf 91' lang='lat' dir='ltr'>eloquio</span> <span class='ocrx_word' id='word_1_115' title='bbox 1147 2561 1168 2623; x_wconf 77' lang='lat'>⁶.</span> <span class='ocrx_word' id='word_1_116' title='bbox 1210 2560 1379 2625; x_wconf 90' lang='lat' dir='ltr'>Claudius</span> <span class='ocrx_word' id='word_1_117' title='bbox 1403 2563 1578 2641; x_wconf 92' lang='lat' dir='ltr'>solempni</span> <span class='ocrx_word' id='word_1_118' title='bbox 1601 2561 1682 2623; x_wconf 92' lang='lat' dir='ltr'>stilo</span> 
     </span>
     <span class='ocr_line' id='line_1_16' title="bbox 349 2669 1682 2751; baseline -0.001 -21"><span class='ocrx_word' id='word_1_119' title='bbox 349 2670 503 2750; x_wconf 90' lang='lat' dir='ltr'>plurima</span> <span class='ocrx_word' id='word_1_120' title='bbox 526 2669 700 2749; x_wconf 80' lang='lat' dir='ltr'>scripsit⁷.</span> <span class='ocrx_word' id='word_1_121' title='bbox 725 2670 831 2742; x_wconf 86' lang='lat' dir='ltr'>Nero,</span> <span class='ocrx_word' id='word_1_122' title='bbox 857 2671 925 2732; x_wconf 79' lang='lat' dir='ltr'>«ad</span> <span class='ocrx_word' id='word_1_123' title='bbox 949 2671 1093 2750; x_wconf 89' lang='lat' dir='ltr'>poetica</span> <span class='ocrx_word' id='word_1_124' title='bbox 1117 2688 1260 2751; x_wconf 90' lang='lat' dir='ltr'>pronus,</span> <span class='ocrx_word' id='word_1_125' title='bbox 1288 2671 1447 2731; x_wconf 91' lang='lat' dir='ltr'>carmina</span> <span class='ocrx_word' id='word_1_126' title='bbox 1470 2670 1624 2730; x_wconf 86' lang='lat' dir='ltr'>libenter</span> <span class='ocrx_word' id='word_1_127' title='bbox 1647 2670 1682 2729; x_wconf 88' lang='lat' dir='ltr'>et</span> 
     </span>
     <span class='ocr_line' id='line_1_17' title="bbox 349 2775 1683 2857; baseline -0.002 -20"><span class='ocrx_word' id='word_1_128' title='bbox 349 2777 426 2837; x_wconf 90' lang='lat' dir='ltr'>sine</span> <span class='ocrx_word' id='word_1_129' title='bbox 449 2778 574 2838; x_wconf 89' lang='lat' dir='ltr'>labore</span> <span class='ocrx_word' id='word_1_130' title='bbox 599 2779 818 2857; x_wconf 80' lang='lat' dir='ltr'>composuit»</span> <span class='ocrx_word' id='word_1_131' title='bbox 831 2776 853 2839; x_wconf 78' lang='lat'>⁸.</span> <span class='ocrx_word' id='word_1_132' title='bbox 893 2775 1011 2839; x_wconf 89' lang='lat' dir='ltr'>Galba</span> <span class='ocrx_word' id='word_1_133' title='bbox 1037 2778 1152 2838; x_wconf 78' lang='lat' dir='ltr'>«Inter</span> <span class='ocrx_word' id='word_1_134' title='bbox 1166 2777 1334 2838; x_wconf 89' lang='lat' dir='ltr'>liberales</span> <span class='ocrx_word' id='word_1_135' title='bbox 1358 2779 1454 2837; x_wconf 90' lang='lat' dir='ltr'>artes</span> <span class='ocrx_word' id='word_1_136' title='bbox 1470 2775 1625 2837; x_wconf 88' lang='lat' dir='ltr'>attendit</span> <span class='ocrx_word' id='word_1_137' title='bbox 1647 2776 1683 2836; x_wconf 91' lang='lat' dir='ltr'>et</span> 
     </span>
     <span class='ocr_line' id='line_1_18' title="bbox 348 2882 1683 2966; baseline -0.001 -22"><span class='ocrx_word' id='word_1_138' title='bbox 348 2883 418 2944; x_wconf 87' lang='lat' dir='ltr'>iuri</span> <span class='ocrx_word' id='word_1_139' title='bbox 442 2887 478 2945; x_wconf 90' lang='lat' dir='ltr'>et</span> <span class='ocrx_word' id='word_1_140' title='bbox 502 2885 728 2945; x_wconf 87' lang='lat' dir='ltr'>matrimonio</span> <span class='ocrx_word' id='word_1_141' title='bbox 751 2903 899 2966; x_wconf 89' lang='lat' dir='ltr'>operam</span> <span class='ocrx_word' id='word_1_142' title='bbox 921 2884 1022 2945; x_wconf 87' lang='lat' dir='ltr'>dedit</span> <span class='ocrx_word' id='word_1_143' title='bbox 1031 2882 1053 2945; x_wconf 86' lang='lat'>⁹.</span> <span class='ocrx_word' id='word_1_144' title='bbox 1091 2882 1336 2962; x_wconf 87' lang='lat' dir='ltr'>Vespasianus</span> <span class='ocrx_word' id='word_1_145' title='bbox 1370 2886 1448 2944; x_wconf 90' lang='lat' dir='ltr'>erat</span> <span class='ocrx_word' id='word_1_146' title='bbox 1481 2882 1683 2944; x_wconf 88' lang='lat' dir='ltr'>dicacitatis</span> 
     </span>
     <span class='ocr_line' id='line_1_19' title="bbox 349 2986 1683 3070; baseline -0.001 -20"><span class='ocrx_word' id='word_1_147' title='bbox 349 2991 550 3070; x_wconf 88' lang='lat' dir='ltr'>plurimum,</span> <span class='ocrx_word' id='word_1_148' title='bbox 576 2992 676 3053; x_wconf 87' lang='lat' dir='ltr'>culus</span> <span class='ocrx_word' id='word_1_149' title='bbox 701 2994 819 3053; x_wconf 85' lang='lat' dir='ltr'>estant</span> <span class='ocrx_word' id='word_1_150' title='bbox 841 2991 1059 3053; x_wconf 82' lang='lat' dir='ltr'>facetissima</span> <span class='ocrx_word' id='word_1_151' title='bbox 1082 2991 1237 3069; x_wconf 91' lang='lat' dir='ltr'>quedam</span> <span class='ocrx_word' id='word_1_152' title='bbox 1248 2987 1284 3052; x_wconf 87' lang='lat'>¹⁰.</span> <span class='ocrx_word' id='word_1_153' title='bbox 1306 2986 1408 3052; x_wconf 88' lang='lat' dir='ltr'>Titus</span> <span class='ocrx_word' id='word_1_154' title='bbox 1430 2990 1541 3052; x_wconf 81' lang='lat' dir='ltr'>latiae</span> <span class='ocrx_word' id='word_1_155' title='bbox 1564 3001 1683 3068; x_wconf 90' lang='lat' dir='ltr'>grece-</span> 
     </span>
    </p>
   </div>
   <div class='ocr_carea' id='block_1_3' title="bbox 349 3087 1683 3284">
    <p class='ocr_par' dir='ltr' id='par_1_3' title="bbox 349 3087 1683 3284">
     <span class='ocr_line' id='line_1_20' title="bbox 350 3087 1683 3179; baseline -0.001 -21"><span class='ocrx_word' id='word_1_156' title='bbox 350 3115 419 3175; x_wconf 91' lang='lat' dir='ltr'>que</span> <span class='ocrx_word' id='word_1_157' title='bbox 449 3097 576 3178; x_wconf 88' lang='lat' dir='ltr'>lingue,</span> <span class='ocrx_word' id='word_1_158' title='bbox 605 3098 663 3159; x_wconf 80' lang='lat' dir='ltr'>vel</span> <span class='ocrx_word' id='word_1_159' title='bbox 689 3098 726 3158; x_wconf 92' lang='lat' dir='ltr'>in</span> <span class='ocrx_word' id='word_1_160' title='bbox 754 3097 901 3170; x_wconf 90' lang='lat' dir='ltr'>orando,</span> <span class='ocrx_word' id='word_1_161' title='bbox 937 3098 994 3159; x_wconf 88' lang='lat' dir='ltr'>vel</span> <span class='ocrx_word' id='word_1_162' title='bbox 1024 3098 1061 3158; x_wconf 94' lang='lat' dir='ltr'>in</span> <span class='ocrx_word' id='word_1_163' title='bbox 1086 3096 1138 3157; x_wconf 87' lang='lat' dir='ltr'>fin</span> <span class='ocrx_word' id='word_1_164' title='bbox 1167 3087 1186 3179; x_wconf 88' lang='grc' dir='ltr'>ΙΙ</span> <span class='ocrx_word' id='word_1_165' title='bbox 1215 3098 1338 3178; x_wconf 89' lang='lat' dir='ltr'>gendis</span> <span class='ocrx_word' id='word_1_166' title='bbox 1366 3097 1592 3178; x_wconf 90' lang='lat' dir='ltr'>poematibus</span> <span class='ocrx_word' id='word_1_167' title='bbox 1616 3097 1683 3157; x_wconf 87' lang='lat' dir='ltr'>fuit</span> 
     </span>
     <span class='ocr_line' id='line_1_21' title="bbox 349 3203 782 3284; baseline 0.005 -20"><span class='ocrx_word' id='word_1_168' title='bbox 349 3206 537 3284; x_wconf 90' lang='lat' dir='ltr'>promptus</span> <span class='ocrx_word' id='word_1_169' title='bbox 561 3207 597 3265; x_wconf 92' lang='lat' dir='ltr'>et</span> <span class='ocrx_word' id='word_1_170' title='bbox 620 3206 735 3267; x_wconf 90' lang='lat' dir='ltr'>facilis</span> <span class='ocrx_word' id='word_1_171' title='bbox 746 3203 782 3266; x_wconf 80' lang='lat'>1¹.</span> 
     </span>
    </p>
   </div>
   <div class='ocr_carea' id='block_1_4' title="bbox 353 3425 564 3434">
    <p class='ocr_par' dir='ltr' id='par_1_4' title="bbox 353 3425 564 3434">
     <span class='ocr_line' id='line_1_22' title="bbox 353 3425 564 3434; baseline -0.005 0"><span class='ocrx_word' id='word_1_172' title='bbox 353 3425 564 3434; x_wconf 77' lang='lat'><em>———.</em></span> 
     </span>
    </p>
   </div>
   <div class='ocr_carea' id='block_1_5' title="bbox 457 3608 959 3672">
    <p class='ocr_par' dir='ltr' id='par_1_5' title="bbox 457 3608 959 3672">
     <span class='ocr_line' id='line_1_23' title="bbox 457 3608 959 3672; baseline 0 -12"><span class='ocrx_word' id='word_1_173' title='bbox 457 3612 490 3672; x_wconf 91' lang='lat' dir='ltr'>a)</span> <span class='ocrx_word' id='word_1_174' title='bbox 509 3625 543 3655; x_wconf 91' lang='lat'>=</span> <span class='ocrx_word' id='word_1_175' title='bbox 562 3608 675 3661; x_wconf 86' lang='lat' dir='ltr'>calluit.</span> <span class='ocrx_word' id='word_1_176' title='bbox 712 3609 744 3672; x_wconf 92' lang='lat' dir='ltr'>b)</span> <span class='ocrx_word' id='word_1_177' title='bbox 762 3623 795 3654; x_wconf 91' lang='lat'>=</span> <span class='ocrx_word' id='word_1_178' title='bbox 815 3608 959 3661; x_wconf 87' lang='lat' dir='ltr'>carmine.</span> 
     </span>
    </p>
   </div>
   <div class='ocr_carea' id='block_1_6' title="bbox 351 3780 1688 5273">
    <p class='ocr_par' dir='ltr' id='par_1_6' title="bbox 351 3780 1686 3935">
     <span class='ocr_line' id='line_1_24' title="bbox 459 3780 1686 3850; baseline 0 -15"><span class='ocrx_word' id='word_1_179' title='bbox 459 3780 479 3846; x_wconf 88' lang='lat'>¹)</span> <span class='ocrx_word' id='word_1_180' title='bbox 499 3782 543 3836; x_wconf 89' lang='lat' dir='ltr'>Cf.</span> <span class='ocrx_word' id='word_1_181' title='bbox 562 3784 679 3836; x_wconf 75' lang='lat' dir='ltr'>PLATo.</span> <span class='ocrx_word' id='word_1_182' title='bbox 715 3784 762 3837; x_wconf 91' lang='lat' dir='ltr'>De</span> <span class='ocrx_word' id='word_1_183' title='bbox 779 3783 908 3850; x_wconf 85' lang='lat' dir='ltr'>Republ.</span> <span class='ocrx_word' id='word_1_184' title='bbox 934 3783 983 3835; x_wconf 91' lang='lat' dir='ltr'>IV.</span> <span class='ocrx_word' id='word_1_185' title='bbox 1008 3782 1065 3835; x_wconf 91' lang='lat' dir='ltr'>Ed.</span> <span class='ocrx_word' id='word_1_186' title='bbox 1085 3782 1153 3835; x_wconf 90' lang='lat' dir='ltr'>Did.</span> <span class='ocrx_word' id='word_1_187' title='bbox 1173 3792 1203 3845; x_wconf 91' lang='lat'>11,</span> <span class='ocrx_word' id='word_1_188' title='bbox 1228 3782 1272 3836; x_wconf 88' lang='grc'>69.</span> <span class='ocrx_word' id='word_1_189' title='bbox 1311 3782 1461 3835; x_wconf 86' lang='lat' dir='ltr'>DomInici</span> <span class='ocrx_word' id='word_1_190' title='bbox 1486 3783 1546 3836; x_wconf 89' lang='lat' dir='ltr'>cite</span> <span class='ocrx_word' id='word_1_191' title='bbox 1564 3782 1686 3849; x_wconf 75' lang='lat' dir='ltr'>d&#39;aprts</span> 
     </span>
     <span class='ocr_line' id='line_1_25' title="bbox 351 3871 1241 3935; baseline -0.002 -11"><span class='ocrx_word' id='word_1_192' title='bbox 351 3871 511 3933; x_wconf 83' lang='lat' dir='ltr'>Lactance,</span> <span class='ocrx_word' id='word_1_193' title='bbox 530 3873 629 3925; x_wconf 80' lang='lat' dir='ltr'>Divin.</span> <span class='ocrx_word' id='word_1_194' title='bbox 648 3875 722 3926; x_wconf 82' lang='lat' dir='ltr'>inst.</span> <span class='ocrx_word' id='word_1_195' title='bbox 741 3873 792 3935; x_wconf 87' lang='lat'>111,</span> <span class='ocrx_word' id='word_1_196' title='bbox 810 3882 875 3931; x_wconf 79' lang='lat' dir='ltr'>xxi.</span> <span class='ocrx_word' id='word_1_197' title='bbox 893 3873 1008 3924; x_wconf 90' lang='lat' dir='ltr'>Patrol.</span> <span class='ocrx_word' id='word_1_198' title='bbox 1026 3872 1079 3924; x_wconf 88' lang='lat' dir='ltr'>lat.</span> <span class='ocrx_word' id='word_1_199' title='bbox 1098 3872 1241 3935; x_wconf 78' lang='lat' dir='ltr'>xv1‚418.</span> 
     </span>
    </p>

    <p class='ocr_par' dir='ltr' id='par_1_7' title="bbox 458 3958 1272 4026">
     <span class='ocr_line' id='line_1_26' title="bbox 458 3958 1272 4026; baseline 0 -13"><span class='ocrx_word' id='word_1_200' title='bbox 458 3958 479 4026; x_wconf 81' lang='lat'>²)</span> <span class='ocrx_word' id='word_1_201' title='bbox 498 3961 558 4014; x_wconf 86' lang='lat' dir='ltr'>Cic.</span> <span class='ocrx_word' id='word_1_202' title='bbox 577 3963 698 4014; x_wconf 87' lang='lat' dir='ltr'>Brutus</span> <span class='ocrx_word' id='word_1_203' title='bbox 716 3962 783 4015; x_wconf 74' lang='lat' dir='ltr'>siue</span> <span class='ocrx_word' id='word_1_204' title='bbox 799 3963 837 4015; x_wconf 84' lang='lat' dir='ltr'>de</span> <span class='ocrx_word' id='word_1_205' title='bbox 858 3962 958 4013; x_wconf 83' lang='lat' dir='ltr'>Ciarts</span> <span class='ocrx_word' id='word_1_206' title='bbox 978 3960 1171 4023; x_wconf 79' lang='lat' dir='ltr'>Oratoribus,</span> <span class='ocrx_word' id='word_1_207' title='bbox 1189 3970 1272 4013; x_wconf 82' lang='lat' dir='ltr'>Lxxi.</span> 
     </span>
    </p>

    <p class='ocr_par' dir='ltr' id='par_1_8' title="bbox 352 4047 1688 4297">
     <span class='ocr_line' id='line_1_27' title="bbox 459 4047 1687 4122; baseline 0 -19"><span class='ocrx_word' id='word_1_208' title='bbox 459 4047 480 4114; x_wconf 78' lang='lat'>¹)</span> <span class='ocrx_word' id='word_1_209' title='bbox 499 4050 559 4103; x_wconf 86' lang='lat' dir='ltr'>Cic.</span> <span class='ocrx_word' id='word_1_210' title='bbox 577 4052 630 4103; x_wconf 85' lang='lat' dir='ltr'>Ad</span> <span class='ocrx_word' id='word_1_211' title='bbox 650 4051 820 4103; x_wconf 85' lang='lat' dir='ltr'>Cornelium</span> <span class='ocrx_word' id='word_1_212' title='bbox 834 4051 944 4117; x_wconf 84' lang='lat' dir='ltr'>Nepot.</span> <span class='ocrx_word' id='word_1_213' title='bbox 958 4050 1156 4116; x_wconf 80' lang='lat' dir='ltr'>epistolarum</span> <span class='ocrx_word' id='word_1_214' title='bbox 1169 4047 1364 4117; x_wconf 81' lang='lat' dir='ltr'>fragmenta:</span> <span class='ocrx_word' id='word_1_215' title='bbox 1383 4048 1510 4122; x_wconf 76' lang='lat' dir='ltr'>«Quidl</span> <span class='ocrx_word' id='word_1_216' title='bbox 1529 4051 1687 4103; x_wconf 82' lang='lat' dir='ltr'>oratorum</span> 
     </span>
     <span class='ocr_line' id='line_1_28' title="bbox 352 4139 1688 4207; baseline -0.001 -15"><span class='ocrx_word' id='word_1_217' title='bbox 352 4153 444 4205; x_wconf 87' lang='lat' dir='ltr'>quem</span> <span class='ocrx_word' id='word_1_218' title='bbox 461 4139 533 4192; x_wconf 87' lang='lat' dir='ltr'>hnic</span> <span class='ocrx_word' id='word_1_219' title='bbox 557 4142 728 4206; x_wconf 84' lang='lat' dir='ltr'>antepones</span> <span class='ocrx_word' id='word_1_220' title='bbox 755 4154 871 4201; x_wconf 91' lang='lat' dir='ltr'>eorum,</span> <span class='ocrx_word' id='word_1_221' title='bbox 896 4139 948 4206; x_wconf 90' lang='lat' dir='ltr'>qui</span> <span class='ocrx_word' id='word_1_222' title='bbox 972 4139 1049 4191; x_wconf 88' lang='lat' dir='ltr'>nihil</span> <span class='ocrx_word' id='word_1_223' title='bbox 1074 4139 1158 4192; x_wconf 87' lang='lat' dir='ltr'>aliud</span> <span class='ocrx_word' id='word_1_224' title='bbox 1184 4139 1335 4207; x_wconf 83' lang='lat' dir='ltr'>egerunt?</span> <span class='ocrx_word' id='word_1_225' title='bbox 1361 4139 1430 4205; x_wconf 86' lang='lat' dir='ltr'>quis</span> <span class='ocrx_word' id='word_1_226' title='bbox 1456 4139 1615 4193; x_wconf 87' lang='lat' dir='ltr'>sententiis</span> <span class='ocrx_word' id='word_1_227' title='bbox 1634 4140 1688 4192; x_wconf 88' lang='lat' dir='ltr'>ant</span> 
     </span>
     <span class='ocr_line' id='line_1_29' title="bbox 352 4212 1634 4297; baseline 0.001 -18"><span class='ocrx_word' id='word_1_228' title='bbox 352 4228 477 4292; x_wconf 82' lang='lat' dir='ltr'>acutior,</span> <span class='ocrx_word' id='word_1_229' title='bbox 495 4229 548 4281; x_wconf 86' lang='lat' dir='ltr'>ant</span> <span class='ocrx_word' id='word_1_230' title='bbox 565 4228 730 4281; x_wconf 83' lang='lat' dir='ltr'>crebrior?</span> <span class='ocrx_word' id='word_1_231' title='bbox 749 4229 817 4296; x_wconf 87' lang='lat' dir='ltr'>quis</span> <span class='ocrx_word' id='word_1_232' title='bbox 836 4229 941 4281; x_wconf 86' lang='lat' dir='ltr'>verbis</span> <span class='ocrx_word' id='word_1_233' title='bbox 961 4230 1014 4281; x_wconf 86' lang='lat' dir='ltr'>ant</span> <span class='ocrx_word' id='word_1_234' title='bbox 1032 4228 1178 4290; x_wconf 91' lang='lat' dir='ltr'>ornatior,</span> <span class='ocrx_word' id='word_1_235' title='bbox 1198 4230 1250 4281; x_wconf 88' lang='lat' dir='ltr'>aut</span> <span class='ocrx_word' id='word_1_236' title='bbox 1269 4228 1439 4297; x_wconf 75' lang='lat' dir='ltr'>elegantior</span> <span class='ocrx_word' id='word_1_237' title='bbox 1450 4228 1463 4279; x_wconf 79' lang='lat' dir='ltr'>I</span> <span class='ocrx_word' id='word_1_238' title='bbox 1475 4248 1487 4272; x_wconf 85' lang='lat'><strong>›</strong></span> <span class='ocrx_word' id='word_1_239' title='bbox 1632 4212 1634 4217; x_wconf 41' lang='lat'><strong>¹</strong></span> 
     </span>
    </p>

    <p class='ocr_par' dir='ltr' id='par_1_9' title="bbox 457 4315 1311 4383">
     <span class='ocr_line' id='line_1_30' title="bbox 457 4315 1311 4383; baseline -0.002 -12"><span class='ocrx_word' id='word_1_240' title='bbox 457 4315 480 4383; x_wconf 79' lang='lat'>⁴)</span> <span class='ocrx_word' id='word_1_241' title='bbox 499 4317 531 4371; x_wconf 83' lang='lat' dir='ltr'>C.</span> <span class='ocrx_word' id='word_1_242' title='bbox 550 4317 701 4371; x_wconf 76' lang='lat' dir='ltr'>SUETONH</span> <span class='ocrx_word' id='word_1_243' title='bbox 718 4315 837 4383; x_wconf 73' lang='lat' dir='ltr'>TRANQ.</span> <span class='ocrx_word' id='word_1_244' title='bbox 874 4318 921 4370; x_wconf 90' lang='lat' dir='ltr'>De</span> <span class='ocrx_word' id='word_1_245' title='bbox 939 4318 1033 4369; x_wconf 85' lang='lat' dir='ltr'>claris</span> <span class='ocrx_word' id='word_1_246' title='bbox 1051 4318 1233 4381; x_wconf 77' lang='lat' dir='ltr'>rhetoribus,</span> <span class='ocrx_word' id='word_1_247' title='bbox 1252 4317 1273 4381; x_wconf 95' lang='lat' dir='ltr'>I,</span> <span class='ocrx_word' id='word_1_248' title='bbox 1292 4328 1311 4369; x_wconf 93' lang='lat'>1.</span> 
     </span>
    </p>

    <p class='ocr_par' dir='ltr' id='par_1_10' title="bbox 352 4402 1687 4727">
     <span class='ocr_line' id='line_1_31' title="bbox 458 4402 1687 4473; baseline -0.001 -14"><span class='ocrx_word' id='word_1_249' title='bbox 458 4402 479 4470; x_wconf 79' lang='lat'>⁶)</span> <span class='ocrx_word' id='word_1_250' title='bbox 498 4407 543 4459; x_wconf 81' lang='lat'>11).</span> <span class='ocrx_word' id='word_1_251' title='bbox 582 4407 629 4459; x_wconf 84' lang='lat' dir='ltr'>De</span> <span class='ocrx_word' id='word_1_252' title='bbox 647 4407 708 4459; x_wconf 82' lang='lat' dir='ltr'>XII</span> <span class='ocrx_word' id='word_1_253' title='bbox 729 4406 909 4458; x_wconf 85' lang='lat' dir='ltr'>Coesaribus.</span> <span class='ocrx_word' id='word_1_254' title='bbox 930 4406 981 4458; x_wconf 91' lang='lat' dir='ltr'>III.</span> <span class='ocrx_word' id='word_1_255' title='bbox 1014 4404 1150 4459; x_wconf 88' lang='lat' dir='ltr'>Tiberius</span> <span class='ocrx_word' id='word_1_256' title='bbox 1167 4407 1253 4459; x_wconf 88' lang='lat' dir='ltr'>Nero</span> <span class='ocrx_word' id='word_1_257' title='bbox 1273 4407 1386 4468; x_wconf 84' lang='lat' dir='ltr'>Coesar,</span> <span class='ocrx_word' id='word_1_258' title='bbox 1404 4408 1455 4461; x_wconf 89' lang='lat'>70:</span> <span class='ocrx_word' id='word_1_259' title='bbox 1484 4405 1687 4473; x_wconf 83' lang='lat' dir='ltr'>«ComposnIt</span> 
     </span>
     <span class='ocr_line' id='line_1_32' title="bbox 354 4489 1686 4564; baseline 0.001 -18"><span class='ocrx_word' id='word_1_260' title='bbox 354 4489 514 4562; x_wconf 80' lang='lat' dir='ltr'>[Tiberius]</span> <span class='ocrx_word' id='word_1_261' title='bbox 539 4497 571 4548; x_wconf 90' lang='lat' dir='ltr'>et</span> <span class='ocrx_word' id='word_1_262' title='bbox 596 4510 722 4549; x_wconf 88' lang='lat' dir='ltr'>carmen</span> <span class='ocrx_word' id='word_1_263' title='bbox 742 4495 881 4564; x_wconf 82' lang='lat' dir='ltr'>lyricum,</span> <span class='ocrx_word' id='word_1_264' title='bbox 907 4496 993 4563; x_wconf 84' lang='lat' dir='ltr'>cnjus</span> <span class='ocrx_word' id='word_1_265' title='bbox 1017 4497 1065 4548; x_wconf 86' lang='lat' dir='ltr'>est</span> <span class='ocrx_word' id='word_1_266' title='bbox 1082 4495 1203 4548; x_wconf 86' lang='lat' dir='ltr'>titulus:</span> <span class='ocrx_word' id='word_1_267' title='bbox 1232 4496 1412 4561; x_wconf 78' lang='lat' dir='ltr'>Conquestio</span> <span class='ocrx_word' id='word_1_268' title='bbox 1429 4497 1467 4548; x_wconf 81' lang='lat' dir='ltr'>de</span> <span class='ocrx_word' id='word_1_269' title='bbox 1484 4498 1519 4547; x_wconf 86' lang='lat' dir='ltr'>L.</span> <span class='ocrx_word' id='word_1_270' title='bbox 1543 4495 1686 4547; x_wconf 86' lang='lat' dir='ltr'>Caesaris</span> 
     </span>
     <span class='ocr_line' id='line_1_33' title="bbox 353 4584 1684 4653; baseline 0.002 -19"><span class='ocrx_word' id='word_1_271' title='bbox 353 4587 456 4637; x_wconf 82' lang='lat' dir='ltr'>morte.</span> <span class='ocrx_word' id='word_1_272' title='bbox 489 4585 576 4639; x_wconf 84' lang='lat' dir='ltr'>Fecit</span> <span class='ocrx_word' id='word_1_273' title='bbox 594 4587 625 4638; x_wconf 92' lang='lat' dir='ltr'>et</span> <span class='ocrx_word' id='word_1_274' title='bbox 643 4593 754 4653; x_wconf 86' lang='lat' dir='ltr'>graeca</span> <span class='ocrx_word' id='word_1_275' title='bbox 773 4586 916 4651; x_wconf 88' lang='lat' dir='ltr'>poemata</span> <span class='ocrx_word' id='word_1_276' title='bbox 934 4585 1069 4637; x_wconf 86' lang='lat' dir='ltr'>imitatus</span> <span class='ocrx_word' id='word_1_277' title='bbox 1089 4584 1326 4651; x_wconf 87' lang='lat' dir='ltr'>Euphorionem,</span> <span class='ocrx_word' id='word_1_278' title='bbox 1345 4586 1376 4639; x_wconf 89' lang='lat' dir='ltr'>et</span> <span class='ocrx_word' id='word_1_279' title='bbox 1394 4585 1546 4638; x_wconf 85' lang='lat' dir='ltr'>Rhianum</span> <span class='ocrx_word' id='word_1_280' title='bbox 1564 4585 1595 4638; x_wconf 89' lang='lat' dir='ltr'>et</span> <span class='ocrx_word' id='word_1_281' title='bbox 1611 4585 1684 4637; x_wconf 91' lang='lat' dir='ltr'>Par·</span> 
     </span>
     <span class='ocr_line' id='line_1_34' title="bbox 352 4672 549 4727; baseline 0.01 -3"><span class='ocrx_word' id='word_1_282' title='bbox 352 4672 549 4727; x_wconf 77' lang='lat' dir='ltr'>ibenium...»</span> 
     </span>
    </p>

    <p class='ocr_par' dir='ltr' id='par_1_11' title="bbox 458 4759 996 4831">
     <span class='ocr_line' id='line_1_35' title="bbox 458 4759 996 4831; baseline -0.004 -16"><span class='ocrx_word' id='word_1_283' title='bbox 458 4759 610 4827; x_wconf 82' lang='lat' dir='ltr'>⁸)1o.111.</span> <span class='ocrx_word' id='word_1_284' title='bbox 632 4762 662 4815; x_wconf 78' lang='lat' dir='ltr'>C</span> <span class='ocrx_word' id='word_1_285' title='bbox 684 4764 788 4815; x_wconf 84' lang='lat' dir='ltr'>Coesar</span> <span class='ocrx_word' id='word_1_286' title='bbox 809 4762 952 4831; x_wconf 82' lang='lat' dir='ltr'>Caligula,</span> <span class='ocrx_word' id='word_1_287' title='bbox 971 4762 996 4814; x_wconf 84' lang='lat'>3.</span> 
     </span>
    </p>

    <p class='ocr_par' dir='ltr' id='par_1_12' title="bbox 460 4847 1104 4914">
     <span class='ocr_line' id='line_1_36' title="bbox 460 4847 1104 4914; baseline -0.003 -10"><span class='ocrx_word' id='word_1_288' title='bbox 460 4847 542 4914; x_wconf 64' lang='lat' dir='ltr'>Till).</span> <span class='ocrx_word' id='word_1_289' title='bbox 559 4853 594 4904; x_wconf 90' lang='lat' dir='ltr'>V.</span> <span class='ocrx_word' id='word_1_290' title='bbox 619 4850 679 4904; x_wconf 87' lang='lat' dir='ltr'>Tib.</span> <span class='ocrx_word' id='word_1_291' title='bbox 700 4850 846 4904; x_wconf 83' lang='lat' dir='ltr'>Claudius</span> <span class='ocrx_word' id='word_1_292' title='bbox 867 4852 979 4912; x_wconf 84' lang='lat' dir='ltr'>Coesar,</span> <span class='ocrx_word' id='word_1_293' title='bbox 996 4852 1041 4911; x_wconf 80' lang='lat'>41.</span> <span class='ocrx_word' id='word_1_294' title='bbox 1059 4850 1104 4903; x_wconf 79' lang='lat'>42.</span> 
     </span>
    </p>

    <p class='ocr_par' dir='ltr' id='par_1_13' title="bbox 458 4936 994 5004">
     <span class='ocr_line' id='line_1_37' title="bbox 458 4936 994 5004; baseline -0.002 -11"><span class='ocrx_word' id='word_1_295' title='bbox 458 4936 480 5003; x_wconf 82' lang='lat'>⁸)</span> <span class='ocrx_word' id='word_1_296' title='bbox 498 4940 541 4993; x_wconf 86' lang='lat' dir='ltr'>ID.</span> <span class='ocrx_word' id='word_1_297' title='bbox 561 4940 610 4992; x_wconf 85' lang='lat' dir='ltr'>VI.</span> <span class='ocrx_word' id='word_1_298' title='bbox 628 4942 702 4993; x_wconf 88' lang='lat' dir='ltr'>Ner.</span> <span class='ocrx_word' id='word_1_299' title='bbox 724 4941 828 4993; x_wconf 84' lang='lat' dir='ltr'>Claud.</span> <span class='ocrx_word' id='word_1_300' title='bbox 850 4940 933 5004; x_wconf 79' lang='lat' dir='ltr'>Coes,</span> <span class='ocrx_word' id='word_1_301' title='bbox 951 4940 994 4993; x_wconf 82' lang='lat'>52.</span> 
     </span>
    </p>

    <p class='ocr_par' dir='ltr' id='par_1_14' title="bbox 459 5025 1103 5096">
     <span class='ocr_line' id='line_1_38' title="bbox 459 5025 1103 5096; baseline 0.002 -15"><span class='ocrx_word' id='word_1_302' title='bbox 459 5025 625 5092; x_wconf 82' lang='lat' dir='ltr'>·)1n.vu.</span> <span class='ocrx_word' id='word_1_303' title='bbox 647 5030 732 5083; x_wconf 85' lang='lat' dir='ltr'>Serv.</span> <span class='ocrx_word' id='word_1_304' title='bbox 751 5030 835 5096; x_wconf 81' lang='lat' dir='ltr'>Sutp.</span> <span class='ocrx_word' id='word_1_305' title='bbox 856 5030 955 5083; x_wconf 80' lang='lat' dir='ltr'>Galba</span> <span class='ocrx_word' id='word_1_306' title='bbox 976 5029 1059 5092; x_wconf 70' lang='lat' dir='ltr'>Coes,</span> <span class='ocrx_word' id='word_1_307' title='bbox 1078 5030 1103 5082; x_wconf 83' lang='lat'>5.</span> 
     </span>
    </p>

    <p class='ocr_par' dir='ltr' id='par_1_15' title="bbox 444 5114 1120 5186">
     <span class='ocr_line' id='line_1_39' title="bbox 444 5114 1120 5186; baseline 0 -16"><span class='ocrx_word' id='word_1_308' title='bbox 444 5114 476 5183; x_wconf 77' lang='lat'>¹⁰)</span> <span class='ocrx_word' id='word_1_309' title='bbox 493 5119 538 5171; x_wconf 83' lang='lat' dir='ltr'>ID.</span> <span class='ocrx_word' id='word_1_310' title='bbox 557 5119 636 5171; x_wconf 90' lang='lat' dir='ltr'>VIII.</span> <span class='ocrx_word' id='word_1_311' title='bbox 661 5117 714 5171; x_wconf 86' lang='lat' dir='ltr'>Tit.</span> <span class='ocrx_word' id='word_1_312' title='bbox 732 5120 819 5172; x_wconf 83' lang='lat' dir='ltr'>Flav.</span> <span class='ocrx_word' id='word_1_313' title='bbox 843 5120 1058 5186; x_wconf 84' lang='lat' dir='ltr'>Vespasianus,</span> <span class='ocrx_word' id='word_1_314' title='bbox 1076 5118 1120 5171; x_wconf 90' lang='lat'>22.</span> 
     </span>
    </p>

    <p class='ocr_par' dir='ltr' id='par_1_16' title="bbox 445 5204 1133 5273">
     <span class='ocr_line' id='line_1_40' title="bbox 445 5204 1133 5273; baseline -0.007 -12"><span class='ocrx_word' id='word_1_315' title='bbox 445 5204 477 5273; x_wconf 79' lang='lat'>¹¹)</span> <span class='ocrx_word' id='word_1_316' title='bbox 495 5208 540 5261; x_wconf 79' lang='lat' dir='ltr'>ID.</span> <span class='ocrx_word' id='word_1_317' title='bbox 561 5208 639 5260; x_wconf 85' lang='lat' dir='ltr'>VIII.</span> <span class='ocrx_word' id='word_1_318' title='bbox 665 5206 718 5261; x_wconf 85' lang='lat' dir='ltr'>Tit.</span> <span class='ocrx_word' id='word_1_319' title='bbox 737 5209 824 5261; x_wconf 80' lang='lat' dir='ltr'>Flav.</span> <span class='ocrx_word' id='word_1_320' title='bbox 842 5210 1044 5270; x_wconf 84' lang='lat' dir='ltr'>Domitianus,</span> <span class='ocrx_word' id='word_1_321' title='bbox 1062 5207 1088 5272; x_wconf 88' lang='lat'>2,</span> <span class='ocrx_word' id='word_1_322' title='bbox 1106 5209 1133 5259; x_wconf 79' lang='lat'>4.</span> 
     </span>
    </p>
   </div>
   <div class='ocr_carea' id='block_1_7' title="bbox 0 0 2162 6116">
    <p class='ocr_par' dir='ltr' id='par_1_17' title="bbox 0 0 2162 6116">
     <span class='ocr_line' id='line_1_41' title="bbox 0 0 2162 6116; baseline 0 0"><span class='ocrx_word' id='word_1_323' title='bbox 0 0 2162 6116; x_wconf 95' lang='lat' dir='ltr'> </span> 
     </span>
    </p>
   </div>
  </div>
 </body>
</html>
