4300 6117
799 955 986 1008 IOHANNIS
1008 956 1189 1009 DOM1N1cl
1641 948 1685 1009 29

349 1178 510 1239 siderant
527 1196 615 1249 esse,
640 1180 737 1257 quod
753 1178 820 1240 Dei
844 1182 898 1241 est
922 1180 1126 1241 absolutum
1150 1181 1185 1241 et
1201 1199 1268 1259 per
1283 1198 1322 1241 se
1339 1198 1426 1251 esse,
1454 1198 1476 1240 a
1491 1198 1563 1258 quo
1580 1197 1685 1241 omne

349 1286 449 1347 aliud
484 1304 563 1347 esse
607 1304 678 1346 non
711 1286 825 1347 solum
860 1286 1051 1365 dependet,
1089 1287 1154 1348 sed
1189 1289 1224 1347 et
1259 1288 1493 1348 conservatur
1525 1286 1562 1347 in
1596 1304 1683 1357 esse,

350 1393 610 1471 qualecumque
634 1394 680 1454 sit
702 1393 803 1453 illud.

457 1498 550 1560 Huic
572 1502 693 1560 autem
717 1502 843 1561 nature
867 1500 992 1561 racio
1016 1497 1166 1561 mirifice
1197 1498 1304 1560 favet.
1343 1498 1458 1561 Nichil
1483 1500 1585 1570 enim,
1618 1497 1685 1559 hoc
1701 1500 1731 1564 3.

349 1606 445 1667 idem
478 1624 583 1667 sacra
616 1606 795 1668 clamante
831 1603 1028 1685 Scriptura,
1063 1624 1103 1667 se
1141 1609 1260 1685 potest
1298 1607 1428 1678 odisse,
1464 1605 1523 1666 vel
1546 1623 1584 1666 se
1616 1623 1687 1665 non

349 1731 482 1774 amare.
528 1710 659 1775 Differt
682 1714 803 1774 autem
827 1731 929 1774 amor
950 1713 1043 1774 liber
1065 1732 1088 1773 a
1112 1713 1277 1783 naturali,
1308 1731 1419 1791 quum
1454 1713 1516 1773 ille
1546 1711 1685 1791 partile,

349 1818 416 1881 hoc
440 1820 614 1898 optimum
636 1818 713 1880 vult
744 1820 877 1881 bonum
912 1822 1054 1889 amato,
1096 1838 1177 1881 cum
1201 1820 1250 1880 nil
1280 1821 1379 1881 aliud
1410 1820 1456 1881 sit
1479 1836 1602 1879 amare
1625 1818 1687 1878 ali·

348 1926 447 2004 quid,
472 1944 580 2005 quam
604 1926 823 1998 desiderare,
849 1927 906 1987 vel
922 1926 1014 1987 velle
1038 1928 1172 1988 bonum
1193 1927 1319 1988 eidem.
1345 1926 1437 1987 Hinc
1455 1945 1537 1987 reor
1553 1923 1687 1986 factum

350 2033 448 2112 quod
480 2032 576 2094 Deus
609 2033 811 2106 immensus,
854 2034 911 2093 cui
944 2032 1105 2111 loquitur
1136 2030 1315 2105 Salomon,
1356 2034 1493 2095 dicens:
1534 2030 1687 2111 «Diligis

349 2140 468 2200 omnia
502 2143 537 2201 et
569 2140 677 2201 nichil
713 2140 821 2201 odisti
855 2158 987 2210 eorum,
1021 2158 1093 2218 que
1116 2138 1295 2213 fecisti»¹,
1332 2141 1460 2202 ceteris
1485 2158 1507 2200 a
1538 2157 1577 2201 se
1610 2138 1688 2198 vult

349 2246 520 2325 partilia²
553 2247 649 2307 bona
680 2265 752 2307 non
774 2265 903 2325 parum
927 2247 1106 2319 distIncte,
1146 2246 1214 2308 sibi
1237 2265 1323 2307 vero
1361 2266 1536 2308 summum
1560 2248 1595 2306 et
1626 2262 1687 2323 op·

349 2354 488 2413 timum:
520 2354 605 2431 quia
626 2353 741 2414 libere
774 2354 846 2425 illa,
882 2354 1038 2432 seipsum
1062 2372 1149 2414 vero
1172 2354 1386 2415 naturaliter
1409 2356 1516 2414 amat.
1563 2350 1686 2421 Omnis

351 2476 433 2537 ergo
458 2463 586 2521 natura
612 2449 629 2542 {l
652 2478 691 2521 se
714 2460 929 2521 naturaliter
951 2479 1086 2532 amans,
1112 2461 1210 2539 quod
1233 2464 1288 2522 est
1318 2460 1455 2522 cunctis
1490 2475 1684 2529 commune,
1779 2463 1809 2523 B
1824 2463 1879 2525 6νο

350 2564 465 2627 Deum
489 2568 558 2628 sibi
572 2569 743 2645 procurat
767 2585 833 2646 pro
853 2566 997 2628 modulo
1014 2586 1078 2629 sue
1095 2568 1306 2646 capacitatis
1328 2568 1469 2629 inserte.
1494 2564 1597 2626 Unde
1615 2565 1686 2624 iam

351 2691 455 2734 omne
478 2671 595 2734 forum
614 2674 815 2752 proclamat
838 2674 927 2735 illud
943 2673 1181 2754 theologicum
1198 2677 1233 2735 et
1249 2674 1402 2735 morale:
1434 2674 1595 2735 bonum
1619 2674 1686 2732 est

350 2781 471 2858 quod
494 2782 641 2841 omnia
665 2784 897 2859 appetunt.
922 2779 1039 2842 Homo
1055 2782 1171 2860 igitur,
1196 2782 1258 2859 qui
1281 2781 1378 2843 solus
1399 2782 1493 2842 inter
1512 2796 1686 2857 corporea

352 2890 405 2948 est
452 2888 501 2949 ad
545 2888 815 2949 similitudinem
859 2886 937 2959 Dei,
985 2889 1133 2967 eiusque
1178 2888 1290 2966 gloria
1323 2888 1536 2949 mirabiliter
1572 2903 1686 2964 capax

351 3012 416 3072 pre
439 2995 618 3056 universis
643 2996 817 3056 creaturis
841 2996 958 3074 ipsum
983 2995 1139 3073 assequi,
1161 2995 1270 3056 debet
1293 2996 1416 3056 conari
1438 2994 1573 3055 nisibus
1591 2993 1684 3061 totis,

351 3118 457 3179 quem
481 3100 577 3163 Deus
601 3102 805 3180 assumpsit,
840 3105 880 3162 ut
903 3120 974 3162 non
998 3104 1178 3181 ignoraret
1201 3120 1240 3163 se
1263 3102 1470 3181 possibilem
1496 3099 1610 3161 Deum
1634 3098 1686 3160 fu·

351 3209 480 3281 turum,
505 3209 788 3287 participacione
811 3206 986 3269 ineffabili
1010 3210 1177 3287 quadam.

440 3314 600 3394 Idipsum
639 3334 707 3394 per
735 3316 924 3376 veritatem
963 3316 1095 3377 clamat
1118 3316 1280 3376 veritatis
1316 3292 1512 3393 Scriptura,
1547 3314 1730 3377 dIcens:4.

353 3420 510 3483 ‹Estote
534 3420 695 3501 perfecti,
734 3423 826 3484 sicut
850 3425 886 3483 et
909 3421 1018 3483 Pater
1040 3425 1161 3483 vester
1184 3423 1325 3483 celestis
1349 3420 1530 3501 perfectus
1559 3423 1641 3482 est»
1663 3418 1683 3480 ³.

351 3527 529 3613 Quodque
553 3531 847 3591 consumarentur
879 3530 915 3589 in
945 3548 1054 3590 unum
1093 3549 1172 3590 cum
1196 3528 1272 3590 Deo
1303 3530 1463 3590 membra
1486 3527 1604 3607 XpIsti
1629 3546 1685 3589 ca·

351 3636 435 3713 pitis
470 3636 584 3698 electa
618 3655 685 3715 per
717 3654 807 3707 eum,
842 3637 939 3698 idem
962 3634 1111 3715 Xpistus
1137 3634 1343 3698 Genitorem
1377 3636 1504 3707 oravit,
1541 3635 1685 3714 quando

352 3744 448 3804 venit
472 3743 569 3814 hora,
595 3745 634 3804 ut
657 3745 828 3804 transiret
851 3762 894 3805 ex
917 3743 984 3804 hoc
1008 3744 1141 3804 mundo
1165 3743 1214 3804 ad
1236 3742 1381 3805 Patrem
1395 3741 1416 3803 ⁴.

458 3849 665 3930 Proposicio
702 3851 860 3912 secunda
897 3853 971 3911 tam
989 3840 1086 3911 'nota
1115 3853 1170 3911 est
1194 3851 1292 3929 apud
1315 3868 1446 3923 omneS,
1476 3852 1550 3910 tam
1574 3848 1685 3928 philo·
1700 3846 1731 3907 5.

352 3957 483 4036 sophos
507 3975 615 4035 quam
639 3957 831 4037 theologos,
854 3958 1021 4035 antiquos
1049 3960 1085 4019 et
1108 3959 1309 4029 modernos,
1333 3960 1373 4017 ut
1396 3957 1524 4018 stultos
1541 3957 1687 4017 censeat

351 4062 542 4125 Psalmista
565 4064 833 4143 nuncupandos,
859 4065 921 4142 qui
944 4064 1086 4125 dIcunt:
1128 4063 1235 4125 «Non
1257 4064 1395 4125 videbit
1419 4062 1601 4133 Dominus
1627 4082 1686 4123 ne·

352 4189 422 4249 qne
452 4171 624 4250 intelliget
647 4169 744 4232 Deus
768 4169 879 4231 Jacob
896 4169 946 4231 ⁵».
994 4171 1054 4231 Ait
1080 4171 1190 4231 enim:
1232 4170 1448 4249 «Intelligite
1479 4171 1685 4248 insipientes

353 4389 566 4397 ——-

460 4591 481 4658 ¹)
500 4593 644 4659 Septem,
662 4593 711 4656 XI,
730 4594 775 4645 25.

460 4679 584 4748 anans
603 4697 637 4734 sa
655 4683 799 4748 reponse,
824 4682 975 4747 Coluccio,
1003 4696 1037 4734 se
1061 4682 1210 4749 moquant
1235 4682 1275 4734 de
1294 4696 1344 4734 ces
1369 4682 1495 4734 auteurs
1518 4682 1687 4733 Incorrects

355 4785 413 4837 que
431 4772 462 4824 le
488 4773 596 4824 cloitre
620 4771 744 4835 tournit,
770 4772 838 4823 vise
863 4787 899 4825 ce
922 4779 1056 4838 passage
1081 4772 1170 4823 dela
1189 4772 1313 4834 Lucula,
1339 4771 1444 4837 quand
1462 4771 1484 4822 il
1509 4771 1569 4823 dit:
1606 4784 1688 4821 <nec

353 4875 488 4927 unquam
505 4860 618 4927 partile
636 4862 751 4913 bonum
770 4862 918 4923 dicerent,
943 4861 1027 4927 quod
1044 4875 1120 4927 pars
1141 4862 1223 4913 esset
1243 4861 1324 4923 boni,
1350 4861 1496 4926 quonlam
1515 4860 1617 4912 omnia
1635 4860 1687 4911 de·

355 4949 484 5001 sinentia
501 4950 534 5001 in
553 4977 585 4985 -
605 4951 675 5003 bilis
693 4951 896 5017 aptitudinem
916 4949 1146 5018 significant...»
1185 4950 1383 5017 Epistolurio,
1401 4950 1494 5001 Iv-IP.
1514 4964 1543 5015 p.
1564 4949 1624 5000 217.

460 5036 529 5103 ¹)S.
548 5039 673 5091 Murra.
692 5040 726 5102 V,
744 5040 789 5091 48.

459 5126 481 5191 ⁴)
500 5126 529 5179 s.
549 5127 660 5179 Ioum.
679 5128 771 5190 xvn,
791 5129 833 5180 11.

459 5212 481 5279 ⁵)
500 5217 613 5268 Psalm.
631 5216 734 5279 XCIII,
750 5218 775 5269 7.
