4300 6117
839 997 1027 1052 IOHANNIS
1047 997 1229 1053 DOMINICI
1648 989 1712 1052 391

369 1224 510 1285 noverit
532 1223 702 1286 humilem
732 1224 947 1303 discipulum
980 1222 1179 1296 habiturus,
1204 1225 1261 1285 vel
1295 1224 1380 1303 quia
1414 1223 1598 1302 sexaginta
1630 1225 1713 1285 sunt

368 1330 452 1392 libri
476 1331 513 1391 in
537 1349 674 1392 canone
697 1349 800 1393 sacre
823 1328 1010 1410 Scripture
1046 1332 1213 1402 contenti,
1249 1332 1396 1402 scilicet,
1435 1329 1503 1391 XII
1535 1329 1713 1410 prophete

369 1439 525 1500 minores
548 1456 620 1500 uno
642 1437 822 1499 volumine
844 1437 1056 1512 habeantur,
1083 1439 1118 1500 et
1141 1437 1292 1510 Baruch,
1316 1437 1464 1500 Ieremie
1480 1437 1610 1510 scriba,
1628 1455 1711 1499 cum

369 1546 540 1625 porcione
562 1544 646 1606 libri
669 1543 829 1616 Ieremie,
856 1563 927 1625 que
950 1546 1156 1625 appellatur
1178 1542 1386 1617 Treuorum,
1413 1563 1484 1606 non
1506 1545 1543 1606 in
1562 1562 1711 1608 numero

369 1653 489 1732 ponat,
514 1651 637 1713 dicere
659 1640 796 1731 placuit
818 1670 927 1714 unam
951 1653 1156 1714 columbam
1178 1651 1393 1715 catholicam
1425 1650 1537 1714 iidem
1571 1651 1711 1732 signan-

369 1761 442 1821 tem
464 1759 649 1838 sexaginta
672 1759 814 1839 regiuas
837 1761 975 1822 notare.
1538 1769 1539 1774 ’

477 1863 567 1926 Sunt
592 1866 712 1928 autem
735 1867 827 1938 octo,
853 1883 923 1944 que
947 1868 1067 1945 potest
1091 1867 1275 1929 meritorie
1298 1883 1466 1938 exercere
1488 1863 1710 1945 Xpistianus,
1727 1863 1778 1925 11.

369 1973 530 2035 scilicet:
554 1974 701 2035 studere
724 1973 836 2035 libros
859 1973 997 2036 arcium
1020 1991 1092 2036 non
1114 1973 1325 2053 prohibitos,
1342 1973 1475 2052 legales
1493 1972 1709 2044 canonistas,

369 2081 539 2160 operibus
562 2079 809 2142 misericordie
831 2080 1006 2151 insistere,
1031 2081 1122 2142 alios
1147 2080 1279 2143 docere
1302 2080 1479 2151 mercede,
1493 2080 1606 2142 vitam
1629 2079 1711 2140 soli·

369 2187 500 2249 teriam
537 2186 680 2258 ducere,
716 2187 862 2258 mederi,
886 2187 1051 2260 militare,
1085 2189 1238 2250 mercari
1278 2190 1313 2249 et
1351 2187 1507 2266 propriis
1545 2186 1711 2248 manibus

370 2311 523 2374 querere
534 2295 678 2356 victum.
702 2293 744 2356 In
758 2294 827 2357 hiis
839 2298 854 2328 ²
869 2284 955 2377 lisub
979 2295 1218 2356 observancia
1241 2293 1404 2375 decalogi
1414 2296 1536 2373 potest
1559 2293 1711 2373 quisque
1726 2291 1756 2354 L
1771 2290 1865 2353 113το
1880 2288 1910 2350 Β
1922 2287 1984 2350 971⁴

369 2401 513 2464 salvari.
550 2401 710 2480 Ideoque
731 2404 884 2481 propter
906 2401 1141 2465 resultantem
1164 2419 1351 2464 numerum
1375 2419 1418 2463 ex
1440 2401 1626 2463 octonario
1649 2401 1712 2463 de·

370 2509 544 2588 uarioque
572 2509 690 2571 ductis
719 2509 757 2570 iu
780 2527 819 2571 se
843 2508 933 2571 dixit
956 2509 1176 2572 concubinas
1206 2507 1337 2569 LXXX
1370 2507 1458 2570 fore.
1504 2505 1582 2570 Hec
1618 2509 1712 2569 enim

368 2617 513 2697 gignunt
536 2618 574 2678 et
595 2616 665 2687 ille,
689 2616 755 2677 sed
779 2616 938 2678 cariores
961 2619 1044 2679 sunt
1066 2617 1187 2695 proles
1212 2634 1255 2678 ex
1284 2632 1470 2677 sacrarum
1494 2614 1713 2677 Litterarum

369 2723 488 2785 studio
512 2723 597 2786 nati.
636 2722 770 2785 Iterum
792 2722 961 2786 viderunt
983 2723 1122 2797 Patres,
1152 2725 1279 2785 sancto
1303 2720 1441 2802 Spiritu
1468 2722 1575 2802 pleni,
1599 2722 1712 2784 libros

369 2830 501 2911 Pagine
517 2833 641 2892 sancte
656 2848 744 2910 sepe
754 2831 934 2911 supplere,
959 2848 1030 2910 que
1046 2849 1089 2893 ex
1105 2830 1294 2903 industria,
1319 2829 1407 2892 alibi
1424 2831 1527 2892 erant
1543 2830 1710 2902 obmissa,

369 2939 463 3000 sicut
486 2937 531 3000 de
555 2941 712 3017 quatuor
733 2938 961 3017 evangelistis
999 2938 1179 3000 communi
1215 2937 1410 3001 concordia
1442 2936 1610 3000 doctores
1643 2939 1713 3000 tes·

370 3047 500 3117 tantur,
518 3046 555 3106 et
569 3046 615 3107 de
630 3045 810 3108 volumine
826 3043 1130 3125 Paralipomenon
1153 3044 1208 3107 ad
1229 3042 1454 3106 Paulinum
1475 3043 1713 3106 Ieronimus

370 3145 538 3215 scribit¹.
586 3151 728 3214 Occidit
752 3162 837 3231 ergo
859 3143 925 3216 seb
962 3149 1049 3213 Saul
1083 3153 1183 3214 iussu
1218 3153 1256 3214 et
1285 3149 1392 3222 iacto,
1417 3169 1499 3213 cum
1536 3169 1603 3231 per
1632 3168 1713 3212 eum

371 3278 442 3322 non
458 3259 566 3331 stetit,
593 3259 738 3338 quando
754 3260 985 3321 occumberet
1007 3277 1117 3321 manu
1139 3259 1290 3339 propria
1306 3259 1550 3337 interemptus,
1565 3258 1631 3319 sed
1654 3276 1713 3320 oc·

371 3368 466 3428 cisus
489 3367 544 3428 est
566 3365 614 3426 ab
637 3366 868 3428 adolescente
890 3365 1143 3439 Amalechites,
1173 3367 1259 3446 quia
1293 3365 1354 3428 illo
1392 3366 1622 3445 percuciente
1659 3383 1712 3426 se·

370 3474 518 3535 minecis
541 3472 699 3534 finaliter
721 3473 888 3551 spiritum
911 3474 1068 3535 exalavit
1081 3473 1102 3534 ².

477 3579 556 3641 Non
594 3580 804 3660 ignorarunt
840 3577 1020 3660 preterea,
1056 3580 1174 3660 prima
1198 3578 1364 3642 Veritate
1394 3578 1462 3641 hoc
1490 3578 1711 3641 declarando
1726 3591 1778 3654 12,

371 3687 533 3760 docente,
559 3703 638 3748 esse
671 3686 709 3747 iu
743 3686 886 3749 homine
923 3687 1105 3767 duplicem
1144 3688 1325 3750 auditum:
1363 3688 1525 3765 corporis
1563 3685 1710 3758 scilicet,

371 3797 481 3872 atque
513 3794 671 3874 spiritus.
718 3794 839 3855 Primo
874 3793 1019 3873 quidem
1050 3812 1176 3857 vocem
1211 3793 1354 3855 Domini
1386 3793 1579 3855 audierunt
1607 3792 1709 3855 Pauli

371 3898 540 3974 sodalesi,
565 3902 640 3972 sed,
671 3903 712 3962 ut
740 3902 877 3964 sciatur
900 3902 998 3979 quod
1022 3921 1103 3964 cum
1126 3900 1239 3964 Paulo
1267 3920 1339 3963 non
1361 3899 1506 3963 fuerunt
1535 3902 1711 3972 conversi,

371 4009 408 4072 in
431 4008 591 4070 secunda
614 4008 826 4070 narracione
851 4026 912 4070 eos
935 4027 1008 4071 non
1032 4009 1179 4071 audisse
1194 4006 1426 4088 pandunturi.
1442 4007 1505 4069 'De
1520 4007 1588 4069 hiis
1606 4008 1710 4080 enim,

372 4118 408 4178 et
430 4114 609 4177 nonnullis
634 4116 723 4187 aliis,
747 4115 784 4176 in
806 4115 877 4177 illis
893 4116 1007 4178 sacris
1023 4113 1170 4178 Litteris
1187 4116 1361 4195 scriptum
1383 4116 1459 4177 est:
1487 4113 1711 4177 «Audientes

372 4240 443 4284 nou
465 4221 664 4302 intelligant
675 4219 716 4283 »⁵.
742 4221 861 4301 Igitur,
887 4223 1006 4301 quein
1022 4223 1153 4285 divinis
1170 4222 1321 4303 eloquiis
1336 4222 1505 4285 videntur
1519 4222 1711 4293 contraria,

380 4455 593 4463 1-—

486 4639 519 4700 a)
537 4636 689 4688 Nouvelle
707 4635 806 4687 main:
825 4637 922 4703 petite
941 4636 1073 4689 cursive.
1110 4637 1142 4699 b)
1161 4663 1196 4672 -
1215 4651 1258 4690 se.

481 4809 504 4878 ¹)
523 4811 830 4866 S.EusEB.H1ERON.
848 4814 948 4881 Epist.
969 4814 1047 4866 LIII
1061 4815 1105 4865 ad
1121 4813 1292 4875 Paulinum,
1309 4815 1347 4865 de
1359 4815 1460 4866 studio
1475 4813 1712 4881 scripturarum.

372 4903 408 4955 ln
427 4899 524 4968 Oper.
542 4903 563 4954 t.
583 4901 606 4964 1,
624 4901 682 4955 col.
701 4901 762 4966 54⁸,
781 4898 799 4969 3
818 4903 844 4954 7.

484 4987 629 5061 ²)1Reg.
648 4991 756 5052 XXXI,
776 4992 802 5056 4,
821 4994 847 5045 5.

485 5077 506 5146 ²¹)
526 5080 571 5134 cf.
590 5082 658 5134 Act.
677 5081 728 5143 IX,
747 5082 772 5133 7.

486 5168 509 5234 ⁴)
529 5169 573 5223 cf.
591 5171 660 5223 Act.
678 5171 772 5234 XXII,
790 5170 818 5224 9.

484 5255 506 5325 ⁶)
525 5259 796 5324 S.-MATT}1.XIII,
816 5261 860 5314 23.
