4300 6117
451 885 515 947 110
959 895 1118 949 LUCULA
1139 893 1280 948 NOCTIS

450 1115 608 1190 Boetem,
633 1117 731 1179 orbis
747 1118 946 1191 mirabitur,
963 1118 1135 1180 ducatum
1148 1119 1348 1199 prestabit²
1363 1119 1411 1181 ad
1425 1121 1560 1193 ortum;
1577 1119 1635 1181 hic
1650 1119 1788 1181 habens

449 1224 561 1303 pedes
583 1233 706 1286 XXXIII
730 1226 765 1286 et
789 1243 851 1286 sex
874 1225 1022 1305 pollices
1047 1225 1152 1306 eliget
1175 1225 1244 1287 sibi
1268 1244 1311 1286 ex
1326 1226 1569 1306 piscatoribus
1585 1227 1622 1288 et
1637 1226 1788 1288 deiectis

449 1350 635 1392 numerum
658 1332 928 1404 duodenarium,
954 1350 1135 1411 unumque
1159 1331 1362 1414 dyabolum.
1396 1331 1475 1394 Non
1510 1333 1547 1394 in
1570 1333 1689 1413 gladio
1712 1333 1788 1395 bel·

449 1437 529 1500 love
552 1436 738 1500 Eneadem
760 1437 894 1499 Urbem
918 1451 1053 1518 regens,
1079 1440 1145 1500 sed
1168 1440 1204 1499 in
1226 1439 1332 1500 hamo
1356 1439 1577 1518 piscantis».

381 1542 433 1602 12.
536 1543 670 1606 Iterum
692 1547 742 1606 ad
765 1545 1069 1606 immortalitatem
1094 1547 1211 1606 anime
1233 1546 1375 1607 illorum
1408 1546 1604 1627 gignasium
1636 1565 1675 1608 se
1704 1566 1788 1610 con·

447 1651 528 1712 tulit
542 1652 855 1730 comprobandam.
870 1651 1005 1732 Nempe
1022 1651 1229 1732 Pictagoras
1246 1654 1361 1732 primo
1378 1653 1476 1732 apud
1495 1651 1631 1715 Grecos
1641 1654 1781 1715 immor·

447 1758 537 1820 tales
561 1759 697 1820 animas
715 1759 813 1832 dixit,
832 1763 923 1821 teste
939 1758 1083 1821 Nasone
1098 1758 1117 1821 ¹.
1143 1757 1391 1821 Heraclitus
1407 1759 1612 1823 Ponticus
1630 1761 1785 1821 animam

446 1863 523 1926 iore
535 1865 651 1927 lucem
664 1866 784 1928 aiebat
799 1865 811 1902 ²
824 1885 830 1939 ;
845 1867 955 1927 alter
965 1884 1061 1938 vero,
1078 1867 1139 1945 qui
1154 1866 1421 1945 cognominatus
1438 1870 1492 1928 est
1506 1861 1783 1939 Tenebrosus,

445 1971 544 2033 illam
566 1973 754 2053 promebat
779 1991 857 2034 esse
880 1972 1072 2034 scintillam
1096 1973 1251 2035 stellaris
1275 1974 1434 2035 essencie
1450 1971 1471 2034 ³.
1503 1972 1608 2035 Plato
1630 1974 1785 2052 denique

446 2081 590 2158 scripsit
613 2079 649 2140 in
673 2079 838 2142 Fedone:
881 2079 1034 2142 «Donec
1057 2080 1230 2141 habemus
1255 2099 1385 2158 corpus
1408 2081 1697 2161 permixtumque
1719 2081 1785 2142 tali

445 2186 550 2259 malo,
559 2187 702 2248 videtur
712 2187 850 2248 animus
862 2205 927 2248 nos
940 2187 987 2258 id,
1003 2187 1100 2266 quod
1114 2188 1184 2248 iam
1199 2186 1282 2247 olim
1295 2187 1588 2266 concupiscimus,
1603 2205 1784 2266 nunquam

446 2293 534 2353 satis
559 2294 783 2356 consecuturi
809 2312 929 2355 sumus
951 2291 1001 2352 »⁴.
1045 2293 1093 2355 Et
1117 2298 1239 2355 cetera
1263 2284 1277 2374 ΙΙ
1301 2294 1511 2355 multavere
1529 2294 1715 2356 catholica.
1739 2326 1782 2336 -

444 2399 534 2460 Item
546 2402 598 2461 sic
611 2401 765 2462 docebat
779 2393 989 2480 Archita[s]:
1019 2419 1033 2452 r
1044 2399 1104 2461 Nil
1116 2402 1233 2462 mente
1246 2400 1477 2480 prestabilius
1490 2400 1596 2473 Deus,
1614 2402 1664 2462 nil
1674 2402 1783 2480 pesti·

442 2506 572 2568 lentius
595 2507 790 2588 voluptate,
816 2507 949 2569 homini
972 2511 1102 2569 natura
1128 2509 1314 2580 concessit,
1341 2525 1411 2586 que
1435 2508 1604 2570 desidunt
1626 2508 1720 2570 inter
1743 2527 1782 2570 se

443 2614 592 2674 multum
607 2614 840 2693 insuperabili
857 2615 962 2687 bello,
980 2616 1064 2675 dum
1079 2613 1258 2694 fungimur
1271 2615 1348 2675 vita
1367 2614 1527 2694 presenti
1546 2635 1561 2668 »
1578 2612 1599 2676 ⁵.
1625 2643 1666 2652 -
1682 2613 1783 2677 Sicut

442 2722 636 2782 attestatur
659 2717 831 2792 Tullius,
849 2722 886 2782 in
902 2722 994 2782 libro
1020 2720 1079 2782 De
1104 2719 1342 2792 Senectute,
1368 2722 1463 2782 unde
1479 2725 1515 2783 et
1531 2723 1782 2783 determinavit

442 2829 597 2889 animam
621 2847 699 2890 esse
729 2829 778 2890 ad
815 2829 1016 2908 exemplum
1050 2829 1154 2889 unius
1190 2829 1436 2907 compositum,
1476 2829 1526 2890 ibi
1557 2829 1721 2890 localiter
1745 2830 1782 2889 in

443 2952 593 3013 corpore
610 2937 861 3008 dominantem,
886 2936 978 2997 sicut
994 2936 1152 2996 nnumin
1169 2935 1324 2996 numeris
1332 2933 1354 2995 ⁶.
1374 2968 1413 2975 —
1429 2931 1565 2997 Tullius
1584 2938 1704 2997 autem
1719 2936 1782 2997 ubi

441 3060 535 3103 nunc
558 3061 677 3122 supra,
706 3045 758 3104 sic
782 3044 828 3105 de
852 3043 970 3103 anima
994 3040 1190 3104 diffinivit:
1229 3040 1329 3103 «Est
1360 3043 1453 3103 enim
1476 3043 1614 3104 animus
1639 3043 1781 3105 celestis

443 3167 485 3210 ex
509 3149 681 3211 altissimo
717 3150 897 3211 domicilio
921 3149 1124 3228 depressus,
1151 3151 1186 3210 et
1225 3150 1328 3227 quasi
1352 3149 1536 3211 demersus
1569 3150 1605 3210 in
1634 3154 1779 3222 terram,

441 3256 559 3317 locum
583 3257 704 3317 divine
726 3259 854 3318 nature
877 3257 1132 3335 eternitatique
1155 3256 1374 3317 contrarium
1389 3276 1404 3309 >
1422 3253 1442 3316 ⁷.

375 3370 426 3434 13,
532 3361 710 3434 Similiter,
735 3382 806 3424 non
829 3363 974 3424 minima
997 3364 1043 3424 de
1065 3363 1154 3424 locis
1186 3363 1373 3424 beatorum
1407 3362 1540 3424 hiidem
1574 3364 1780 3444 percepisse

440 3473 619 3531 notantur.
644 3467 739 3531 Sane
766 3469 865 3531 Plato
890 3471 925 3530 in
960 3468 1143 3530 Phedro
1155 3470 1229 3529 nis
1265 3469 1473 3551 dyalogo,
1509 3473 1590 3548 post
1619 3470 1779 3551 disputa·

442 3576 579 3638 cionem
603 3576 648 3637 de
671 3577 939 3638 immortalitate
963 3577 1089 3649 anime,
1114 3576 1299 3656 distinguit
1334 3576 1424 3648 loca,
1461 3576 1523 3638 ubi
1546 3577 1637 3639 hanc
1666 3577 1778 3638 vitam

441 3815 655 3824 *—

546 4013 579 4074 a)
598 4026 633 4055 =
652 4010 820 4076 prestabat.

549 4184 570 4251 ¹)
589 4186 689 4249 Ovio,
708 4187 913 4254 Metamorph.
932 4187 994 4250 XV,
1012 4188 1073 4241 158.

547 4273 568 4340 ²)
587 4275 743 4329 Heraclite
760 4275 942 4330 d'Heraclee
960 4275 1024 4340 (sur
1043 4277 1073 4328 le
1091 4275 1190 4340 Pont),
1208 4275 1262 4329 340
1280 4291 1307 4328 a.
1326 4275 1343 4328 J
1346 4275 1419 4328 .·Cb.

548 4361 568 4430 8)
586 4364 751 4427 Heraclite,
775 4366 806 4419 le
828 4363 1021 4427 Tenebreux,
1045 4361 1060 4412 ὄ
1080 4359 1219 4423 σκοτεινὸς,
1244 4363 1322 4417 nea
1345 4363 1478 4431 Ephese,
1496 4363 1551 4414 vu
1569 4363 1663 4416 siecle
1681 4365 1775 4416 avant

438 4454 456 4506 J
459 4454 535 4507 .-Ch.
554 4454 684 4522 D'apres
701 4457 839 4520 Cice'ron,
859 4457 906 4508 De
918 4455 984 4506 Ftn.
998 4454 1034 4518 11,
1046 4463 1077 4517 v,
1093 4468 1150 4506 son
1166 4468 1293 4506 surnom
1306 4452 1350 4505 lui
1367 4452 1522 4504 viendrait
1541 4452 1581 4505 de
1599 4451 1774 4503 l'obscurlte

438 4545 480 4597 de
499 4560 548 4598 ses
566 4545 701 4598 theories
722 4561 776 4597 sur
794 4545 825 4596 la
842 4546 962 4597 nature.
982 4543 1026 4596 Ct.
1044 4542 1146 4594 ARls'r.
1167 4542 1214 4594 De
1232 4542 1346 4594 Anima
1364 4540 1400 4605 11,
1418 4541 1488 4593 lect.
1507 4540 1544 4593 11.

545 4631 567 4700 ⁴)
586 4635 726 4697 Pmou,
751 4635 884 4697 Phaedo,
910 4648 976 4700 cap.
1002 4642 1050 4696 xl,
1077 4632 1179 4684 Didot.
1205 4631 1255 4683 51:
1291 4629 1458 4702 «Quandin
1486 4645 1597 4696 corpus
1623 4629 1774 4682 habemns

439 4723 622 4791 animusque
640 4725 747 4776 noster
765 4724 851 4775 tanto
869 4722 951 4775 malo
970 4722 1030 4774 erit
1045 4721 1208 4784 admixtus,
1225 4734 1383 4786 nunquam
1398 4719 1439 4781 id,
1458 4719 1541 4786 quod
1554 4718 1773 4781 desideramus,

440 4813 516 4865 satis
534 4813 616 4866 bene
634 4825 867 4879 assequemur».

547 4898 567 4966 ⁶)
587 4900 649 4954 C1c.
668 4902 715 4954 De
729 4899 844 4954 Senect.
862 4898 955 4968 §xit
976 4899 1108 4953 Citation
1125 4901 1168 4951 ad
1180 4913 1261 4952 oens.
1283 4898 1413 4952 Ciceron
1426 4899 1574 4964 rapporte
1586 4897 1634 4948 les
1649 4897 1772 4964 paroles

439 4989 613 5043 d'Architas
631 4991 672 5043 de
689 4987 832 5043 Tarente.

546 5076 567 5147 ὃ)
587 5079 650 5132 Cle.
670 5080 716 5132 De
735 5079 851 5133 Seneci.
872 5075 890 5145 S
909 5077 985 5129 XXI.

549 5165 568 5235 ἵ)
587 5169 641 5233 In,
661 5169 743 5234 rora,
761 5170 804 5220 aa
821 5169 876 5221 zur.
