4300 6117
514 4101 574 4161 B
605 4102 745 4164 61¹⁰

933 984 1064 1047 258
1946 993 2267 1048 LUCULA
2311 991 2590 1047 NOCTIS

931 1215 1350 1296 profundior
1393 1220 1502 1279 est
1547 1218 1803 1280 ceteris
1851 1220 1922 1279 et
1970 1218 2403 1279 eminencior
2450 1217 2821 1286 universis,
2893 1216 3377 1295 terminosque
3431 1234 3591 1277 sua·

932 1343 1088 1385 rum
1134 1325 1657 1386 extremitatum
1701 1343 2156 1403 nequaquam
2201 1324 2499 1404 ignorat.
2579 1323 2751 1385 Ideo
2807 1325 3089 1385 amator
3158 1324 3311 1384 eius
3378 1325 3450 1384 et
3516 1323 3592 1383 in

931 1432 1088 1510 ipsa
1134 1432 1458 1502 nutrituS,
1535 1432 1882 1510 pacificus
1934 1430 2292 1503 Salomon,
2365 1431 2645 1511 regulas
2693 1431 2990 1492 tradens
3060 1430 3438 1510 gradiendi
3498 1429 3595 1491 ad

931 1539 1178 1616 ipsam,
1249 1539 1463 1600 dixit:
1549 1558 1578 1591 a:
1609 1537 1683 1600 Si
1733 1539 2079 1617 quesieris
2129 1556 2310 1610 eam,
2363 1539 2569 1617 quasi
2615 1539 2991 1617 pecuniam
3037 1540 3108 1599 et
3154 1538 3406 1616 quasi⁸
3447 1536 3594 1597 the-

932 1663 1182 1707 sauros
1225 1643 1567 1707 effoderis
1617 1646 1830 1718 illam,
1866 1648 1998 1707 etc.
2024 1642 2107 1705 20¹.
2149 1677 2229 1685 —
2257 1664 2287 1698 α
2314 1644 2522 1706 Beati
2555 1648 2719 1707 sunt
2751 1645 2957 1715 enim,
2994 1644 3242 1723 inquit,
3276 1644 3434 1723 ipsi,
3473 1642 3594 1722 qui

929 1752 1223 1832 vigilant
1269 1752 1459 1814 fores
1506 1753 1756 1814 measb
1819 1756 1891 1814 et
1953 1754 2349 1815 observant
2395 1755 2638 1832 postes
2687 1752 2852 1813 ostii
2895 1752 3072 1813 mei.
3108 1797 3121 1812 .
3155 1773 3182 1805 »
3210 1749 3251 1812 ‘-'.
3308 1782 3384 1791 —
3432 1750 3595 1811 Alio

927 1877 1098 1920 vero
1146 1859 1638 1921 sollicitudinis
1671 1861 1842 1941 typo
1875 1878 2044 1921 usus
2076 1857 2646 1932 EcclesiasticuS,
2685 1857 3054 1939 Scripture
3099 1858 3343 1919 divine
3372 1858 3594 1918 alum-

930 1985 1112 2045 pnus
1162 1968 1233 2027 et
1278 1961 1683 2047 pedagogus
1732 1966 2111 2038 hominum,
2162 1966 2598 2037 consulebat,
2650 1965 2930 2027 dicens:
3017 1983 3045 2016 «
3074 1964 3295 2051 Quasi
3342 1966 3421 2037 is,
3470 1964 3597 2043 qui

927 2073 1227 2135 seminat
1272 2076 1341 2135 et
1389 2075 1510 2152 qui
1555 2077 1735 2146 arat,
1787 2074 2056 2135 accede
2103 2074 2208 2134 ad
2256 2072 2452 2133 illam
2480 2093 2508 2127 >
2532 2071 2574 2134 3.
2639 2071 3000 2152 Scriptum
3049 2074 3271 2135 enim:
3328 2070 3597 2133 «Mane

927 2181 1197 2242 semina
1244 2199 1487 2242 semen
1532 2184 1750 2254 tuum,
1824 2183 1896 2242 et
1941 2199 2247 2260 vespere
2293 2198 2435 2241 non
2497 2183 2777 2243 cessent
2820 2198 3072 2241 manus
3120 2183 3239 2241 tue
3267 2200 3297 2233 ³>
3323 2177 3366 2249 ⁴,
3424 2179 3597 2258 quia

927 2307 1133 2350 omne
1180 2289 1459 2367 tempus
1508 2291 1578 2349 et
1625 2287 1946 2366 quelibet
1992 2292 2146 2349 etas
2221 2288 2294 2348 in
2343 2287 2549 2348 huius
2598 2306 2804 2349 sacre
2851 2287 3167 2348 mulieris
3226 2288 3596 2367 amplexus

926 2398 1089 2457 sunt
1136 2396 1573 2473 exponenda.
1624 2393 1780 2456 Hiis
1814 2395 2065 2473 pocius
2121 2413 2254 2455 ceu
2301 2395 2488 2456 notis
2538 2395 2966 2455 transcursis
3001 2412 3215 2473 quam
3246 2395 3593 2473 probatiS,

925 2504 1123 2581 patet
1169 2503 1558 2574 evidenter,
1631 2502 1825 2581 quod
1875 2501 1935 2563 si
1984 2501 2117 2563 hec
2168 2520 2384 2562 sacra
2432 2502 2761 2563 doctrina
2809 2501 2901 2562 sit
2946 2502 3180 2581 prima
3222 2502 3295 2563 in
3343 2502 3598 2563 ordine

925 2609 1493 2689 philosophandi,
1562 2627 1924 2687 nunquam
1990 2609 2168 2670 satis
2221 2612 2500 2670 mature
2545 2610 2829 2669 venitur
2872 2609 2970 2669 ad
3015 2608 3266 2687 ipsam,
3338 2628 3423 2670 ac
3470 2609 3597 2670 ubi

926 2718 1181 2778 ceteris
1228 2717 1443 2777 fuerit
1490 2716 1821 2777 sollerter
1868 2717 2242 2795 premissa,
2314 2734 2444 2777 sua
2493 2715 2872 2777 dulcedine
2915 2719 2986 2777 et
3032 2716 3342 2777 utilitate
3390 2716 3596 2795 spiri-

925 2824 1100 2884 tuali
1144 2822 1535 2902 multiplici,
1608 2823 1831 2902 ipsius
1882 2820 2105 2884 efficit
2153 2825 2537 2894 amatores,
2611 2825 2692 2883 ut
2733 2824 2854 2883 vix
2899 2824 3177 2901 possint
3222 2824 3450 2884 eciam
3497 2824 3597 2884 ad

923 2930 1170 2991 horam
1216 2931 1548 3009 potencia
1594 2930 1781 2991 illius
1830 2948 2097 2991 carere.
2187 2929 2528 2991 Pretereo
2583 2928 2928 3009 Origenis,
3000 2928 3267 3000 Basilii,
3340 2929 3593 3000 Irenei,

924 3037 1303 3109 Ambrosii,
1355 3036 1698 3117 Gregorii,
1749 3036 2105 3109 leronimi,
2161 3036 2555 3116 Augustini,
2606 3040 2675 3098 et
2720 3037 3024 3098 aliorum
3058 3038 3596 3099 memorandam

926 3144 1235 3225 vigiliam
1285 3145 1355 3204 in
1408 3144 1634 3204 sacris
1667 3141 1958 3204 Litteris
1991 3144 2330 3224 legendis,
2382 3144 2813 3224 repetendis,
2865 3144 3322 3223 exponendis,
3373 3146 3595 3206 medi-

932 3252 1169 3313 tandis
1218 3253 1289 3312 et
1334 3251 1786 3311 venerandis,

1145 3356 1388 3429 Simili,
1438 3358 1570 3419 sed
1615 3358 1873 3437 impari
1920 3358 2320 3431 dulcedine,
2367 3359 2656 3437 rapiunt
2695 3361 2966 3420 mentes
2998 3357 3385 3420 infancium
3417 3359 3590 3420 sire·

931 3484 1185 3527 narum
1251 3466 1557 3528 sciencie
1626 3466 1969 3527 secularis
2038 3469 2444 3536 concentus,
2524 3466 2935 3544 ducuntque
2985 3467 3327 3544 captivaS,
3410 3467 3597 3527 sicut

933 3592 1151 3652 supra
1198 3591 1330 3653 per
1361 3571 1812 3635 Salomonem
1861 3574 2144 3634 memini
2177 3591 2290 3634 me
2336 3574 2704 3652 probasse.
2755 3570 2961 3633 Unde
2989 3573 3111 3644 sie,
3147 3576 3224 3634 ut
3274 3574 3596 3651 quisquis

933 3700 1010 3742 se
1079 3681 1211 3742 sub
1273 3678 1715 3743 infantilibus
1763 3681 1967 3742 annis
2013 3680 2507 3752 meretricuIiS,
2587 3682 2665 3740 ut
2712 3675 3061 3758 Torquati
3133 3680 3596 3741 similitudine

932 3791 1098 3849 utar
1115 3785 1156 3858 ⁵,
1206 3788 1607 3859 tradiderit,
1658 3806 1799 3848 non
1846 3788 2008 3850 dico
2057 3787 2474 3858 sanandum,
2525 3787 2656 3848 sed
2702 3787 3305 3865 coinquinandum
3353 3789 3424 3848 et
3467 3805 3592 3865 po·

933 3896 1136 3956 cione
1167 3894 1652 3956 tossicandum
1683 3895 1900 3964 letali,
1952 3895 2106 3955 sine
2138 3894 2489 3966 mirando,
2539 3913 2723 3965 raro,
2770 3911 3108 3955 concesso
3140 3892 3274 3954 Dei
3307 3894 3590 3965 auxilio,

932 4002 1029 4062 ad
1073 4020 1365 4063 uxorem
1410 4002 1797 4082 legitimam
1842 4020 1983 4063 non
2031 4002 2355 4062 accedat.
2415 4000 2891 4062 Paucissimos
2939 4001 3105 4062 novi
3153 4019 3362 4062 sexus
3411 4019 3591 4062 mas·

934 4109 1146 4192 culini
1188 4109 1492 4188 virgines
1526 4099 1554 4190 ΙΙ
1600 4110 1695 4170 ad
1727 4109 2094 4188 nupciales
2130 4108 2483 4170 thalamos
2527 4109 2851 4179 intrasse,
2901 4107 3200 4189 hymene
3247 4109 3594 4187 precipue

1146 4545 1206 4593 ιη’
1293 4553 1306 4577 1
1354 4537 1412 4585 et
1451 4533 1620 4585 sicut.
1695 4532 1757 4596 b)
1799 4535 1859 4592 -1-
1900 4531 2138 4594 cotidie,
2179 4546 2257 4583 en
2294 4539 2519 4598 marge.

1174 4721 1182 4765 J
1230 4713 1310 4760 U.
1362 4710 1660 4771 proverb..
1700 4708 1771 4771 11,
1809 4708 1861 4760 4.

1170 4801 1190 4861 J
1242 4805 1394 4857 mast-f..
1430 4800 1587 4861 VIII,
1622 4799 1709 4851 34.

1178 4898 1186 4942 Ι
1234 4889 1318 4937 fii.
1360 4889 1563 4951 Eccli„
1601 4889 1700 4950 VI,
1739 4888 1820 4941 19.

1154 4989 1186 5036 ‘ll
1230 4981 1310 5029 si.
1357 4979 1571 5038 Eccle„
1610 4978 1708 5039 XI,
1744 4978 1795 5030 6.

1170 5073 1185 5124 ,1
1235 5069 1270 5114 fl·
1338 5069 1410 5117 M.
1446 5065 1643 5133 TORQ.
1682 5067 1894 5130 BOET„
1939 5070 2032 5119 De
2075 5066 2376 5120 Consolat.
2418 5069 2766 5135 Philosoph.
2805 5070 2853 5130 I,
2876 5084 3072 5134 prosa
3099 5071 3324 5134 prima.
3371 5068 3595 5136 Migne.

934 5162 966 5205 τ.
1017 5157 1214 5206 [3:111.
1258 5161 1366 5205 ¹10]-
1410 5156 1538 5209 590:
1598 5155 1807 5229 ‹QuiS,
1864 5158 2062 5223 inquit
2103 5153 2545 5224 [Philosophia]
2581 5158 2694 5209 has
2734 5158 3012 5210 scenicas
3052 5158 3473 5210 meretriculas
3515 5159 3598 5210 ad

930 5249 1082 5293 him-c
1126 5261 1374 5309 :myrum
1412 5246 1690 5312 permisit
1727 5246 2101 5298 accedere?.
2129 5284 2143 5297 .
2178 5284 2191 5297 .
2227 5267 2252 5293 ι
