4300 6117
837 945 1024 1000 IOHANNIS
1047 945 1228 1000 DOMINICI
1629 935 1692 1000 371

362 1169 550 1232 honestate
582 1170 768 1251 pollebant
778 1169 798 1232 ¹.
850 1167 973 1233 «Tota
1002 1187 1158 1249 namque
1180 1170 1427 1252 phylosophia,
1452 1169 1697 1253 Cycerone

364 1275 554 1350 referente,
591 1279 631 1339 ut
653 1278 706 1340 ait
729 1276 852 1350 Catho,
890 1279 967 1341 sive
995 1277 1299 1360 phylosophorum
1320 1278 1405 1351 vita,
1440 1276 1698 1340 commentacio

364 1384 490 1446 mortis
510 1386 564 1445 est
574 1382 595 1445 ².
617 1383 708 1446 Nam
721 1385 808 1464 quid
823 1385 923 1447 aliud
937 1387 1083 1466 agimus,
1099 1385 1150 1448 ait
1162 1381 1310 1456 Tullius,
1323 1403 1406 1447 cum
1415 1403 1439 1446 a
1454 1384 1698 1464 voluptatibus

366 1491 529 1570 corporis
565 1493 601 1552 et
623 1510 646 1552 a
668 1510 708 1554 re
732 1490 911 1566 familiari,
947 1512 1017 1573 que
1039 1495 1095 1554 est
1128 1492 1291 1554 ministra
1321 1491 1492 1573 corporis,
1528 1493 1564 1553 et
1587 1508 1609 1552 a
1632 1490 1698 1552 rei·

366 1597 510 1676 publice
535 1599 691 1678 negociis
707 1600 864 1661 animum
881 1599 1116 1663 revocamus?
1139 1618 1205 1662 nec
1219 1600 1337 1679 ipsum
1355 1599 1574 1662 advocamus
1590 1597 1700 1658 maxi·

366 1721 495 1783 meque
518 1723 540 1766 a
564 1724 716 1787 corpore
738 1707 960 1779 adducimus,
985 1725 1178 1788 secumque
1194 1725 1273 1769 esse
1289 1707 1462 1786 cogimus:
1487 1706 1643 1768 animum
1665 1706 1701 1766 et

366 1829 391 1872 a
413 1829 566 1891 corpore
589 1830 788 1884 secernere,
812 1813 922 1876 nichil
944 1815 1044 1876 aliud
1068 1817 1124 1877 est
1146 1833 1254 1894 quam
1276 1815 1367 1877 mori
1389 1813 1531 1876 discere
1546 1809 1595 1874 »3.

477 1916 662 1982 Proferam
685 1922 844 1983 animose
867 1924 1026 2002 tuteque,
1050 1922 1204 1984 veritate
1226 1921 1360 2001 ubique
1375 1921 1523 1982 victrice
1542 1920 1700 2000 cogente,
1715 1919 1745 1982 9.

366 2023 496 2106 Moysi,
532 2026 607 2100 Iob,
642 2026 770 2098 David,
797 2026 1008 2101 Salomonis,
1032 2027 1146 2110 Syrac
1169 2027 1302 2103 Yhesn,
1326 2024 1463 2090 Thobie
1487 2029 1523 2089 et
1546 2025 1701 2089 omnium

368 2133 627 2212 prophetarum
641 2134 747 2198 ihesu
763 2133 970 2208 Salvatoris,
996 2134 1107 2210 Pauli,
1126 2133 1231 2208 Luce,
1248 2135 1356 2207 Petri,
1377 2135 1509 2208 iacobi,
1534 2132 1701 2196 Iohannis

369 2241 407 2300 et
438 2240 658 2320 singulorum
681 2241 936 2322 Apostolorum
971 2243 1231 2324 doctorumque
1264 2242 1520 2306 catholicorum
1551 2239 1704 2302 ethicam

370 2347 506 2408 realem
539 2347 654 2410 ethice
675 2348 857 2421 Mercurii,
886 2349 1108 2433 Picthagore,
1147 2350 1315 2424 Socratis,
1354 2349 1494 2422 Plotini,
1518 2345 1704 2418 Varronis,

368 2449 487 2524 Tullii,
516 2452 661 2528 Senece,
685 2455 884 2538 Porphyrii,
911 2461 947 2520 et
969 2460 1127 2521 omnium
1150 2459 1380 2521 ethnicorum.
1405 2457 1526 2530 Nemo,
1550 2458 1590 2517 ut
1614 2471 1705 2525 reor,

368 2561 577 2639 sapientum
601 2582 657 2625 me
682 2565 970 2646 redarguendum
993 2585 1037 2628 ex
1059 2567 1128 2629 hoc
1150 2567 1344 2628 extimabit.
1368 2564 1439 2627 Cur
1462 2576 1555 2644 ergo,
1579 2559 1707 2623 morali

371 2667 609 2749 phylosophia
643 2688 666 2732 a
700 2670 776 2734 Deo
813 2673 948 2735 tradita
985 2675 1022 2736 in
1057 2675 1299 2736 salvacionem
1332 2673 1523 2735 humanam
1556 2669 1705 2738 calcata,

373 2793 492 2856 ymmo
516 2776 701 2856 despecta,
719 2771 736 2862 {²
757 2799 880 2842 omnes
901 2782 987 2854 fere,
1008 2783 1071 2860 qui
1094 2783 1231 2862 fingunt
1255 2800 1294 2844 se
1313 2781 1362 2843 ad
1376 2781 1527 2842 virtutes
1543 2776 1706 2846 transire,
1781 2767 1921 2833 L108‘0

371 2880 464 2943 hanc
497 2883 696 2947 infidelium
731 2888 966 2950 tradicionem
991 2891 1176 2953 erroribus
1205 2890 1361 2962 mixtam,
1398 2887 1511 2950 eciam
1535 2903 1615 2946 cum
1637 2882 1708 2944 dis·

373 2990 506 3067 pendio
531 2980 547 3072 Η
575 2993 627 3053 rei
651 2991 837 3057 familiaris
862 2998 1018 3060 certanti
1043 2997 1263 3078 capescunt?
1302 2995 1381 3058 Non
1404 2998 1459 3057 est
1491 2993 1595 3054 huius
1626 2988 1710 3050 mali
1800 2984 1830 3046 B
1846 2983 1917 3045 92¹⁰

372 3096 446 3156 alia
481 3099 581 3160 racio
614 3118 681 3178 pro
714 3121 837 3164 eornm
874 3105 1109 3168 excusacione
1133 3105 1328 3176 reddenda,
1366 3103 1433 3164 nisi
1463 3101 1549 3180 quia
1571 3098 1634 3159 illa
1657 3097 1712 3157 est

374 3204 498 3264 nativo
522 3208 664 3268 tantum
701 3210 821 3272 colore
843 3215 996 3274 venusta
1031 3215 1067 3274 et
1099 3211 1196 3274 nullo
1224 3213 1340 3274 nitore
1369 3207 1549 3272 accidenti
1579 3205 1710 3266 fucata.

374 3306 452 3370 Hec
474 3314 605 3383 autem,
631 3316 772 3378 scilibio
787 3321 802 3352 ¹
831 3320 1050 3383 meretricali
1073 3320 1188 3382 solum
1212 3319 1365 3381 exterius
1390 3317 1579 3398 picturata,
1616 3310 1713 3390 capit

374 3415 541 3480 incautos
566 3423 601 3482 et
623 3422 775 3502 ignaros,
801 3427 943 3489 occidit.
967 3426 1086 3490 Nolite
1102 3429 1240 3489 tantum
1257 3444 1388 3496 errare,
1405 3422 1542 3492 miselli,
1559 3419 1713 3482 'memen-

374 3524 451 3584 tote
468 3523 611 3589 Paridis
627 3527 807 3593 Venerem
824 3532 966 3596 Palladi
981 3533 1205 3614 preferentis,
1232 3537 1268 3596 et
1291 3531 1468 3595 excidium
1482 3527 1556 3589 Ylii
1571 3524 1714 3588 alcioris

374 3628 530 3695 hominis
569 3638 686 3714 partis
710 3641 813 3701 vobis
836 3644 1026 3704 venturum
1056 3642 1198 3704 timete!
1236 3639 1333 3702 Raro
1357 3637 1527 3717 contingit
1550 3637 1598 3704 ut,
1633 3631 1716 3711 post

375 3738 482 3799 unius
506 3741 633 3819 pelicis
670 3747 822 3824 cupitos,
847 3747 1105 3827 frequentatos,
1128 3766 1247 3830 ymmo
1271 3747 1497 3810 continuatos
1520 3741 1714 3822 amplexusr

485 4229 518 4288 u)
538 4224 657 4277 scilibo.

487 4421 510 4488 ¹)
531 4422 593 4476 Cle.
618 4419 705 4474 Tusc.
726 4421 747 4484 1,
767 4429 842 4471 xxx.

488 4510 632 4580 'tAms'n
662 4511 785 4572 IEth.,·
810 4509 914 4571 Didot,
938 4523 1004 4574 cap.
1022 4513 1053 4569 11,
1072 4507 1104 4569 73
1135 4505 1163 4557 11
1184 4505 1321 4570 Metoplr.
1340 4501 1480 4564 lect.11.;
1505 4499 1609 4562 Didot,
1626 4498 1679 4550 lib.
1700 4496 1721 4552 Ι,

382 4619 447 4670 cap.
466 4614 486 4667 1,
504 4618 534 4655 n.
552 4602 579 4655 4.

489 4691 510 4760 ³)
529 4692 625 4745 Cle.1
650 4689 734 4745 Taso
753 4691 860 4743 XXXI.
888 4689 1019 4742 Citation
1036 4687 1102 4739 tres
1120 4684 1306 4752 incomplete
1331 4684 1362 4736 et
1378 4681 1511 4735 iauiive:
1541 4697 1597 4730 ‹..
1614 4716 1620 4730 .
1636 4677 1722 4730 Nam,

399 4784 474 4850 quid
492 4783 576 4836 aliud
596 4782 721 4850 agimus,
750 4796 819 4833 cum
838 4794 856 4832 a
874 4779 1043 4846 voluptaie,
1068 4775 1101 4827 id
1121 4777 1177 4838 est,
1203 4790 1221 4828 a
1241 4787 1381 4840 corpore,
1403 4785 1472 4824 cum
1489 4785 1507 4822 a
1527 4782 1561 4821 re
1579 4766 1712 4819 familiar

394 4887 473 4939 quae
492 4874 539 4926 est
557 4872 700 4924 ministra
720 4872 751 4923 et
767 4869 883 4923 iamuia
902 4867 1051 4935 corporis,
1071 4879 1138 4918 cum
1154 4880 1173 4917 a
1186 4862 1365 4930 reipublica,
1383 4874 1453 4913 cum
1467 4874 1485 4911 a
1500 4857 1622 4926 negotio
1641 4854 1724 4908 omni

395 4976 575 5015 sevocamus
594 4959 753 5014 animum?
789 4957 877 5032 Quid,
903 4958 1039 5023 inquam,
1063 4956 1129 5007 tum
1148 4953 1272 5020 agimus,
1296 4951 1356 5003 nisi
1373 4949 1509 5002 animum
1528 4946 1568 5000 ad
1587 4945 1725 5011 seipsum

393 5052 589 5113 advocamus,
608 5065 714 5103 secum
730 5063 801 5102 esse
820 5047 965 5115 cogimus,
985 5044 1182 5110 maximeque
1199 5057 1217 5094 a
1235 5055 1366 5106 corpore
1385 5035 1587 5090 abducimus?
1618 5032 1724 5087 Secer·

391 5156 467 5194 nere
498 5143 601 5194 autem
634 5155 652 5192 a
683 5153 813 5204 corpore
845 5137 989 5198 animum,
1020 5148 1081 5186 nec
1111 5131 1278 5199 quidquam
1310 5128 1394 5181 aliud
1423 5128 1470 5180 esi
1502 5139 1595 5192 quam
1628 5121 1724 5175 emori

390 5234 510 5288 discere
522 5251 545 5284 ».
