4300 6117
858 956 1044 1012 IOHANNIS
1067 956 1254 1011 DOMINICI
1654 944 1717 1007 311

383 1184 600 1253 interiorem,
618 1183 795 1255 claritas
810 1181 1121 1244 intellectualis
1139 1180 1326 1255 luminis;
1351 1180 1417 1242 sed
1432 1199 1503 1260 quo
1520 1181 1568 1243 ad
1585 1180 1720 1259 superi·

385 1308 492 1363 orem,
509 1291 653 1352 iuncta
669 1291 854 1352 societas
870 1289 960 1351 veri
976 1288 1167 1350 numinis.
1184 1286 1365 1360 Preterea,
1381 1289 1449 1349 sub
1460 1288 1576 1367 primo
1593 1286 1720 1349 collec-

383 1398 457 1459 tivo
482 1396 676 1459 universali
700 1396 886 1467 vocabulo,
912 1415 993 1458 cum
1017 1394 1276 1474 disputacione,
1302 1397 1429 1457 notare
1452 1395 1564 1456 robur
1578 1394 1717 1465 virium,

383 1504 495 1567 seculi
517 1491 731 1585 potenciam,
756 1506 981 1566 venustatem
1002 1504 1125 1575 forme,
1164 1502 1305 1581 copiam
1328 1502 1549 1573 diviciarum,
1574 1501 1719 1563 honoris

384 1612 575 1690 specimen,
611 1610 805 1672 multorum
827 1608 968 1681 famam,
1007 1610 1307 1689 composicionem
1337 1627 1485 1680 morum,
1520 1611 1659 1689 gratnm
1684 1610 1719 1669 et

384 1717 578 1779 facundum
602 1735 812 1790 sermonem,
837 1717 961 1779 dulces
977 1716 1075 1778 vocis
1098 1719 1135 1778 et
1149 1734 1318 1778 vasorum
1341 1719 1543 1787 concentus,
1569 1705 1586 1798 ΙΙ
1613 1715 1719 1776 vesti·

384 1826 584 1885 mentorum
608 1825 855 1905 fragranciam,
888 1823 1180 1886 habundanciam
1204 1823 1457 1895 conviviorum,
1494 1823 1718 1885 edificiorum

384 1931 608 2005 iactanciam,
644 1932 784 2012 generis
818 1931 994 1993 illustrem
1014 1931 1235 2010 prosapiam,
1271 1931 1411 2009 copiam
1434 1930 1639 2001 amicorum,
1663 1948 1718 1991 so·

384 2037 520 2100 dalium
543 2041 580 2100 et
604 2041 845 2118 cognatorum,
884 2040 1023 2118 gratam
1046 2056 1203 2109 uxorem,
1240 2038 1395 2101 filiorum
1419 2037 1572 2109 turbam,
1608 2037 1719 2098 vitam

383 2144 524 2225 longam
546 2145 604 2207 vel
627 2146 783 2219 brevem,
808 2146 1006 2225 mortisque
1028 2156 1161 2225 genera
1183 2145 1289 2217 mille,
1314 2149 1349 2206 et
1373 2146 1403 2205 si
1427 2162 1500 2223 qua
1515 2144 1718 2205 huiusmodi

383 2254 465 2313 sunt
487 2252 585 2313 bona
609 2252 667 2314 vel
691 2253 786 2313 mala
810 2252 1020 2314 adiacencia
1043 2252 1206 2332 corporis
1229 2269 1344 2331 prope
1367 2253 1442 2313 sive
1467 2241 1481 2334 {l
1511 2252 1615 2331 longe
1638 2269 1718 2313 cum

383 2359 461 2431 ista,
487 2359 621 2421 autad
647 2360 846 2421 essenciam
870 2358 1052 2421 felicitatis
1076 2378 1147 2421 non
1170 2361 1344 2438 spectent,
1367 2359 1466 2438 apud
1488 2358 1629 2431 multos,
1654 2361 1717 2420 aut

383 2466 413 2527 si
437 2466 661 2528 numeranda
684 2466 813 2539 forent,
838 2467 1046 2551 contingunt
1068 2466 1175 2528 bonis
1199 2469 1235 2528 et
1258 2466 1371 2537 malis,
1400 2465 1573 2546 theologis
1597 2468 1633 2526 et
1656 2483 1718 2544 po·

384 2572 460 2644 etis,
484 2572 683 2651 Xpistianis
707 2576 743 2635 et
767 2572 926 2645 ethnicis,
963 2573 1080 2635 doctis
1103 2573 1242 2652 pariter
1265 2575 1302 2634 et
1324 2573 1488 2645 indoctis,
1521 2572 1719 2633 secundum

385 2677 618 2753 Salomonem,
644 2699 724 2742 cum
741 2682 788 2743 sit
810 2698 905 2759 equa
927 2680 1115 2759 utriusque
1137 2677 1341 2742 condicio¹:
1374 2683 1447 2753 aut,
1464 2680 1496 2741 si
1512 2682 1609 2741 certe
1626 2698 1717 2741 mor·

383 2786 507 2848 talium
539 2791 783 2867 procurantur
817 2787 1004 2859 industria,
1041 2788 1220 2867 copiosius
1243 2787 1369 2849 haberi
1392 2790 1543 2866 possunt
1568 2804 1591 2847 a
1614 2787 1717 2848 bonis

383 2911 491 2972 quam
525 2913 548 2955 a
570 2894 684 2965 malis,
721 2897 757 2956 et
780 2895 866 2957 viris
903 2894 1043 2967 divinis,
1081 2913 1189 2973 quam
1224 2897 1390 2956 naturam
1413 2894 1479 2956 vel·
1505 2912 1603 2956 mere
1630 2894 1719 2955 ficta

383 3002 614 3063 sectantibus.
654 3000 750 3063 Satis
773 3001 841 3064 hoc
864 3002 994 3064 astruit
1018 3004 1164 3063 sanctus
1187 3000 1455 3081 Apostolus,
1482 3002 1545 3063 ubi
1568 3002 1718 3080 loquens

384 3108 431 3169 ad
461 3106 665 3171 Hebreos
690 3109 778 3170 dicit
802 3108 973 3171 scienter:
1010 3107 1166 3170 «Sancti
1188 3127 1255 3188 per
1277 3106 1388 3169 fidem
1410 3108 1574 3170 vicerunt
1597 3120 1715 3188 regna,

382 3215 523 3294 operati
547 3218 630 3277 sunt
652 3216 839 3289 iusticiam,
864 3215 988 3295 adepti
1014 3218 1099 3277 suut
1121 3216 1426 3294 repromissiones.
1456 3216 1716 3279 obturaverunt

382 3338 447 3383 ora
469 3322 623 3395 leonum,
661 3323 886 3385 extinxerunt
909 3323 1083 3402 impetum
1106 3322 1206 3402 ignis,
1231 3321 1434 3402 effugarunt
1458 3322 1572 3384 aciem
1594 3322 1713 3402 gladii,

382 3430 493 3490 fortes
517 3429 603 3491 facti
627 3433 711 3491 sunt
736 3431 773 3490 in
795 3430 891 3491 bello
916 3429 1061 3515 etc.1»².¹

488 3534 594 3598 Certe
629 3536 704 3598 sine
740 3538 925 3599 demencie
960 3539 1055 3609 nota,
1094 3537 1356 3615 experienciam
1391 3556 1462 3597 non
1496 3536 1714 3617 negabimus.
1731 3524 1761 3587 3·

382 3640 575 3705 Fateamur
598 3656 690 3725 ergo,
715 3656 874 3706 'necesse
898 3647 953 3705 est
975 3661 1089 3723 opera
1111 3644 1233 3716 multa,
1272 3644 1400 3723 quibus
1424 3644 1538 3705 utitur
1560 3643 1609 3704 ad
1632 3643 1714 3705 sub-

381 3748 513 3811 sidium
535 3762 644 3831 geuus
666 3749 869 3821 humanum,
893 3751 1000 3812 mutis
1024 3744 1163 3812 t'antum
1186 3751 1321 3813 inserta
1344 3752 1381 3811 et
1404 3750 1482 3812 sola
1504 3750 1645 3829 pratica
1667 3750 1714 3811 ab

382 3855 523 3918 homine
557 3857 641 3919 sciri
664 3858 886 3919 sufficienter
909 3857 945 3919 'et
968 3858 1137 3928 exerceri,
1174 3857 1297 3937 aliqua
1319 3876 1406 3919 vero
1440 3858 1568 3920 maiori
1594 3858 1714 3919 studio

381 3962 551 4043 indigere,
587 3965 652 4026 sed
674 3965 844 4026 nonnulla
879 3966 926 4027 ab
960 3964 1102 4026 homine
1127 3967 1241 4044 cepta,
1278 3966 1314 4027 et
1345 3965 1392 4026 ab
1423 3983 1465 4026 eo
1499 3962 1714 4043 quibusdam

381 4069 498 4132 brutis
520 4069 711 4143 transfusa,
751 4075 787 4134 et
809 4072 882 4133 alia
902 4072 1025 4133 innata
1048 4072 1191 4146 homini,
1227 4090 1296 4151 que
1319 4072 1435 4133 beluis
1458 4070 1714 4133 communicari

381 4195 453 4238 nou
475 4182 636 4256 possunt,
661 4181 698 4240 et
721 4181 842 4240 cetera
865 4179 936 4240 alia
960 4180 1122 4258 utrisque
1147 4179 1382 4241 communiter
1404 4179 1500 4240 data.
1529 4176 1713 4241 Edificare

382 4284 536 4362 quidem,
570 4283 684 4356 filare,
709 4288 840 4357 texere,
876 4286 1112 4347 flebotomare
1122 4284 1143 4358 ³,
1181 4298 1411 4367 pugnareque
1435 4304 1516 4347 cum
1539 4285 1713 4347 similibus

381 4391 511 4459 multis,
548 4410 618 4471 que
651 4391 783 4453 homini
819 4395 901 4471 post
924 4410 1046 4453 casum
1067 4396 1252 4464 venerunt,
1290 4393 1374 4472 quia
1409 4392 1457 4453 ad
1480 4390 1547 4454 hec
1571 4396 1714 4454 creatus

382 4516 452 4559 non
476 4499 551 4569 fuit,
577 4499 669 4561 sicut
693 4517 758 4560 nec
780 4500 830 4560 ad
852 4499 1085 4579 peccandum,
1110 4501 1217 4561 mutis
1235 4500 1392 4561 creando
1409 4515 1532 4561 eorum
1549 4499 1714 4561 conditor

381 4605 533 4666 tradidit
554 4604 661 4678 Deus,
686 4609 761 4668 tum
786 4607 871 4685 quia
893 4606 970 4667 siue
992 4606 1060 4667 hiis
1084 4607 1176 4668 bene
1200 4624 1279 4668 esse
1302 4626 1373 4668 non
1396 4609 1562 4687 possunt:
1594 4608 1713 4667 tamen

487 5038 508 5104 ¹)
527 5040 572 5093 Cf.
590 5041 692 5093 Eccle.
714 5040 764 5102 111,
783 5040 826 5093 19.
880 5112 883 5117 ¹

486 5126 507 5194 ²)
526 5128 556 5182 S.
574 5130 682 5192 PAUL,
701 5131 743 5181 ud
760 5130 863 5192 Heba,
880 5130 930 5193 XI,
948 5129 992 5191 33,
1011 5129 1055 5183 34.

488 5214 508 5283 ³¹)
527 5219 609 5271 Pour
626 5219 861 5285 phlebotomum,
879 5220 1040 5286 pratiquer
1057 5221 1089 5273 la
1106 5220 1240 5289 saignee.
