4300 6117
466 966 531 1029 174
966 978 1125 1033 LUCULA
1147 977 1287 1033 NOCTIS

464 1201 595 1261 trinam
619 1218 795 1263 evacuare
828 1202 1057 1264 contendunt.
1097 1202 1138 1264 In
1161 1204 1410 1283 disputacione
1444 1202 1606 1265 fidelium
1633 1206 1796 1267 cavenda

465 1310 519 1369 est
541 1310 832 1387 proposicionum
855 1308 1052 1371 artificiosa
1076 1311 1266 1381 subtilitas,
1291 1329 1362 1390 que
1387 1311 1527 1373 callidis
1544 1311 1798 1373 oblectacioni·

462 1416 530 1477 bus
553 1415 650 1476 recia
673 1416 798 1477 tendit.
838 1416 893 1478 Ita
917 1418 1010 1477 enlm
1033 1418 1188 1479 versutis
1211 1418 1478 1479 assercionibus
1509 1436 1704 1498 pravorum
1727 1420 1798 1481 dIs·

463 1523 609 1602 putacio
633 1523 836 1592 innodatur,
872 1527 912 1585 ut
934 1527 1035 1586 recta
1058 1542 1137 1586 esse
1170 1524 1336 1586 simulent
1360 1543 1429 1603 que
1453 1543 1626 1604 perversa
1649 1544 1797 1604 persua·

464 1630 560 1700 dent,
586 1632 622 1691 et
645 1631 677 1691 si
700 1630 820 1708 aIIquo
844 1630 937 1692 torte
961 1650 1048 1692 casu
1071 1634 1155 1693 ante
1178 1632 1323 1710 plenam
1346 1631 1433 1693 fidei
1458 1632 1660 1694 doctrinam
1676 1634 1799 1712 acqui·

463 1737 569 1797 sitam
593 1736 749 1815 aliquem
774 1738 952 1799 credImus
975 1738 1185 1818 dyalecticis
1208 1739 1475 1818 implicandum,
1500 1740 1628 1801 saltem
1651 1740 1698 1802 sit
1715 1740 1799 1801 doc·

463 1846 530 1915 tor,
554 1841 642 1904 fidei
666 1844 811 1916 zelator,
835 1844 897 1922 qui
920 1845 1025 1906 simul
1049 1846 1172 1907 tradat
1194 1848 1393 1925 utrumque,
1418 1865 1463 1908 ne
1487 1847 1669 1926 contingat
1701 1847 1799 1925 quod

463 1949 543 2012 fieri
567 1951 709 2022 assolet,
744 1952 842 2029 quod
865 1952 951 2012 dum
975 1952 1158 2031 sapiencia
1179 1971 1273 2013 vana
1296 1954 1469 2031 queritur,
1493 1970 1578 2014 vere
1602 1954 1796 2033 sapiencie,

463 2076 533 2136 que
558 2057 649 2118 tides
675 2060 737 2131 est,
762 2058 822 2119 via
845 2059 1088 2137 precludatur.

574 2159 741 2225 Tercium
764 2168 828 2236 est,
845 2185 890 2227 ne
906 2166 998 2227 fides
1016 2166 1102 2227 dum
1125 2144 1281 2228 traditur
1296 2166 1590 2245 persuasionibus
1607 2167 1798 2239 coloretur,

464 2272 567 2349 quasi
591 2271 960 2334 demonstracionibus
985 2273 1021 2332 in
1045 2273 1223 2334 mentibus
1248 2273 1462 2352 simpItcium
1478 2272 1671 2334 derelictis.
1697 2272 1798 2347 Nam,

464 2378 548 2439 dum
585 2379 664 2457 quis
700 2397 739 2440 se
773 2382 874 2459 putat
913 2381 1117 2441 nacionibus
1150 2380 1293 2451 victum,
1318 2380 1463 2441 veritati
1500 2379 1630 2441 cedere
1653 2379 1800 2441 demon·

464 2488 577 2546 strate
601 2488 636 2546 et
660 2486 830 2547 resistere
852 2486 1072 2565 simplicitati
1108 2488 1292 2557 assuesctt,
1334 2489 1372 2548 at
1400 2486 1461 2548 ubi
1496 2485 1590 2548 forte
1626 2504 1800 2565 processu

464 2593 635 2671 temporis
675 2611 745 2654 non
783 2593 1065 2655 demonstratum
1099 2594 1164 2655 sed
1198 2611 1410 2672 persuasum
1443 2592 1553 2655 fuisse
1583 2594 1798 2673 perceperit,

464 2711 595 2778 negare
610 2700 803 2762 inclinatur
818 2700 1009 2771 credenda,
1036 2719 1106 2779 que
1123 2702 1222 2779 prius
1238 2702 1336 2762 velut
1352 2701 1598 2762 demonstrata
1623 2701 1798 2779 concepit.

463 2804 606 2867 Nullum
640 2807 835 2868 vtolentum
865 2810 1090 2888 perpetuum,
1127 2797 1140 2889 {i
1166 2807 1254 2868 nihil
1289 2809 1390 2868 extra
1424 2808 1590 2886 proprios
1627 2808 1799 2868 terminos

464 2917 619 2975 tractum
653 2914 815 2976 liberum.
853 2913 931 2976 Non
953 2916 989 2976 in
1022 2915 1177 2976 humane
1215 2915 1396 2993 sapiencie
1419 2915 1540 2975 verbis
1565 2914 1678 2976 voluit
1701 2913 1799 2976 Deus

463 3019 574 3081 iidem
597 3021 794 3100 simplicem
818 3020 981 3091 diffundi,
1007 3022 1072 3083 sed
1095 3022 1132 3082 ln
1148 3022 1277 3100 sptritu
1293 3024 1328 3083 et
1343 3014 1514 3082 veritate:
1538 3022 1630 3092 ideo,
1656 3022 1800 3081 infirma

464 3129 588 3188 mundi
612 3129 726 3208 elegit,
752 3132 790 3189 ut
814 3128 928 3191 forcia
956 3146 1098 3207 queque
1122 3128 1358 3190 confunderet
1380 3126 1477 3189 Deus
1489 3125 1509 3199 1,
1549 3129 1610 3206 qui
1634 3147 1705 3189 non
1733 3146 1801 3206 per

368 3230 380 3256 ⁰
465 3238 630 3296 versutos
670 3236 889 3316 dyalecticos
926 3237 1042 3315 ipsam
1076 3236 1187 3297 iidem
1221 3236 1294 3296 late
1332 3235 1508 3314 plantavit
1539 3237 1576 3295 ct
1620 3225 1801 3317 Irringavit

463 3342 673 3421 plantatam.
710 3340 749 3403 Si
771 3342 878 3421 igitur
900 3342 1095 3404 laudantur
1118 3341 1352 3403 Athenienses
1377 3340 1476 3420 quod
1499 3339 1720 3421 Prothagore
1743 3358 1800 3402 so·

463 3447 580 3527 phiste
603 3449 715 3510 libros
741 3449 886 3510 decreto
909 3449 1054 3528 publico
1079 3449 1325 3519 cremaverint,
1360 3450 1508 3509 auctore
1540 3448 1655 3510 lero
1669 3449 1799 3509 nimo

464 3559 646 3617 contra
670 3556 1018 3627 1uvinianum‘2,
1043 3556 1142 3635 apud
1164 3573 1254 3634 quos
1279 3557 1346 3617 tuit
1368 3558 1488 3617 tantus
1507 3555 1603 3617 zelus
1628 3556 1725 3617 circa
1744 3574 1799 3616 re·

463 3664 628 3742 ligionem
652 3663 709 3724 vel
732 3666 867 3723 sectam
893 3663 1041 3724 deorum
1064 3681 1219 3734 suorum,
1245 3666 1284 3724 ut
1307 3663 1557 3743 Anaxagoram
1581 3680 1705 3724 corum
1727 3662 1799 3742 glo·

463 3771 563 3841 riam,
589 3770 742 3831 mirante
765 3773 884 3831 tamen
906 3770 945 3830 id
968 3770 1165 3850 Augustino
1178 3768 1198 3840 ³,
1237 3772 1415 3850 negarent,
1449 3770 1533 3847 quia
1557 3770 1668 3831 solem
1692 3787 1798 3847 quem

465 3877 631 3938 colebant
665 3895 737 3938 non
759 3878 875 3963 deum,
911 3878 977 3938 sed
1000 3877 1159 3956 lapidem
1180 3878 1367 3939 asserebat
1391 3880 1427 3938 et
1451 3876 1607 3937 docebat
1643 3876 1797 3955 publice,

464 3984 552 4063 quid
575 3984 709 4045 debent
732 3981 911 4063 Xpistiani
935 3985 981 4045 de
1002 3983 1294 4063 philosophorum
1319 3995 1424 4063 agere
1447 3982 1549 4044 lIbris
1573 3983 1631 4043 vel
1655 3983 1796 4053 sentire,

464 4092 526 4170 qui
549 4091 741 4152 multorum
765 4109 927 4151 errorum
950 4092 1092 4153 radices
1116 4089 1348 4170 plantarunt?
1366 4126 1406 4135 -
1424 4088 1545 4151 Rufini
1570 4090 1663 4151 enim
1686 4090 1799 4150 verba

463 4198 622 4259 fidelster
645 4198 822 4259 recitabo:
849 4196 966 4258 «Cum
989 4215 1056 4277 per
1079 4198 1208 4259 multos
1226 4197 1313 4269 dies,
1339 4197 1462 4275 inquit,
1487 4197 1523 4257 in
1548 4196 1800 4275 episcoporum

464 4306 616 4367 trecenti
651 4304 776 4366 decem
812 4307 847 4366 et
870 4308 951 4367 octo
977 4304 1215 4366 residencium
1247 4304 1396 4365 concilio
1422 4304 1561 4382 questio
1586 4306 1797 4373 verteretur,

463 4413 630 4492 opinione
664 4413 830 4474 commoti
864 4412 1067 4491 philosophi
1102 4430 1245 4490 quoque
1276 4413 1312 4472 et
1334 4411 1524 4492 dyalectici
1562 4410 1799 4488 opinatissimi

463 4522 715 4591 convenerunt,
755 4520 792 4579 in
826 4520 957 4598 quibus
991 4518 1100 4579 animi
1135 4519 1283 4597 quidam
1318 4519 1464 4597 insignis
1500 4535 1581 4579 cum
1620 4517 1798 4596 episcopis

467 4735 680 4743 ——-—-—-.

570 4888 590 4954 ¹)
610 4890 639 4944 S.
658 4892 766 4953 PAUL,
785 4892 805 4941 1
819 4892 862 4942 ud
881 4888 956 4952 Cor..
976 4889 997 4951 1,
1016 4890 1059 4942 27.

570 4976 591 5043 ²)
609 4980 693 5034 Nous
711 4979 840 5032 n'avons
859 4995 902 5045 pu
926 4981 1091 5032 retrouver
1122 4994 1156 5031 ce
1178 4985 1310 5045 passage
1329 4977 1406 5029 dans
1427 4978 1474 5028 les
1496 4976 1578 5028 deux
1600 4975 1696 5029 livres
1715 4976 1755 5027 de
1769 4973 1797 5026 S.

462 5070 593 5132 Je'rome,
619 5071 768 5121 adversus
791 5071 988 5120 [ortulanum
1020 5070 1082 5120 Par
1110 5069 1225 5130 contre,
1245 5068 1276 5119 le
1294 5068 1394 5119 meme
1413 5066 1487 5119 trait
1509 5067 1557 5118 est
1576 5066 1724 5133 rapporte'
1742 5078 1799 5131 par

463 5157 601 5220 Ciceron,
619 5160 666 5210 De
685 5158 757 5210 Nat.
775 5159 867 5210 Deor.
886 5158 908 5221 Ι,
927 5167 1014 5209 xxm.
1046 5157 1199 5209 Dominici
1218 5170 1253 5207 se
1272 5156 1407 5207 serait-il
1425 5153 1568 5221 trompe?

570 5245 590 5313 ³)
610 5248 639 5300 S.
658 5246 739 5301 AUG.
758 5248 805 5299 De
826 5247 909 5299 avit.
928 5248 994 5311 Det,
1012 5246 1119 5311 XVIII,
1139 5256 1199 5298 XLI.
1218 5246 1254 5299 ln
1275 5244 1364 5311 oper.
1383 5244 1520 5307 V11,6u1.
