4300 6117
457 930 554 983 cvm
1067 929 1191 982 INDEX

1687 1147 1795 1199 Piens

461 1247 616 1312 CAPUT
652 1249 778 1311 XXIII.
818 1282 849 1288 --
892 1244 1077 1330 [Sequitur
1105 1250 1284 1329 exposicio
1311 1248 1569 1310 declaracionIs

568 1349 809 1438 precedentis]
823 1401 1562 1418 ..................................
1619 1354 1795 1416 195—202

459 1514 616 1581 CAPUT
639 1514 767 1578 XXIV.
795 1552 834 1560 -
868 1515 1049 1577 Bonorum
1083 1516 1238 1576 omnium
1274 1516 1505 1578 existencium
1537 1517 1573 1576 et

573 1625 798 1706 possibilium
820 1624 917 1685 solus
941 1641 1055 1701 capax
1079 1622 1280 1684 intellectus
1303 1623 1444 1683 diuinus
1472 1640 1571 1684 secu·

567 1734 664 1794 lares
688 1731 862 1793 sciencias
886 1747 956 1791 non
979 1730 1089 1792 habet
1092 1773 1565 1791 ......................
1618 1726 1682 1789 203
1699 1725 1796 1788 -209

459 1889 618 1954 CAPUT
640 1889 754 1952 XXV.
766 1923 804 1931 -
824 1885 1008 1971 [Sequitur
1024 1890 1205 1969 exposicio
1218 1890 1478 1952 declaracionis
1493 1907 1572 1969 pre-

573 1999 736 2061 cedentis
761 2001 797 2059 et
819 1998 963 2059 videtur
979 1990 1002 2078 z]
1027 2028 1067 2037 -
1093 1998 1255 2076 primum,
1281 1997 1379 2075 quod
1412 1994 1573 2076 perlecta

567 2106 636 2168 Dei
662 2105 819 2166 imitacio
850 2105 896 2166 sit
925 2122 991 2183 per
1022 2104 1269 2177 dilectionem
1296 2140 1336 2149 -
1366 2104 1570 2174 secundum,

569 2213 668 2293 quod
688 2230 776 2273 vera
791 2211 936 2273 dilectio
951 2211 1065 2272 oritur
1081 2229 1124 2271 ex
1139 2211 1358 2289 cognIcione;
1373 2245 1414 2255 -
1424 2210 1574 2272 tercium

570 2320 667 2400 quod
692 2319 860 2380 ordinata
889 2318 1047 2398 cognicio
1081 2317 1245 2396 procedit
1279 2320 1327 2379 ab
1361 2318 1572 2379 obediencia

569 2431 604 2489 et
629 2426 897 2497 observacione,
923 2456 961 2466 —
988 2426 1184 2503 exquibus
1209 2425 1371 2503 seqnitur
1395 2428 1571 2503 quartum,

539 2570 542 2577 -
569 2534 730 2596 scilicet:
757 2534 856 2612 quod
879 2532 1033 2592 hnmana
1056 2532 1192 2610 pericia
1215 2532 1250 2592 in
1274 2532 1404 2593 divinis
1428 2530 1572 2593 Litteris

572 2641 822 2721 principaliter
838 2640 947 2701 debet
968 2637 1113 2700 fundari
1136 2682 1565 2699 ....................
1619 2634 1794 2699 210-215

461 2797 617 2864 CAPUT
640 2797 769 2862 XXVI.
793 2798 937 2877 —Ipsa
960 2798 1115 2869 dilectio,
1141 2816 1212 2877 qua
1236 2798 1312 2859 sola
1328 2796 1444 2858 Deum
1458 2798 1571 2878 possi·

572 2926 650 2969 mus
674 2906 817 2978 imitari,
842 2908 896 2967 est
920 2905 1136 2985 cognicionis
1160 2906 1403 2967 sacratissima
1426 2904 1565 2984 proles.
1618 2901 1797 2964 216—224

462 3065 619 3132 CAPUT
640 3065 785 3128 XXVII.
813 3098 849 3107 -
877 3064 1111 3126 Ethnicorum
1144 3066 1308 3127 doctrina
1341 3065 1575 3127 communiter

573 3175 774 3256 XpistianIs
798 3175 891 3235 estat
914 3173 1028 3233 sacris
1051 3170 1196 3251 Litteris
1220 3172 1414 3234 interdicta
1426 3216 1566 3234 .......
1619 3166 1796 3231 225-233

456 3333 617 3399 cAPUT
639 3332 802 3396 XXVIII.
830 3364 870 3374 —
895 3325 1079 3411 [Sequitur
1102 3331 1281 3411 exposicio
1314 3332 1573 3393 declaracionis

569 3433 811 3523 precedentis]
821 3484 1565 3501 ..................................
1618 3433 1796 3499 234-243

457 3608 617 3675 ‘CAPUT
639 3609 764 3672 XXIX.
791 3642 830 3653 -
856 3610 1097 3690 Intelligencie
1125 3609 1257 3690 Pagine
1292 3628 1394 3672 sacre
1427 3608 1576 3671 Littera·

569 3737 649 3779 rum
672 3717 965 3797 philosophorum
987 3735 1072 3779 usus
1096 3718 1245 3778 multum
1268 3718 1404 3778 resistit
1427 3762 1566 3779 .......
1619 3712 1797 3776 244—250

461 3873 618 3939 CAPUT
640 3876 749 3938 XXX.
775 3909 817 3917 —
840 3875 981 3939 Noticia
1004 3878 1236 3938 terminorum
1258 3896 1328 3938 non
1351 3878 1467 3939 minus
1496 3894 1574 3937 esse

568 3986 775 4046 necessaria
790 3985 825 4045 in
842 3985 1017 4064 principio
1034 3986 1123 4046 artis
1140 3984 1328 4046 cuiuslibet
1344 3984 1572 4063 acquirende,

574 4109 682 4170 quam
692 4090 787 4153 tides
799 4092 1058 4170 principiorum
1082 4093 1159 4153 sine
1175 4110 1248 4171 qua
1257 4110 1371 4171 neque
1388 4092 1575 4171 precipere

573 4198 708 4260 valebit
743 4199 945 4268 addiscens,
982 4200 1044 4277 qui
1078 4218 1144 4278 per
1177 4199 1363 4278 supposIta
1397 4198 1574 4277 principia

570 4306 783 4384 importetur
786 4350 1566 4368 ...................................
1620 4303 1682 4366 251
1696 4334 1721 4343 -
1731 4302 1798 4365 256

461 4460 618 4526 CAPUT
640 4464 767 4526 XXXI.
805 4502 845 4511 -
883 4464 1037 4545 Oportet
1071 4466 1240 4527 solertem
1275 4484 1353 4528 esse
1389 4468 1573 4535 scolarem,

573 4572 729 4651 usuique
752 4591 960 4634 assuescere
983 4573 1077 4634 illius
1107 4574 1278 4645 doctrine,
1312 4592 1419 4653 quam
1454 4574 1575 4654 invigi-

568 4679 620 4739 lat
644 4680 830 4758 possidere
848 4724 1567 4743 .................................
1620 4676 1798 4741 257-262

461 4834 618 4900 CAPUT
641 4838 784 4902 XXXII.
802 4872 843 4880 -
860 4838 989 4902 Utilius
1006 4844 1061 4903 est
1076 4839 1274 4921 Xpistianis
1299 4844 1435 4902 terram
1459 4858 1573 4909 arare,

569 4964 677 5025 qnam
706 4947 886 5025 gentilium
910 4948 1098 5009 intendere
1121 4948 1222 5010 libris
1231 4988 1567 5011 ................
1621 4944 1799 5007 263-266
1932 4926 1953 5062 ἐὴ

458 5102 618 5168 CAPUT
641 5104 802 5167 XXXIII.
827 5106 936 5168 -Id
973 5126 1052 5169 esse
1087 5108 1274 5187 eligibilius
1309 5108 1500 5187 unicnique
1520 5126 1575 5169 ra·
1696 5172 1699 5177 ,

568 5214 674 5274 cione
697 5213 820 5285 utenti,
845 5215 944 5292 quod
968 5218 1022 5275 est
1044 5215 1227 5277 honestius
1251 5260 1569 5277 ...............
1620 5210 1798 5275 267-277
