4300 6117
955 971 1114 1026 LUCIJLA
1135 968 1276 1025 NOCTIS

936 1661 1149 1770 [CAPUT
1179 1663 1289 1770 XL]

533 1999 712 2088 [I]nsuper
743 2007 1040 2070 ethnicorum
1073 2007 1313 2080 doctrina,
1348 2010 1388 2070 ut
1421 2008 1471 2070 ad
1504 2008 1600 2070 idem
1633 2008 1783 2088 gradiar

443 2113 631 2177 undecimo
653 2133 772 2195 passu,
798 2117 868 2177 est
891 2115 1102 2178 omnibus
1125 2113 1392 2196 Xpistianis
1417 2115 1552 2177 utilis
1576 2116 1634 2178 ad
1661 2115 1779 2177 salu-

444 2221 570 2282 brem
602 2219 743 2284 tidem
776 2222 1065 2284 servandam.
1109 2220 1264 2302 Igitur
1301 2240 1391 2284 non
1425 2222 1577 2283 solum
1614 2222 1781 2302 legere

444 2327 578 2398 licet,
603 2327 686 2390 sed
709 2328 903 2408 expedit
925 2328 1085 2391 valde.

399 2471 429 2534 1.
534 2467 802 2549 Consequencia
818 2469 1084 2533 dubitacionem
1100 2489 1171 2531 non
1185 2468 1283 2542 tacit,
1304 2472 1340 2532 et
1355 2470 1571 2532 antecedens
1589 2470 1784 2534 deducitur

446 2576 552 2638 clare.
588 2572 681 2639 Tota
703 2595 858 2656 namque
880 2575 967 2639 lidei
984 2577 1160 2639 catholice
1175 2594 1313 2638 summa
1328 2577 1522 2657 reperitur:
1539 2579 1655 2640 autin
1671 2596 1784 2640 causa

446 2681 613 2746 effectiva
636 2683 835 2765 principali,
859 2686 922 2747 aut
944 2684 1216 2755 instrumentali,
1241 2685 1303 2746 aut
1326 2684 1513 2755 materiali,
1538 2686 1601 2747 aut
1623 2683 1781 2757 tormali,

446 2792 508 2853 aut
538 2788 649 2852 tinali.
685 2789 807 2853 Prima
840 2793 894 2853 est
921 2790 1028 2863 Deus,
1063 2791 1297 2854 articulorum
1331 2791 1509 2872 spirator;
1544 2792 1702 2854 secunda
1727 2793 1786 2853 est

446 2897 560 2960 omnis
583 2897 769 2978 propheta,
794 2898 977 2979 apostolus
1002 2901 1037 2959 et
1062 2899 1291 2978 evangelista,
1308 2899 1438 2976 quibus
1461 2900 1601 2961 locutus
1625 2901 1680 2961 est
1703 2897 1782 2979 Spi-

446 3005 535 3066 ritus
560 3002 729 3078 Sanctus;
762 3005 876 3067 tercia
910 3006 993 3066 sunt
1028 3005 1097 3086 ipsi
1132 3005 1274 3068 articuli
1303 3004 1430 3068 traditi
1464 3006 1513 3068 ad
1540 3005 1783 3078 credendum

446 3113 576 3190 quarta
611 3113 665 3174 est
700 3109 864 3174 efficacia
900 3112 1163 3184 miraculorum,
1188 3112 1317 3190 quibus
1352 3129 1527 3192 persuasa
1557 3114 1612 3174 est
1634 3113 1779 3184 veritas,

447 3235 518 3297 que
552 3217 691 3299 concipi
725 3237 797 3279 non
831 3220 974 3299 poterat
1004 3219 1205 3281 intellectus
1235 3218 1347 3281 debili
1379 3219 1475 3294 nisu;
1509 3221 1546 3282 et
1580 3219 1706 3298 quinta
1729 3220 1787 3280 est

447 3324 602 3387 humana
624 3325 721 3387 salus
744 3325 992 3406 principaliter
1014 3325 1140 3388 virtuti
1162 3324 1251 3388 fidei
1273 3326 1458 3399 attributa,
1483 3344 1553 3404 que
1576 3326 1681 3388 unius
1704 3326 1782 3386 veri

447 3429 515 3494 Dei
538 3431 648 3494 cultui
669 3430 875 3504 famulatur,
899 3432 1055 3512 plurium
1079 3432 1341 3513 supersticione
1364 3433 1515 3495 calcata.

536 3537 591 3599 De
614 3538 728 3600 tribus
751 3539 876 3619 primis
900 3539 966 3600 sub
989 3539 1202 3620 compendio
1226 3539 1328 3601 brevi
1362 3556 1580 3620 percurram,
1605 3557 1686 3602 cum
1714 3539 1786 3600 sint

448 3645 654 3724 aliqualiter
676 3645 713 3707 in
735 3645 1012 3726 precedentibus
1037 3646 1290 3718 demonstrate,
1306 3647 1366 3708 vel
1379 3646 1464 3725 quia
1486 3646 1522 3707 in
1539 3647 1591 3708 eis
1608 3665 1679 3707 non
1704 3664 1786 3708 con·

451 3751 545 3813 sistit
566 3751 621 3813 vis
645 3752 799 3814 racionis
822 3750 971 3833 pretate.

404 3858 434 3922 2.
540 3856 689 3920 Constat
711 3858 826 3939 igitur,
851 3858 1105 3941 Apostolorum
1127 3859 1291 3940 principe
1305 3859 1407 3932 duee,
1423 3859 1521 3938 quod
1537 3859 1650 3921 omnis
1667 3857 1786 3940 Scrip-

450 3968 532 4027 tura
568 3965 689 4027 divina
724 3967 778 4028 est
801 3983 824 4028 a
846 3965 997 4029 Domino
1032 3967 1203 4041 revelata,
1229 3985 1309 4029 eum
1331 3984 1398 4047 per
1420 3965 1593 4047 Spiritum
1616 3964 1787 4028 Sanctum

450 4071 561 4134 locuti
576 4069 708 4134 tuerint
723 4071 883 4135 homines
898 4071 967 4134 Dei
984 4070 1005 4134 ¹.
1029 4072 1134 4136 Unde
1150 4076 1227 4137 tota
1241 4071 1467 4154 philosophia
1482 4073 1595 4136 estitit
1611 4073 1787 4153 inspirata

451 4196 474 4241 a
495 4177 582 4241 Deo.
618 4174 747 4241 Tradit
770 4197 924 4258 namque
946 4177 1182 4259 Magister
1205 4181 1251 4241 in
1275 4179 1462 4252 storiis,
1485 4179 1523 4241 id
1546 4178 1787 4243 estPetrus

451 4283 698 4348 Comestor
713 4285 735 4360 ²,
770 4286 869 4365 quod
905 4285 1002 4348 Deus
1043 4286 1166 4349 docuit
1201 4285 1318 4348 Adam
1352 4287 1544 4350 scienciam
1576 4287 1786 4356 naturalem,

558 4618 580 4685 ¹)
599 4619 628 4674 S.
647 4619 757 4684 Pron,
775 4619 803 4672 11
821 4621 864 4672 ad
886 4617 966 4684 Tim,
984 4629 1025 4684 m,
1045 4618 1088 4672 16.

560 4706 580 4774 ²)
599 4709 716 4761 PmRRE
736 4707 916 4772 Comnsron,
935 4709 1112 4762 snrnomme
1131 4707 1158 4761 ie
1172 4709 1332 4776 Mangeur,
1349 4707 1369 4760 ὲ
1383 4723 1476 4762 cause
1487 4709 1528 4763 de
1540 4723 1576 4761 sa
1592 4707 1789 4776 prodigieuse

451 4798 576 4852 activite
594 4798 635 4853 de
652 4798 771 4851 lecture
796 4794 826 4866 [†
844 4798 941 4861 Paris,
961 4793 1042 4864 1179]
1067 4797 1151 4850 arati
1176 4797 1323 4864 compost
1345 4797 1537 4852 l’Historiam
1556 4797 1786 4860 Scholastieum,

451 4888 575 4942 resume
600 4888 657 4941 des
683 4887 780 4941 livres
804 4887 990 4955 historiques
1021 4886 1062 4941 de
1079 4886 1219 4940 l'Ancien
1243 4886 1275 4939 et
1293 4887 1336 4940 dn
1353 4886 1504 4941 Nouveau
1519 4884 1709 4940 Testament.
1747 4885 1790 4939 Ce

451 4977 499 5032 tut
522 4979 553 5030 le
577 4977 701 5031 manuel
720 4975 879 5030 d'histoire
897 4977 938 5029 de
955 4977 1022 5030 tout
1044 4977 1075 5028 le
1093 4976 1209 5046 Moyen
1226 4976 1299 5044 Age.
1330 4974 1791 5038 ci.1·*mn1c1us,e.m.ae.1,

452 5083 481 5135 p.
500 5067 562 5131 373,
581 5065 732 5119 Dominici
749 5065 780 5118 le
797 5065 961 5133 disignera
980 5064 1174 5133 quelqueiois
1193 5079 1266 5118 sons
1284 5065 1316 5118 le
1333 5079 1407 5118 nom
1426 5066 1467 5119 de
1485 5066 1693 5117 Historiarum
1705 5065 1792 5117 sciro-

453 5157 631 5209 iasticarum
650 5157 807 5224 Magister.
845 5154 889 5208 CI.
908 5157 1024 5208 Hister.
1044 5154 1194 5208 Scholast-
1231 5154 1267 5206 In
1285 5155 1335 5207 tib.
1356 5153 1474 5218 Genea,
1496 5153 1608 5223 Migne,
1634 5152 1781 5206 CXCVIII

454 5243 628 5310 10⁶³,1090,
648 5243 726 5309 1092,
745 5243 875 5297 Passim.
