4300 6117
841 947 1029 1001 IOHANNIS
1051 946 1233 1001 DOMINICI
1638 934 1706 998 319
1779 940 1786 953 ”

373 1169 619 1233 Ecclesiasten
629 1170 803 1233 'Salomon
818 1172 954 1250 plurIes
970 1173 1202 1251 protestatur.
1217 1202 1258 1211 —
1271 1170 1330 1232 Ad
1342 1170 1439 1232 idem
1454 1190 1520 1250 per
1535 1170 1705 1253 Ysayam,

372 1280 515 1341 amator
537 1281 659 1341 nostre
683 1279 819 1349 salntIs,
842 1277 950 1351 Deus,
976 1279 1117 1341 intonat
1139 1270 1263 1340 direns
1286 1278 1336 1339 ad
1359 1276 1576 1341 confusionis
1605 1278 1706 1339 babi-

372 1385 490 1447 lonice
511 1386 608 1448 viros
633 1389 668 1449 et
691 1387 760 1447 ait:
802 1384 1022 1465 ‹Sapiencia
1043 1388 1107 1447 tna
1129 1386 1165 1447 et
1188 1386 1345 1447 sciencia
1366 1387 1439 1457 tua,
1472 1385 1539 1447 hec
1552 1385 1707 1465 -decepit

375 1496 420 1554 te.
445 1490 492 1554 Et
516 1493 637 1554 dixisti
660 1493 697 1553 in
721 1493 830 1554 corde
853 1496 932 1554 tuo:
959 1491 1034 1573 Ego
1058 1510 1136 1553 sum
1160 1495 1196 1553 et
1219 1493 1342 1571 preter
1363 1510 1421 1553 me
1444 1495 1586 1554 nonest
1604 1492 1705 1553 alter.

375 1596 507 1661 Veniet
530 1601 698 1679 superte
721 1600 854 1661 malum
877 1602 913 1661 et
935 1600 1073 1662 nescies
1087 1603 1102 1633 ⁸
1125 1602 1244 1661 ortum
1267 1599 1359 1672 eius;
1400 1600 1436 1661 et
1458 1599 1571 1660 Irruet
1599 1618 1708 1679 super

373 1708 411 1768 te
436 1707 632 1778 calamitas,
659 1724 766 1785 qnam
789 1725 861 1768 non
885 1706 1021 1785 poteris
1046 1706 1209 1785 expiare;
1234 1706 1353 1769 veniet
1376 1724 1485 1785 super
1507 1707 1544 1767 te
1559 1710 1708 1785 repente

375 1814 519 1875 miseria
543 1831 651 1892 quam
675 1815 822 1877 nescies.
849 1812 912 1875 Sta
937 1832 1018 1875 cum
1041 1814 1327 1875 incantatoribus
1349 1814 1420 1875 tuis
1444 1815 1576 1875 etcum
1592 1813 1708 1875 multi·

375 1920 499 1983 tudine
522 1919 782 1983 maleficiorum
806 1924 957 1993 tuorum,
983 1922 1020 1982 ln
1042 1922 1173 1999 quibus
1196 1921 1372 1982 laborasti
1394 1921 1442 1982 ab
1458 1920 1708 1983 adolescencia

376 2030 446 2097 tua,
472 2028 503 2089 si
517 2028 620 2090 -forte
644 2028 731 2107 quid
754 2029 869 2107 prosit
893 2028 968 2099 tibi,
993 2030 1056 2089 aut
1080 2028 1111 2089 si
1134 2028 1251 2106 possis
1276 2028 1356 2088 fieri
1376 2024 1518 2098 forcior,
1544 2026 1709 2089 defecisti

374 2134 412 2195 in
434 2134 662 2196 multitudine
698 2135 926 2198 consiliorum
949 2139 1101 2205 tuorum,
1138 2137 1234 2197 stent
1267 2138 1303 2196 et
1325 2135 1466 2196 salvent
1497 2137 1533 2196 te
1556 2147 1707 2216 augures

376 2241 452 2313 celi,
479 2242 564 2321 quia
588 2243 923 2322 contemplabantur
946 2242 1076 2313 sidera,
1102 2244 1139 2303 et
1163 2242 1409 2322 supputabant
1430 2259 1580 2312 menses,
1604 2243 1644 2303 ut
1665 2260 1709 2303 ex

376 2350 427 2410 eis
451 2349 713 2411 adnunciarent
735 2346 856 2411 futura
881 2350 955 2411 tibi.
988 2348 1085 2411 Ecce
1108 2349 1195 2411 facti
1220 2351 1302 2411 sunt
1326 2349 1430 2428 quasi
1452 2349 1594 2429 stipula,
1619 2349 1708 2428 ignis

375 2457 574 2517 combussit
596 2474 657 2517 eos
674 2478 687 2511 »
702 2455 723 2517 ¹.

484 2560 628 2624 UtInam
652 2562 719 2625 hec
742 2566 915 2625 renovata
939 2582 1010 2625 non
1034 2560 1153 2626 forent
1175 2564 1211 2625 in
1235 2564 1347 2626 oculis
1370 2564 1522 2625 nostr-Is!
1563 2561 1707 2636 Cedam,
1725 2556 1775 2618 ll·

375 2689 420 2732 ne
445 2670 737 2733 contencionibus
754 2670 882 2731 videar
903 2671 1084 2742 insudare,
1109 2671 1244 2733 dicenti
1268 2671 1498 2751 astrologiam
1521 2672 1637 2733 brutis
1658 2672 1709 2732 in·

375 2780 520 2847 sertam,
551 2778 700 2839 medicis
724 2779 759 2840 et
782 2779 901 2839 nautis
926 2779 1080 2840 existere
1104 2782 1336 2858 oportunam
1372 2795 1444 2856 quo
1467 2796 1535 2856 pro
1558 2776 1711 2840 fruenda

376 2902 467 2963 pace
491 2902 670 2954 concesso,
709 2886 934 2964 abechpiam
957 2886 1190 2965 multiplicem
1213 2885 1418 2957 vanitatem,
1451 2902 1522 2963 que
1545 2885 1597 2945 illi
1618 2885 1710 2946 veri·

378 2992 446 3052 tati
469 2992 648 3063 mIscetur,
674 2993 710 3054 et
733 2991 782 3053 ad
806 2991 1055 3055 infidelitatem
1079 2992 1237 3063 deducit,
1272 2993 1357 3054 oIIm
1379 2993 1508 3055 merito
1530 3010 1554 3054 a
1576 2992 1710 3054 sanctis

378 3099 542 3177 patribus
560 3102 599 3160 ut
614 3098 750 3161 heresis
765 3099 1039 3179 condempnata,
1057 3100 1197 3161 sleutin
1213 3100 1390 3179 antiquo
1406 3099 1578 3161 decreto
1595 3099 1711 3161 extitit

376 3205 571 3267 salubriter
594 3204 787 3268 diffinitum
798 3206 819 3267 '·'.
845 3205 994 3268 Omnem
1016 3206 1116 3268 illam
1131 3207 1304 3286 periciam
1320 3206 1494 3286 religiosis
1508 3209 1543 3267 et
1559 3206 1708 3275 clericis,

376 3312 548 3374 militibus
573 3315 610 3373 et
632 3314 744 3394 laycis
769 3314 897 3376 ceteris
922 3313 1118 3393 denegabo,
1155 3304 1169 3396 {l
1202 3314 1271 3374 nisi
1294 3312 1458 3375 fortassis
1486 3314 1597 3392 aliqui
1621 3313 1709 3376 fide·

376 3418 510 3491 IIssimi,
547 3423 629 3499 post
652 3423 859 3482 sanctarum
884 3421 1042 3484 studium
1063 3422 1277 3492 lifterarum,
1311 3424 1393 3499 post
1415 3419 1535 3486 fidem,
1550 3420 1709 3482 habitam

377 3525 635 3599 inconcussam,
660 3530 742 3605 post
766 3528 965 3589 animarum
990 3529 1105 3589 zelum
1128 3530 1351 3608 conceptum,
1381 3527 1430 3590 ad
1453 3527 1551 3588 illam
1573 3529 1709 3589 transe-

377 3634 441 3694 unt
467 3636 506 3694 ut
530 3633 698 3714 hospites,
724 3634 912 3696 liberaturi
937 3653 997 3697 eos
1020 3635 1228 3714 prudenter,
1266 3636 1327 3714 qui
1349 3635 1397 3696 ab
1420 3634 1483 3695 illa
1505 3634 1710 3697 detinentur

376 3740 521 3819 captivi
538 3739 681 3801 -Audi
705 3759 777 3802 uon
799 3760 865 3811 me,
890 3741 955 3803 sed
979 3739 1333 3811 Cassiodorum,
1357 3742 1534 3821 psalmum
1555 3750 1635 3801 Lxx
1652 3759 1709 3802 ex·

377 3850 585 3925 ponentem:
619 3847 887 3928 «Astrologiam
909 3848 1120 3928 sacrilegam
1145 3839 1193 3930 ffb
1216 3867 1354 3910 summa
1376 3849 1577 3910 intencione
1599 3848 1709 3927 fugia-

377 3972 464 4023 mus,
503 3972 612 4033 quam
650 3956 764 4016 eciam
799 3955 970 4017 nobilium
998 3954 1292 4035 philosophorum
1326 3956 1459 4018 iudicia
1494 3957 1709 4035 dampnave-

378 4064 486 4122 runt»
499 4060 520 4121 ³.
539 4094 579 4101 —
601 4060 649 4123 Et
665 4065 824 4123 tractans
840 4062 945 4123 illud:
972 4060 1109 4142 Populo
1132 4064 1436 4142 appropinquanti
1452 4061 1556 4136 sibi⁴,
1582 4063 1711 4124 ilerum

378 4166 482 4229 dIcIt:
524 4166 622 4230 «Ubi
646 4187 685 4230 se
708 4170 745 4229 in
777 4169 968 4249 astrologie
1002 4173 1143 4248 partem
1177 4170 1296 4231 labilis
1330 4188 1430 4231 error
1462 4168 1642 4241 infuderit,
1676 4172 1712 4230 et

280 4306 285 4319 ·
377 4274 470 4335 vitas
504 4275 709 4337 mortalium
742 4294 786 4337 ex
809 4293 916 4337 cursu
939 4276 1125 4337 stellarum
1157 4278 1340 4356 putaverit
1364 4276 1591 4357 colligendas,
1627 4279 1712 4337 tunc

380 4472 502 4479 u—---

484 4604 517 4664 a)
537 4628 570 4637 —
590 4604 690 4655 ortum
710 4602 775 4655 eins
791 4639 1015 4655 ...........
1036 4604 1164 4657 miseria
1189 4618 1282 4671 quam
1307 4604 1435 4658 nescies.
1472 4605 1504 4667 b)
1522 4604 1713 4669 Remarquer

378 4689 508 4743 l'erreur
527 4690 566 4742 de
585 4692 764 4759 pagiuation
782 4691 861 4756 7613,
879 4692 915 4745 ’18
926 4691 960 4745 A.

486 4848 508 4914 ¹)
526 4850 609 4913 1si1,
626 4851 742 4915 xuvn,
763 4852 853 4905 10-14.

486 4936 506 5003 ²)
526 4939 571 4992 Cf.
591 4940 743 4993 GRATIAN.
770 4943 890 4995 Deerat.
920 4942 992 5009 Cap.
1018 4943 1144 5011 legimus
1168 4943 1232 5008 VII,
1258 4943 1336 4997 Dist.
1355 4943 1503 5007 XXXVII,
1528 4943 1559 4997 et
1585 4943 1616 4997 C.
1634 4944 1716 4997 Illud

380 5030 471 5092 quod,
489 5028 539 5081 v1.
558 5028 592 5102 Q.
609 5030 644 5091 11,
664 5029 763 5083 Causa
781 5030 886 5083 XXVI.
1270 5031 1274 5037 ’

487 5114 508 5182 ⁸)
528 5118 672 5171 Casslon.
693 5120 729 5172 In
747 5120 861 5201 Psalm.
880 5120 968 5172 LXX
987 5120 1091 5189 Migne
1109 5121 1199 5185 LXX,
1218 5122 1275 5175 col.
1297 5123 1358 5175 505.

486 5204 508 5271 4)
527 5207 572 5261 Cf.
591 5209 706 5261 Psalm.
729 5209 883 5273 CXLVIII,
903 5210 945 5262 14.
