4300 6117
860 979 1048 1034 IOHANNIS
1070 979 1252 1034 DOMINICI
1656 970 1721 1034 431

384 1201 585 1289 Quiritium,
631 1204 797 1284 legiones,
831 1205 1036 1283 auxiliaque
1070 1205 1235 1276 hostium,
1268 1222 1407 1267 mecum
1441 1203 1518 1266 Diis
1554 1203 1723 1266 Manibus

385 1305 591 1390 Tellurique
615 1309 776 1373 devoveo
792 1311 835 1373 »¹.
861 1342 901 1352 -
926 1308 1000 1373 Sed
1023 1310 1143 1373 adhuc
1166 1311 1262 1383 dato,
1288 1312 1386 1390 quod
1408 1311 1513 1373 nullis
1529 1311 1723 1374 honoribus
1740 1308 1793 1372 12.

383 1418 585 1490 veneretur,
611 1416 737 1481 tallere
759 1421 880 1481 tamen
903 1438 975 1481 non
999 1421 1127 1490 cessat,
1153 1422 1189 1480 et
1205 1418 1266 1480 ubi
1283 1419 1403 1497 potest
1417 1417 1591 1480 deludere
1611 1418 1725 1480 eciam

385 1527 505 1586 certus
530 1524 576 1586 de
599 1525 835 1605 vilipensione
856 1527 977 1588 futura
994 1517 1020 1610 ΙΙ,
1045 1544 1090 1588 eo
1114 1543 1154 1587 se
1177 1543 1263 1605 sepe
1299 1527 1471 1587 transfert
1502 1525 1538 1587 in
1561 1525 1724 1606 angelum
1798 1520 1941 1583 L12¹ilo

384 1629 475 1693 lucis
499 1634 536 1692 et
557 1649 657 1694 more
680 1649 874 1711 puerorum
897 1631 1099 1694 Larvarum
1122 1651 1161 1694 se
1184 1630 1295 1712 tingit,
1314 1633 1412 1711 quod
1428 1632 1612 1694 desiderat
1636 1632 1725 1694 exis·

385 1737 505 1799 timari
518 1737 540 1799 ².
586 1737 681 1801 Hinc
702 1740 807 1802 bonis
829 1741 916 1801 viris
940 1740 1118 1802 nonnullis
1154 1739 1376 1819 sapientibus
1408 1739 1634 1828 quibusdam,
1659 1739 1725 1800 sed

386 1844 583 1907 studiosius
614 1845 860 1926 libenciusque
901 1845 1042 1910 feminis
1079 1849 1116 1909 et
1150 1846 1271 1925 pueris
1306 1846 1531 1925 maximeque
1564 1846 1725 1908 venustis

386 1955 559 2031 apparet:
585 1954 679 2031 quia,
704 1955 797 2015 teste
820 1952 980 2026 Platone,
1005 1957 1154 2015 auctore
1177 1952 1412 2033 Apulegio,
1436 1951 1501 2014 De
1523 1951 1723 2033 Magia⁸‚

386 2060 448 2120 ubi
471 2061 572 2120 novit
594 2059 768 2122 deitatem
794 2061 933 2140 aliquid
967 2060 1160 2141 specialius
1183 2062 1380 2140 operatam,
1405 2060 1456 2121 ibi
1489 2058 1568 2122 tore
1599 2055 1734 2140 pocius

387 2165 598 2228 delectatur.
645 2165 844 2230 Consulunt
866 2168 961 2230 enim
994 2167 1067 2230 duo
1098 2167 1294 2247 scriptores
1329 2165 1461 2247 prelati
1495 2167 1635 2229 divinos
1673 2167 1726 2229 uti

386 2273 531 2344 debere,
555 2291 622 2353 pro
645 2275 828 2354 responsis
858 2275 1045 2347 habendis,
1069 2275 1232 2355 parvulis
1266 2275 1436 2346 maribus,
1462 2292 1552 2353 quos
1586 2274 1725 2354 species

387 2381 549 2460 corporis
585 2381 698 2463 magis
733 2382 892 2444 decorat.
939 2380 1111 2444 Pretereo
1146 2380 1337 2443 Dominum
1373 2379 1514 2443 Ibesum
1548 2379 1724 2462 Xpistum,

386 2504 494 2565 quem
516 2504 603 2567 sepe
631 2488 727 2549 mille
762 2488 879 2550 modis
914 2491 1138 2569 temptavere
1173 2489 1353 2560 demones,
1386 2485 1591 2560 Martinum,
1615 2487 1726 2550 Anto·

386 2593 484 2655 nium
506 2596 543 2656 et
574 2593 809 2666 Dominicum
841 2614 993 2674 quorum
1021 2599 1108 2658 nota
1142 2598 1242 2676 gesta
1275 2613 1429 2675 persepe
1455 2599 1658 2669 narrantur,
1691 2597 1726 2658 et

387 2718 458 2779 que
480 2702 574 2774 novi,
598 2701 675 2764 Deo
691 2704 792 2774 teste,
819 2721 927 2782 quam
942 2703 1089 2765 brevius
1104 2705 1233 2783 potero
1249 2702 1415 2764 scribam.
1440 2700 1627 2764 Pistorie
1651 2703 1725 2781 qui·

386 2807 471 2870 dam
506 2827 605 2889 puer,
646 2811 714 2871 sub
748 2811 890 2871 nomine
922 2808 1049 2882 Marte,
1085 2807 1278 2890 Egipciace
1302 2809 1497 2881 cuiusdam,
1521 2810 1727 2871 benivolum

387 2915 566 2994 spiritum,
602 2933 705 2988 voce,
739 2917 832 2988 visu,
880 2918 1051 3000 tactuque
1090 2917 1273 2979 senciebat
1308 2935 1379 2978 non
1406 2934 1490 2977 raro
1524 2917 1727 2978 medentem

387 3021 628 3102 languoribus,
653 3022 853 3087 defuturis
887 3042 975 3085 vera
1012 3023 1168 3103 quedam
1198 3024 1416 3102 quandoque
1451 3023 1665 3102 loquentem,
1691 3025 1727 3086 et

388 3128 604 3191 infantiliter
625 3149 748 3192 secum
770 3132 951 3193 interdum
974 3131 1173 3204 iocantem
1199 3149 1221 3193 a
1244 3149 1325 3210 quo,
1350 3149 1478 3192 aurum
1505 3131 1728 3210 postulatum

388 3238 576 3317 genetricis
611 3241 785 3318 suggesta,
815 3239 904 3308 visu,
929 3257 1000 3299 non
1035 3239 1142 3310 facto,
1166 3238 1312 3318 recepit,
1337 3255 1497 3316 arcuque
1529 3255 1636 3316 quem
1666 3237 1727 3300 ille

387 3344 590 3406 contulerat
614 3347 734 3406 amato
757 3345 875 3407 sodali
897 3346 1046 3407 odorem
1074 3344 1218 3407 fortiter
1251 3348 1347 3406 terso
1382 3347 1551 3406 manante
1565 3347 1588 3415 ¹,
1613 3344 1728 3406 eciam

388 3450 529 3530 aliquos
551 3452 831 3514 domesticorum
852 3453 1042 3533 languores
1066 3453 1225 3532 pellebat
1240 3445 1266 3512 ¹³.
1301 3450 1464 3514 Recessit
1487 3451 1626 3513 hostilis
1648 3463 1727 3531 gra·

389 3558 454 3629 cia,
478 3558 540 3621 ubi
563 3577 654 3638 puer
677 3560 794 3622 carnis
818 3560 1013 3639 puritatem
1035 3560 1165 3621 amisit.
1189 3557 1312 3620 Donec
1337 3559 1431 3620 euim
1453 3558 1559 3620 homo
1583 3577 1605 3619 a
1633 3575 1727 3621 com·

387 3665 633 3728 municacione
664 3667 810 3745 spiritns
845 3667 1030 3738 naturalis,
1055 3649 1230 3745 quisine
1265 3665 1339 3728 labi
1372 3665 1626 3728 communicari
1656 3683 1727 3727 nou

388 3775 518 3852 potest,
558 3772 666 3834 tuerit
700 3772 847 3844 alienus,
887 3773 994 3835 iacile
1031 3773 1306 3835 contubernium
1352 3773 1540 3834 familiaris
1578 3772 1726 3852 spiritus

389 3879 496 3958 capit,
521 3898 629 3959 quam
652 3897 733 3942 cum
759 3881 1022 3942 communicato
1046 3880 1212 3960 spiritum
1236 3880 1380 3959 perdit:
1406 3897 1491 3941 ecce
1514 3897 1626 3958 quare
1650 3879 1727 3958 pul·

389 3987 475 4049 cher
490 3989 526 4048 et
541 3987 640 4068 virgo
657 4005 905 4067 responsurus,
924 3988 1088 4066 queritur
1103 4005 1126 4047 a
1141 3987 1245 4048 divis.
1261 4017 1300 4026 —
1311 3984 1479 4048 Veneciis
1495 3988 1625 4056 autem,
1642 4003 1726 4064 que·
1742 3989 1794 4054 13.

389 4094 473 4155 dam
510 4095 729 4174 genitoribus
768 4096 897 4156 orbata
932 4093 1054 4173 puella
1091 4111 1266 4156 annorum
1296 4102 1386 4165 xlm,
1425 4092 1540 4154 minus
1569 4093 1727 4154 formosa

388 4218 496 4279 quam
518 4202 656 4280 species
685 4201 877 4263 mediocris
908 4201 1085 4272 admittat,
1119 4219 1140 4261 a
1174 4200 1303 4279 spiritu
1337 4199 1505 4261 familiari
1541 4198 1726 4278 concupis·

389 4310 510 4370 cencie
533 4309 660 4380 carnis,
686 4309 782 4370 nullo
808 4301 822 4390 l}
837 4309 936 4386 signo
952 4310 1161 4377 monstrato,
1188 4307 1304 4368 extitit
1317 4306 1530 4368 mirabiliter
1545 4304 1725 4367 adamata.
1795 4310 1939 4374 Β108νο

388 4413 457 4476 Hic
482 4434 520 4476 se
543 4416 594 4476 illi
609 4416 768 4477 solitarie
785 4415 896 4477 cubiti
912 4414 1112 4493 quantitate
1136 4413 1452 4482 adolescentulum,
1477 4413 1651 4492 preciosis
1675 4413 1726 4472 in·

388 4522 514 4584 dutum
539 4523 658 4602 sepius
681 4522 852 4592 vestibus,
870 4522 1041 4583 vanitatis
1056 4521 1262 4583 benivolum
1278 4519 1456 4582 offerebat
1473 4520 1532 4581 die
1546 4523 1726 4598 noctuque

495 4902 527 4962 a)
546 4916 582 4945 Ξ
599 4901 753 4952 manente.
790 4900 822 4961 b)
841 4915 877 4945 =
895 4900 1045 4966 pollebat.

499 5067 521 5136 ¹)
541 5065 575 5120 T.
595 5069 662 5120 le.
681 5069 761 5121 ΗΜ.
780 5067 858 5130 v111,
877 5078 919 5120 ΙΧ.

498 5155 519 5221 ⁷)
538 5158 583 5211 Ct.
604 5157 634 5210 S.
652 5159 731 5210 AUR.
750 5158 831 5211 AUG.
851 5159 896 5211 De
918 5155 1001 5209 civit.
1019 5159 1087 5220 Det,
1105 5156 1155 5218 Ill,
1174 5166 1216 5208 xl.
1236 5155 1272 5209 ln
1287 5154 1459 5222 Oper.V11,
1479 5154 1540 5207 2⁶5.

485 5244 518 5312 Ψ)
537 5249 634 5300 APUL.
653 5245 744 5313 Apol.
761 5248 809 5298 De
828 5247 945 5314 Magia.
963 5245 1021 5298 Ed.
1039 5246 1129 5314 Lyon
1149 5245 1227 5308 182³,
1246 5261 1276 5311 p.
1294 5244 1356 5297 497.
