4300 6117
505 887 571 948 240
1009 899 1169 954 LUCULA
1191 898 1331 954 NOCTIS

505 1119 631 1181 dentes
654 1121 805 1183 iudaicis
829 1121 960 1184 fabulis
996 1126 1032 1185 et
1061 1125 1241 1187 mandatis
1264 1125 1454 1197 hominum,
1484 1127 1730 1189 avertencium
1753 1144 1792 1189 se
1814 1146 1835 1188 a

504 1228 674 1289 veritate:
698 1230 817 1290 omnia
840 1231 973 1291 munda
996 1231 1138 1293 mundis
1153 1252 1168 1287 »
1182 1228 1203 1293 1.
1221 1262 1263 1273 —
1280 1231 1363 1305 Sed,
1388 1251 1432 1294 ne
1448 1234 1577 1296 credas
1592 1234 1752 1313 prescise
1767 1232 1835 1296 He·

504 1334 673 1396 breorum
696 1336 837 1398 fabulas
871 1337 1083 1399 interdictas
1118 1340 1181 1400 aut
1203 1340 1345 1401 mundis
1368 1338 1566 1420 Xpistianis
1601 1342 1721 1403 omnia
1756 1360 1835 1403 con·

505 1460 608 1504 cessa
631 1444 668 1504 et
690 1443 726 1503 in
751 1444 801 1504 eis
826 1442 923 1505 effici
945 1444 1089 1518 munda,
1126 1446 1247 1507 statim
1278 1448 1354 1508 sine
1377 1447 1496 1509 medio
1520 1448 1659 1510 subdit:
1702 1446 1833 1509 ‹Cuiu-

388 1551 421 1582 '0
506 1550 662 1628 quinatis
686 1554 805 1611 autem
829 1553 865 1612 et
888 1549 1094 1615 infidelibus
1118 1552 1227 1614 nichil
1243 1542 1257 1634 14
1277 1556 1332 1615 est
1354 1555 1535 1627 mundum,
1560 1554 1626 1616 sed
1649 1554 1831 1634 inquinate

505 1657 603 1718 sunt⁸
625 1675 748 1719 eorum
772 1660 807 1719 et
831 1676 930 1719 mens
954 1661 990 1721 et
1014 1660 1247 1721 consciencia.
1273 1658 1498 1723 Confitentur
1519 1679 1559 1723 se
1581 1680 1687 1724 nosse
1709 1660 1831 1731 Deum,

506 1762 612 1826 factis
649 1767 769 1826 autem
804 1768 942 1846 negant,
980 1784 1060 1827 cum
1091 1768 1162 1829 sint
1196 1766 1416 1829 abhominati
1451 1770 1488 1829 et
1524 1768 1764 1840 incredibiles,
1800 1771 1833 1829 et

384 1872 417 1903 '⁰
506 1873 556 1933 ad
578 1890 682 1934 omne
705 1891 795 1951 opus
817 1873 951 1934 bonum
975 1863 989 1955 Η
1015 1874 1171 1953 reprobi.
1211 1870 1266 1935 Tu
1294 1877 1415 1936 autem
1438 1874 1585 1954 loquere
1613 1892 1683 1954 que
1707 1874 1834 1936 decent

505 1997 630 2041 sanam
654 1980 855 2041 doctrinam
871 2000 885 2033 s
899 1978 920 2041 ².

437 2078 488 2139 12·
614 2084 709 2148 Ecce
733 2086 830 2166 quod
853 2106 924 2148 non
948 2090 1031 2149 sunt
1054 2086 1158 2149 nobis
1181 2086 1360 2167 prohibite
1385 2106 1511 2150 carues
1534 2088 1647 2160 suille,
1671 2089 1740 2150 sed
1754 2106 1833 2168 por·

504 2212 626 2255 corum
651 2195 823 2265 doctrine,
848 2212 937 2274 quos
961 2194 1046 2256 olim
1069 2196 1244 2273 pascebat
1258 2194 1430 2275 prodigus
1446 2195 1515 2267 ille,
1540 2196 1602 2274 qui
1618 2195 1765 2257 tandem
1781 2196 1832 2257 est

502 2319 668 2363 reversus
693 2301 741 2363 ad
763 2300 930 2381 XpIstum
963 2303 1000 2363 et
1034 2304 1109 2363 tam
1135 2302 1194 2381 pie
1218 2304 1395 2382 receptus,
1431 2303 1489 2365 cui
1523 2304 1700 2382 tripudiat
1735 2308 1832 2364 cetus

502 2410 706 2470 sanctorum
730 2410 945 2489 scriptorum
969 2427 1012 2470 ac
1036 2409 1195 2489 ingratus
1216 2410 1353 2470 labitur
1377 2410 1516 2482 iterum,
1540 2412 1580 2471 ut
1605 2412 1748 2489 repetat
1763 2410 1832 2471 sili·

501 2532 601 2593 quas,
626 2516 755 2595 quibus
779 2516 919 2596 rugiens
944 2515 1149 2578 stomachus
1165 2516 1321 2577 saturari
1344 2535 1417 2578 non
1443 2519 1572 2596 potest.
1598 2515 1758 2578 Heccine
1782 2516 1832 2577 sic

500 2624 628 2685 sanata
651 2623 801 2684 vulnera
824 2624 945 2702 prisca
967 2624 1093 2684 insane
1116 2622 1260 2684 letalem
1283 2623 1436 2703 gliscunt
1470 2624 1672 2685 reinvenire
1695 2641 1831 2685 mucro·

501 2730 598 2790 nem!
631 2728 734 2803 Hinc,
759 2730 851 2802 hinc,
876 2749 897 2792 o
919 2728 1108 2809 Xpistiane
1121 2722 1146 2801 ¹²,
1173 2732 1207 2791 te
1230 2728 1379 2810 Xpistus
1403 2731 1603 2792 sanandum
1626 2731 1773 2809 recepIt,
1797 2732 1833 2791 et

500 2836 577 2897 istis
601 2837 751 2899 vinculis
787 2841 945 2899 erectum
967 2837 1121 2899 liberum
1144 2838 1246 2899 abire
1268 2838 1440 2916 permisit,
1481 2837 1685 2919 quinymmo
1720 2837 1829 2907 iussit,

501 2945 537 3004 et
560 2945 599 3005 tn
622 2944 760 3017 iterum,
795 2944 887 3006 sicut
924 2944 1022 3006 canis
1057 2943 1106 3005 ad
1130 2944 1301 3005 vomitum
1336 2943 1490 3017 rediens,
1525 2944 1630 3006 vadis
1653 2944 1761 3005 illuc.
1781 2989 1787 3004 .
1806 2944 1830 3003 .!

500 3047 579 3112 Non
603 3051 755 3130 quiescit
769 3050 963 3130 Apostolus
979 3052 1075 3112 idem
1090 3051 1156 3113 hec
1179 3050 1352 3112 salutaria
1368 3069 1493 3112 rorare
1509 3053 1690 3130 precepta,
1715 3052 1829 3112 sciens

500 3158 598 3237 quod
632 3158 812 3237 impudice
847 3159 1041 3220 saltatricis
1076 3160 1251 3220 concentu
1286 3158 1463 3219 occiditur
1495 3158 1615 3237 gracia
1654 3161 1690 3220 et
1725 3159 1831 3237 caput

378 3288 381 3292 ·
499 3267 707 3345 amputatur
720 3266 835 3327 nostri
848 3264 1020 3344 Baptiste.
1037 3265 1125 3327 Ideo
1138 3265 1263 3327 scribit
1275 3265 1404 3326 iterum
1420 3265 1474 3326 ad
1488 3263 1696 3327 Hebreos:
1716 3264 1830 3326 ‹Doc-

500 3373 602 3434 trinis
626 3373 735 3434 variis
760 3375 796 3434 et
819 3373 1015 3453 peregrinis
1039 3371 1149 3433 nolite
1165 3372 1307 3433 abduci.
1332 3369 1514 3451 Optimum
1530 3374 1584 3433 est
1601 3372 1696 3434 enim
1711 3372 1830 3452 gracia

498 3480 661 3542 stabilire
678 3499 749 3550 cor,
774 3499 845 3542 non
862 3480 962 3551 escis,
979 3498 1049 3559 que
1066 3498 1138 3540 non
1154 3479 1367 3558 profuerunt
1382 3479 1648 3541 ambulantibus
1665 3480 1701 3540 in
1717 3480 1768 3540 eis
1781 3500 1795 3533 ι
1808 3476 1828 3539 ³.

499 3584 577 3649 Hec
599 3587 771 3659 doctrine,
795 3588 895 3648 iuxta
917 3587 1053 3666 glosam
1068 3586 1172 3648 huius
1189 3588 1316 3658 textus,
1334 3588 1512 3665 sumptam
1527 3604 1571 3647 ex
1586 3586 1692 3647 dictis
1708 3604 1829 3647 vene·

499 3694 649 3756 rabilis
672 3693 794 3767 Bede,
813 3694 910 3774 apud
926 3711 1041 3773 quem,
1059 3695 1125 3754 utc
1154 3692 1343 3754 dicebatur
1358 3693 1551 3772 arguendo,
1565 3693 1734 3754 turbatur
1749 3710 1829 3754 acu·

498 3820 580 3863 men
601 3802 742 3882 ingenii,
767 3802 798 3863 si
820 3820 892 3863 non
914 3801 1078 3881 legantur
1101 3800 1297 3881 gramatica
1317 3801 1354 3860 et
1369 3800 1489 3878 alique
1505 3799 1707 3861 liberalium
1723 3802 1827 3870 artes,

498 3909 664 3971 obmissis
687 3912 817 3979 tamen,
841 3910 882 3969 ut
906 3908 1148 3979 communiter,
1173 3905 1304 3968 fabulis
1320 3898 1387 3969 et‘¹
1411 3906 1541 3968 ceteris
1561 3906 1825 3977 tradicionibus,

498 4015 608 4077 fidem
631 4016 886 4095 prementibus,
923 4015 1016 4077 sicut
1045 4013 1107 4075 illa
1130 4013 1241 4093 lepra,
1277 4012 1388 4074 variis
1423 4014 1605 4075 erroribus
1639 4013 1825 4083 maculata,

498 4142 569 4203 que
591 4123 793 4185 nullatenus
828 4122 962 4184 debent
984 4121 1021 4183 in
1039 4120 1310 4201 Xpistianorum
1334 4120 1592 4182 conventiculis
1616 4120 1797 4182 demorari
1805 4118 1825 4179 ⁴.

495 4357 707 4367 —-—a

603 4543 636 4603 a)
657 4542 687 4601 ψ
706 4540 836 4592 mentes.
873 4539 941 4601 b)-
959 4539 991 4589 te
1009 4536 1138 4603 Xpistus
1150 4534 1321 4587 sanandum
1336 4534 1455 4600 recepit
1474 4536 1505 4588 et
1521 4534 1589 4586 istis
1602 4534 1732 4587 vinculis
1745 4546 1825 4586 erec·

496 4629 627 4681 tum...
667 4629 809 4691 o)—nt.
845 4628 990 4690 d)—et.

602 4804 623 4871 ¹)
641 4806 671 4859 s.
690 4806 797 4870 Phoc,
809 4807 858 4857 ad.
882 4802 935 4857 itt.
954 4804 976 4869 1,
995 4803 1087 4857 1345.

603 4893 624 4962 ¹)
642 4896 695 4958 In..
714 4896 794 4958 ibid..
812 4893 896 4959 15-11,
915 4895 939 4946 1.

603 4982 623 5049 ⁸)
641 4985 671 5039 S.
690 4985 797 5047 Pam,
814 4986 858 5036 ud
875 4984 978 5045 Helm,
996 4982 1075 5046 xm,
1093 4982 1119 5035 9.

600 5073 622 5140 ⁴)
641 5074 719 5126 BED.
737 5075 773 5126 In
793 5072 922 5126 Samuel.
941 5074 1056 5139 Proph.
1075 5071 1161 5140 alleg.
1181 5073 1316 5138 expostt,
1334 5071 1386 5123 lib.
1399 5070 1435 5133 11,
1459 5084 1524 5137 cap.
1538 5079 1578 5122 1x.
1597 5068 1633 5121 In
1653 5068 1744 5137 Oper.
1759 5070 1778 5121 t.
1791 5068 1824 5129 Il,

425 5206 430 5217 .
494 5163 552 5216 col.
574 5163 683 5218 58920.
705 5162 749 5216 ef.
769 5163 921 5216 GRAnAN.
939 5164 1058 5215 Decret.
1083 5161 1156 5228 Cap.
1180 5158 1294 5213 Taroat
1311 5174 1437 5213 acumen
1455 5159 1534 5223 VIII,
1552 5158 1631 5211 Dist.
1651 5156 1797 5211 XXXVII.
