4300 6117
831 883 1018 937 IOHANNIS
1040 883 1222 937 DOMINICI

844 1702 1056 1809 [CAPUT
1088 1702 1198 1809 VLl

470 2034 622 2123 [E]ciam
646 2064 713 2125 pro
737 2052 837 2110 sexto
854 2048 943 2120 loco,
962 2049 1065 2128 quasi
1081 2049 1178 2110 idem
1194 2060 1354 2128 arguens
1381 2047 1443 2109 tali
1458 2045 1691 2126 persuasione

360 2149 537 2224 procedo:
563 2146 808 2212 Sanctiores
832 2150 1151 2230 Xpistianorum
1176 2154 1217 2213 et
1240 2151 1436 2211 utiliores
1452 2151 1574 2211 unice
1598 2152 1690 2212 reli·

356 2251 470 2330 gioni
494 2252 637 2315 divine
661 2255 791 2335 periti
816 2256 986 2316 fuerunt
1009 2254 1278 2315 secularibus
1303 2253 1521 2314 doctrinis.
1558 2252 1691 2333 Igitur

357 2357 519 2418 licitum
569 2360 633 2419 est
684 2358 918 2418 minoribus
968 2360 1009 2418 et
1054 2357 1310 2435 sequacibus
1355 2357 1469 2417 circa
1507 2355 1690 2416 studium

358 2481 498 2525 earum
537 2461 711 2523 versari.

471 2639 625 2719 Sequela
661 2644 746 2701 nota
782 2642 837 2700 est
871 2638 1058 2718 multiplici
1088 2638 1157 2697 via.
1204 2637 1334 2709 Primo,
1366 2638 1449 2716 quia
1484 2636 1563 2714 ipsi,
1595 2635 1693 2695 velut
1708 2638 1737 2697 1.

359 2748 472 2808 nostri
496 2749 665 2827 magistri,
691 2746 887 2825 discipulos
911 2748 1172 2823 precesserunt,
1197 2745 1246 2807 ad
1268 2764 1420 2825 quorum
1436 2742 1692 2825 discipulorum

357 2851 614 2929 perfectionem
639 2852 779 2930 spectat
802 2868 885 2910 suos
909 2849 1042 2910 imitari
1066 2848 1242 2919 doctores,
1268 2850 1366 2909 iuxta
1390 2848 1478 2909 illud
1495 2847 1692 2910 Salvatoris

359 2956 488 3018 eterni:
539 2953 648 3014 «Non
687 2956 741 3015 est
779 2951 976 3030 discipulus
1022 2969 1132 3030 super
1168 2952 1406 3030 magistrum»
1426 2950 1445 3014 ¹.
1507 2951 1692 3013 Perfectus

358 3061 478 3119 autem
513 3058 625 3119 omnis
655 3056 732 3126 erit,
768 3056 799 3115 si
823 3056 869 3117 sit
901 3055 993 3117 sicut
1022 3055 1193 3132 magister
1215 3055 1300 3116 eius.
1346 3053 1425 3116 Hoc
1450 3058 1544 3116 enim
1572 3058 1691 3135 sepius

358 3166 464 3226 orant
493 3160 671 3240 Xpistiani
707 3158 1019 3219 clementissimum
1046 3155 1170 3229 Deum,
1206 3158 1274 3218 hoc
1313 3159 1539 3237 frequencius
1574 3158 1692 3238 predi-

358 3268 452 3340 cant,
477 3264 615 3326 adhoc
639 3261 889 3323 defunctorum
912 3277 1058 3321 suorum
1083 3261 1222 3339 egregia
1246 3262 1406 3322 facinora
1426 3262 1582 3326 fideliter
1606 3266 1692 3326 scri-

357 3375 456 3446 bunt,
491 3369 626 3446 scripta
655 3363 902 3444 multiplicant,
936 3364 972 3423 et
994 3365 1035 3423 ut
1056 3363 1220 3442 legantur
1244 3363 1431 3426 elaborant
1453 3368 1692 3444 persuasioni·

358 3482 424 3542 bus
448 3478 578 3547 multis,
603 3476 644 3534 ut
666 3471 801 3552 posteri
825 3472 1021 3549 sequantur
1043 3471 1219 3531 bonorum
1242 3471 1391 3551 vestigia
1414 3476 1566 3550 patrum.

468 3583 650 3645 Probatur
673 3579 738 3640 hec
762 3578 889 3639 eadem
913 3577 1069 3655 sequela,
1095 3578 1272 3639 secundo:
1309 3577 1410 3663 Quia,
1440 3581 1471 3641 si
1494 3580 1544 3641 illi
1568 3584 1690 3660 patres
1706 3593 1736 3657 2,

358 3692 580 3772 scripserunt
606 3706 658 3759 ea,
684 3703 754 3765 que
778 3685 998 3746 concernunt
1020 3702 1145 3745 sanam
1170 3685 1370 3746 doctrinam
1385 3687 1567 3765 vitamque
1590 3706 1691 3749 sanc·

358 3802 442 3870 tam,
468 3799 573 3858 decet
595 3812 659 3856 nos
684 3794 812 3873 legere,
838 3794 878 3852 ut
901 3792 1129 3869 acquiramus
1154 3795 1353 3871 utrumque.
1402 3791 1483 3863 Sed,
1509 3795 1589 3872 quis
1606 3812 1693 3855 sane

358 3906 487 3967 mentis
523 3903 653 3965 dixerit
688 3901 764 3961 sine
795 3898 977 3960 intellectu
1006 3900 1083 3959 fore
1115 3899 1327 3979 legendum?
1373 3898 1506 3979 Legere
1536 3902 1629 3962 enim
1658 3904 1694 3962 et

358 4030 430 4073 non
454 4009 650 4089 intelligere
674 4011 729 4069 est
752 4006 928 4087 negligere
943 4005 964 4065 ‘·'.
1011 4004 1090 4067 Non
1120 4005 1265 4086 proficit
1293 4008 1329 4067 in
1360 4008 1599 4087 geometriam,
1633 4008 1694 4086 qui

359 4118 537 4197 principia
562 4117 656 4177 illius
682 4115 729 4175 ab
753 4131 796 4175 ea
827 4113 1090 4192 presupposita‚
1116 4114 1214 4174 velut
1244 4114 1329 4175 alibi
1361 4116 1454 4185 nota,
1491 4115 1695 4176 arismetica

360 4227 474 4297 caret;
512 4226 548 4285 et
571 4223 619 4284 ad
643 4222 899 4283 astronomiam
929 4221 1096 4300 procedit
1127 4222 1163 4281 in
1186 4239 1326 4291 vanum,
1361 4222 1575 4300 quicumque
1603 4221 1694 4283 hanc
1759 4268 1766 4281 .

360 4331 417 4392 vel
454 4330 551 4391 illam
590 4331 741 4409 ignorat.
789 4328 858 4401 Sic,
899 4346 978 4390 cum
1014 4331 1248 4407 supponant²
1279 4328 1445 4390 doctores
1471 4328 1636 4389 catholici
1660 4330 1696 4389 et

362 4438 586 4517 frequencius
609 4438 766 4516 tangant,
791 4436 992 4515 probando,
1017 4435 1265 4514 improbando,
1285 4435 1489 4508 colorando,
1506 4438 1695 4496 venustan-

363 4651 573 4659 ———

467 4818 500 4878 a)
518 4830 553 4860 :
571 4813 816 4880 presupponunt.

471 4962 491 5031 ¹)
510 4964 540 5017 S.
558 4964 692 5027 MATTH,
710 4964 746 5025 X,
765 4964 808 5015 24.
943 4990 950 5001 ·

469 5050 554 5116 ⁷)cf.
581 5054 652 5105 1811).
677 5053 809 5119 Etymol.
836 5052 889 5104 lib.
910 5052 946 5114 X,
965 5054 1008 5104 ad
1024 5052 1079 5104 tite.
1100 5051 1152 5103 N.:
1188 5052 1376 5120 ‹Negligens
1401 5051 1514 5104 dicitur
1532 5052 1620 5117 quasi
1638 5064 1696 5103 nec

363 5140 512 5210 eligens».
