4300 6117
836 896 1023 951 IOHANNIS
1045 895 1228 949 DOMINICI
1629 884 1696 947 219

350 1122 533 1201 loquatur,
567 1140 674 1202 quam
708 1121 831 1183 docuit
859 1120 967 1193 Deus,
1001 1138 1045 1181 ac
1076 1120 1235 1181 divinam
1266 1118 1434 1179 noticiam
1465 1118 1588 1179 tradit.
1637 1115 1696 1179 Sic

352 1230 536 1292 obtinetur
574 1230 715 1301 caritas,
755 1246 825 1307 que
863 1226 950 1289 tacit
987 1227 1104 1288 virum
1147 1224 1369 1305 perfectum.
1423 1221 1525 1286 Tunc
1573 1224 1696 1285 licebit

351 1336 469 1416 legere
506 1336 747 1415 philosophos,
785 1337 911 1415 poetas
949 1337 985 1396 et
1020 1345 1153 1414 magos,
1197 1333 1342 1413 quando
1378 1332 1499 1393 dicere
1532 1331 1657 1393 licebit
1686 1351 1693 1392 :

355 1442 474 1529 ‹Quis
499 1462 564 1506 nos
587 1444 771 1522 separabit
794 1461 817 1502 a
840 1442 991 1504 caritate
1013 1440 1143 1521 Xpisti.
1169 1439 1295 1501 Certus
1319 1458 1397 1501 sum
1420 1439 1513 1500 enim
1531 1438 1614 1516 quia
1630 1454 1695 1499 nec

351 1568 458 1622 mors,
484 1568 600 1630 neque
623 1550 708 1621 vita,
732 1567 849 1628 neque
882 1549 1005 1628 aliqua
1039 1550 1216 1620 creatura,
1240 1565 1305 1608 nos
1340 1546 1525 1627 separabit
1560 1564 1583 1605 a
1607 1545 1695 1607 cari·

352 1660 428 1721 tate
451 1656 570 1737 Xpisti
597 1679 611 1712 s
630 1654 650 1718 ¹.
696 1655 788 1717 Nam
811 1657 872 1735 qui
896 1656 1011 1717 estin
1035 1656 1186 1717 caritate
1210 1657 1265 1715 est
1288 1654 1474 1715 absolutus
1497 1671 1519 1713 a
1543 1651 1630 1732 lege.

466 1763 514 1825 Et
536 1764 567 1825 si
590 1764 733 1826 omnino
770 1764 859 1845 quis,
897 1762 1116 1825 contendens
1151 1761 1266 1833 dictis,
1303 1761 1449 1822 resistat
1471 1759 1630 1838 velitque
1660 1758 1697 1819 in
1711 1755 1742 1820 8.

352 1870 489 1936 lumine
511 1871 627 1951 primo
650 1873 753 1932 natos
777 1870 923 1931 tradere
952 1869 1101 1931 alendos
1133 1868 1266 1948 sophie,
1292 1870 1331 1930 ut
1362 1868 1549 1947 vigilantes
1581 1866 1697 1945 primo

352 1996 460 2039 mane
483 1978 532 2039 ad
556 1976 745 2057 Sapiencie
768 1980 900 2057 postes,
925 1978 991 2039 sub
1016 1975 1216 2038 Salomonis
1241 1975 1397 2047 consilio,
1423 1993 1502 2035 eam
1516 1973 1699 2035 inveniant

354 2088 391 2146 et
413 2085 574 2146 divinum
596 2085 634 2145 in
649 2082 827 2145 inlinitum
843 2084 1042 2164 sapientem
1060 2086 1266 2163 sequantur,
1285 2082 1578 2144 contencionibus
1596 2079 1695 2142 cedo·

354 2195 391 2253 et
421 2192 502 2254 dico
526 2192 633 2271 quod,
669 2191 701 2253 si
736 2209 803 2270 per
834 2191 1054 2271 sapienciam
1089 2193 1218 2270 putant
1250 2188 1441 2251 Dominum
1476 2188 1696 2269 imitandum,

354 2298 524 2360 studeant
562 2298 653 2361 sicut
690 2298 873 2371 Dominus,
898 2298 1066 2359 studeant
1105 2297 1198 2359 sicut
1220 2298 1297 2359 vult
1319 2296 1504 2367 Dominus,
1529 2295 1700 2357 studeant

355 2406 448 2468 sicut
477 2406 694 2467 studendum
727 2424 806 2467 esse
836 2405 1037 2467 hominibus
1067 2405 1240 2466 Dominus
1271 2404 1402 2477 docuit,
1434 2403 1552 2465 factus
1582 2403 1698 2464 homo.

354 2511 432 2575 Hec
457 2513 526 2574 tria
550 2512 736 2575 discordes
760 2513 808 2575 ad
836 2513 1066 2574 concordiam
1097 2513 1240 2574 ducant.
1286 2511 1384 2573 Deus
1414 2512 1507 2573 enim
1535 2529 1607 2572 non
1633 2526 1700 2588 per

356 2622 540 2682 creaturas
570 2638 618 2691 se,
643 2622 768 2682 sedet
803 2623 988 2682 creaturas
1022 2620 1059 2681 in
1093 2620 1222 2699 seipso,
1256 2620 1446 2699 cognoscit,
1470 2619 1593 2697 itaque
1627 2634 1698 2677 non

355 2729 544 2809 prioritate
568 2728 750 2806 temporis,
774 2726 840 2789 sed
863 2727 1007 2807 originis
1031 2726 1131 2806 prius
1155 2744 1192 2787 se
1217 2745 1325 2806 quam
1348 2726 1419 2787 alia
1442 2726 1558 2787 noscit
1568 2724 1589 2786 ².
1638 2721 1697 2785 Sic

356 2836 502 2915 insipiat
525 2835 769 2914 unusquisque
792 2835 908 2914 primo
921 2833 1035 2895 Deum
1050 2851 1155 2895 nosse
1169 2824 1195 2916 li,
1212 2852 1279 2914 pro
1296 2836 1406 2913 captu
1421 2851 1485 2895 sue
1500 2832 1638 2905 mentis,
1653 2821 1667 2914 Η
1683 2834 1697 2864 ²
1710 2827 1740 2888 L
1754 2826 1826 2889 65¹⁰
1850 2822 1880 2882 B
1903 2819 1976 2884 49ω

357 2945 394 3004 et
416 2942 559 3003 demum
583 2960 663 3003 eum
690 2944 883 3021 utcumque
922 2942 1108 3022 cognitum,
1132 2942 1169 3002 in
1192 2941 1304 3021 ipsius
1339 2942 1487 3003 facturis
1525 2941 1695 3020 requirat.

357 3048 475 3135 Quam
497 3067 612 3110 vanus
636 3051 671 3110 et
694 3066 820 3111 excors
845 3051 899 3109 est
922 3050 993 3127 qui,
1019 3067 1147 3110 aurum
1169 3048 1346 3129 ignorans,
1382 3048 1581 3109 excutierat
1615 3065 1697 3129 yma

358 3156 495 3219 telluris
519 3158 558 3217 ut
580 3156 697 3235 ipsum
731 3156 915 3217 inveniat!
962 3154 1070 3217 Forte
1102 3156 1195 3217 euim
1219 3158 1302 3217 ante
1334 3154 1456 3216 oculos
1487 3155 1598 3226 sedet,
1623 3173 1697 3215 ma·

357 3263 462 3325 nibus
487 3265 620 3325 tractat
643 3265 680 3323 et
702 3281 783 3324 cum
807 3262 946 3341 reliqua
969 3263 1101 3341 proicit
1122 3262 1239 3335 humo,
1264 3265 1349 3342 quia
1372 3261 1507 3323 nullam
1529 3261 1699 3323 noticiam

357 3370 469 3431 habet
492 3370 569 3431 eius
594 3369 692 3448 quod
714 3369 842 3447 querit.

466 3474 548 3537 Scio
570 3477 695 3555 utique
719 3478 756 3537 et
778 3474 954 3537 confiteor
976 3476 1084 3555 plane
1106 3475 1222 3537 Deum
1245 3494 1325 3537 esse
1347 3476 1384 3537 in
1408 3476 1568 3556 qualibet
1600 3494 1697 3537 crea·
1712 3470 1743 3531 9.

359 3586 450 3655 tura,
474 3584 511 3643 in
534 3601 750 3663 unaquaque
773 3584 925 3645 veritate
948 3583 1071 3655 latere,
1090 3583 1175 3655 sive,
1192 3585 1231 3645 ut
1255 3584 1386 3645 rectius
1402 3584 1540 3662 loquar,
1558 3600 1699 3644 omnem

358 3690 535 3753 visibilem
564 3693 767 3752 creaturam
797 3690 957 3752 divinum
987 3691 1174 3769 vestigium
1205 3708 1308 3753 esse:
1340 3692 1415 3763 sed,
1442 3709 1521 3752 cum
1551 3690 1619 3752 hoc
1643 3708 1700 3751 me

358 3798 523 3878 ignorare
546 3816 617 3859 non
641 3798 760 3869 credo,
785 3798 884 3877 quod
905 3816 973 3878 per
995 3798 1182 3876 vestigium
1206 3798 1243 3858 in
1273 3798 1406 3859 nullam
1437 3799 1579 3860 venitur
1609 3798 1698 3859 noti·

359 3906 452 3967 ciam
475 3904 717 3983 relinquentis,
743 3906 842 3967 cuius
872 3906 988 3985 primo
1019 3906 1073 3965 est
1103 3905 1307 3985 proprietas
1338 3905 1497 3967 totaliter
1526 3905 1698 3985 ignorata.

469 4364 502 4425 a)
521 4378 556 4408 =
574 4362 725 4416 Nonvelle
743 4363 886 4425 e'criture,
905 4378 946 4417 en
963 4372 1035 4431 gros
1054 4364 1238 4416 caracteres.

471 4537 492 4604 ¹)
511 4539 542 4592 S.
563 4539 672 4603 Paul„
691 4540 743 4592 Ad
760 4541 857 4603 Rom,
876 4540 953 4603 VIII,
972 4541 1015 4593 35.
1041 4540 1128 4593 Dans
1148 4554 1182 4592 sa
1200 4540 1343 4608 reponse,
1363 4541 1394 4594 C.
1414 4541 1547 4595 Salutati
1564 4541 1701 4610 prendra

357 4630 467 4682 bonne
484 4630 558 4681 note
576 4629 616 4682 de
635 4630 716 4682 cette
734 4630 918 4682 concession
936 4629 976 4683 de
990 4630 1152 4691 Dominici,
1171 4631 1239 4683 tout
1258 4645 1297 4683 en
1315 4629 1429 4683 faisant
1443 4645 1628 4697 remarquer
1639 4646 1701 4698 que

359 4716 472 4784 iamais
492 4718 560 4770 cela
578 4718 627 4770 n'a
647 4718 697 4770 ete
715 4718 856 4772 conteste
874 4733 932 4786 par
950 4733 1123 4786 personne:
1145 4718 1330 4773 «Consentis
1349 4720 1431 4773 enim
1443 4722 1528 4787 qnod
1541 4720 1700 4773 instructis

362 4806 419 4859 «et
435 4805 569 4859 firmatis
588 4806 702 4860 infide
721 4808 863 4876 neganda
881 4824 945 4861 non
963 4808 1002 4860 sit
1020 4808 1112 4861 lectio
1138 4809 1325 4862 secularium
1350 4808 1539 4873 litterarum
1565 4824 1624 4863 nec
1646 4825 1701 4863 un·

363 4910 479 4962 «quam
505 4896 599 4949 michi
624 4897 665 4950 de
691 4896 751 4949 hoc
779 4912 848 4949 cum
872 4895 971 4949 tratre
998 4897 1140 4950 Iohanne
1165 4898 1205 4950 de
1223 4897 1349 4965 Angelis
1374 4898 1586 4951 controversia
1610 4897 1700 4951 tuit».

360 4984 554 5051 Eptatolurto
572 4986 620 5049 Ν,
638 5002 668 5053 p.
690 4986 752 5037 212.
771 4986 857 5037 Dans
875 4986 906 5040 le
924 5001 1015 5039 cours
1034 4986 1074 5040 de
1094 5000 1152 5039 son
1170 4996 1316 5055 ouvrage,
1337 4988 1489 5041 Dominici
1509 4987 1527 5039 a
1546 4987 1701 5055 plusieurs

361 5073 502 5148 reprises
519 5075 664 5141 repetera
682 5076 714 5127 la
732 5075 833 5127 meme
851 5075 953 5129 chose.

474 5160 495 5229 ⁷)
514 5162 559 5216 Cf.
577 5162 607 5216 S.
625 5162 772 5217 Tuom.
790 5165 819 5215 1⁸
833 5164 868 5238 Q.
887 5164 964 5226 XIV,
984 5181 1010 5217 a.
1029 5164 1047 5217 2
1065 5166 1097 5219 et
1115 5166 1141 5219 8.
