4300 6117
969 849 1128 904 LUCULA
1150 847 1290 904 NOCTIS

907 1618 1115 1724 [CAPUT
1146 1619 1351 1726 XLVI]

569 1973 914 2062 [NJovissimum
948 1985 1295 2062 argumentum,
1336 1980 1798 2045 siveracioiinalis

461 2088 694 2150 veritatis
730 2089 977 2168 apposita,
1017 2089 1167 2170 exigit
1201 2089 1425 2152 latebras
1458 2089 1799 2170 prodigiorum

461 2194 803 2258 miraculorum
834 2195 1283 2276 sompniornmque
1317 2197 1742 2277 perquirendas².

464 2423 467 2428 ·
571 2389 621 2452 Et
641 2409 687 2452 ne
711 2391 966 2456 elementorum
988 2391 1156 2454 thematis
1179 2392 1274 2454 sacri
1296 2411 1482 2454 numerum
1504 2409 1673 2452 numerus
1696 2392 1799 2470 capi·

461 2499 617 2560 tulorum
642 2498 802 2569 excedat,
826 2497 920 2560 hunc
942 2498 1133 2560 articulum
1155 2499 1389 2560 bimembrem
1408 2491 1629 2578 distinguobt
1660 2497 1795 2570 Primo,

462 2605 515 2667 de
537 2604 831 2668 fallaciarum
855 2623 1008 2676 causa,
1041 2605 1220 2685 pariter
1248 2609 1291 2668 et
1315 2609 1515 2668 auctoress
1542 2639 1581 2646 -
1615 2604 1795 2678 Secundo,

461 2713 515 2774 de
538 2712 653 2792 ipsis
676 2712 904 2774 versuciis
928 2713 1023 2774 elus
1047 2713 1227 2775 modicum
1251 2713 1338 2792 quid
1362 2713 1430 2775 erit
1454 2711 1655 2775 dicendum.

417 2911 445 2975 1.
467 2972 470 2977 ,
566 2904 681 2979 Enim,
698 2902 931 2986 Torquato
950 2907 1147 2970 scribente:
1170 2907 1276 2992 Quod
1292 2908 1503 2988 simpliciter
1518 2909 1581 2980 est,
1598 2909 1661 2970 ant
1678 2910 1796 2970 totum

460 3014 573 3077 scitur
587 3017 609 3085 ⁶,
634 3016 699 3075 ant
718 3015 834 3076 totum
855 3013 1069 3094 ignoratur1,
1094 3015 1133 3076 id
1156 3013 1335 3077 fateamur
1356 3033 1503 3077 necesse
1527 3017 1590 3076 est.
1629 3013 1684 3074 Ex
1710 3033 1793 3094 qna,

460 3124 606 3196 scilicet,
630 3124 734 3202 parte
757 3122 907 3201 simplex
931 3124 994 3194 est,
1018 3141 1102 3183 nam
1117 3122 1216 3184 Dens
1239 3122 1523 3202 simplicissimus
1544 3123 1608 3195 est,
1633 3121 1700 3183 sed
1716 3123 1796 3184 sine

460 3231 554 3292 mole
577 3230 715 3308 absque
730 3229 1011 3292 dimensionibus
1034 3230 1287 3310 magnitudinis
1311 3228 1458 3301 infinite,
1482 3229 1566 3291 ideo
1589 3229 1755 3292 creditur
1773 3249 1796 3292 a

461 3339 574 3408 nobis,
591 3357 614 3399 a
629 3337 762 3398 sanctis
776 3337 921 3398 videtur
933 3338 1039 3408 totus,
1064 3337 1131 3398 sed
1153 3337 1250 3399 solus
1265 3337 1422 3417 seipsum
1437 3335 1597 3398 infinitus
1613 3336 1795 3399 infinitum

462 3443 742 3525 comprehendit.
758 3441 796 3504 Si
809 3461 963 3522 namque
978 3446 1141 3523 punctus,
1160 3445 1259 3506 cuius
1276 3444 1375 3506 nulla
1389 3463 1475 3525 pars
1492 3445 1556 3514 est,
1573 3443 1706 3505 lineam
1723 3462 1795 3506 non

461 3553 647 3634 recipiens,
682 3569 799 3630 neque
835 3548 1072 3629 superficiem,
1108 3554 1145 3613 et
1176 3551 1288 3613 multo
1320 3549 1453 3613 lorcius
1482 3569 1673 3630 corporum
1697 3550 1795 3613 trina

460 3661 680 3723 dimensione
703 3677 839 3728 carens,
864 3658 1047 3720 videretur
1061 3677 1084 3720 a
1112 3675 1302 3738 quoquam,
1327 3675 1548 3738 consequens
1569 3659 1633 3730 est,
1657 3661 1698 3719 ut
1723 3677 1795 3721 non

461 3767 649 3848 partiliter,
672 3767 738 3828 sed
761 3769 857 3828 totus
873 3766 1041 3827 videatur
1059 3755 1093 3848 ll,
1119 3766 1150 3827 si
1173 3767 1293 3828 tamen
1315 3767 1430 3828 totum
1448 3766 1575 3828 dicere
1590 3783 1792 3845 possumus,

463 3875 561 3955 quod
583 3876 706 3954 partes
729 3873 940 3935 nonhabet.
981 3872 1063 3947 Sed,
1089 3873 1137 3935 da
1160 3874 1199 3958 ut
1221 3873 1305 3935 talis
1328 3875 1481 3953 punctus
1504 3873 1637 3934 virtute
1660 3873 1709 3934 sit
1733 3892 1794 3935 au·

462 4001 551 4054 runi,
575 3984 673 4044 certe
688 3981 804 4042 videri
820 3982 943 4060 potest
964 3982 1009 4043 ab
1033 3980 1217 4043 intellectu
1241 3983 1372 4053 creato,
1398 3983 1433 4042 et
1457 3998 1528 4041 non
1551 3982 1648 4042 totus
1662 3998 1794 4061 appre-

462 4089 580 4152 hendi.
626 4088 692 4150 Est
725 4106 880 4167 namque
912 4089 1063 4169 simplex
1097 4107 1120 4150 a
1154 4088 1393 4161 dimensione,
1436 4087 1501 4149 sed
1535 4086 1723 4167 multiplex
1758 4089 1794 4148 in

462 4197 604 4259 virtute.
619 4233 659 4240 —
675 4194 854 4271 Similiter,
879 4213 1050 4260 concesso
1073 4197 1218 4275 angelos
1242 4214 1321 4258 esse
1344 4198 1472 4258 nature
1494 4194 1667 4274 simplicis
1677 4191 1699 4266 ²,
1723 4213 1794 4256 non

462 4413 675 4422 ——--

568 4601 601 4661 u)
619 4597 907 4664 :perquerendaa
944 4597 975 4660 b)
991 4614 1025 4646 =
1038 4598 1191 4664 extinguo.
1229 4599 1257 4659 o)
1274 4623 1306 4632 -
1319 4598 1374 4650 aut
1388 4579 1485 4650 tolum
1498 4596 1601 4649 scitur.
1669 4593 1672 4601 ‘

568 4765 589 4833 ¹)
607 4767 705 4820 BoE'r.
732 4769 779 4820 De
800 4766 916 4820 Consul.
935 4767 1013 4819 Phil.
1037 4768 1135 4819 Prosa
1153 4766 1202 4819 DI.
1218 4769 1348 4833 proteu).
1385 4765 1429 4820 Le
1446 4767 1530 4820 texte
1548 4767 1653 4819 exact:
1682 4765 1792 4840 «Quod

460 4857 541 4911 enim
559 4858 690 4924 simplex
707 4858 765 4919 est,
782 4856 1012 4923 indivisumque
1029 4857 1151 4918 natura,
1171 4856 1203 4908 id
1216 4871 1304 4910 error
1316 4856 1468 4909 humanus
1483 4856 1615 4922 separat,
1635 4857 1790 4917 clavero,

460 4949 553 5015 atque
571 4945 710 5015 perlecto
728 4946 769 4999 ad
786 4945 899 5000 falsum
916 4945 1194 5013 Imperfectnmque
1212 4946 1378 4999 traducit».
1397 4945 1500 5013 Migne
1517 4944 1621 5008 LXIII,
1640 4945 1703 4998 7⁵⁵.

567 5034 587 5102 ¹)
608 5035 652 5089 CI.
665 5036 695 5090 S.
709 5034 853 5090 'silom
872 5037 901 5088 1²
919 5035 953 5108 Q.
971 5035 1005 5100 L,
1024 5052 1050 5089 a.
1070 5035 1102 5088 2:
1136 5037 1239 5089 Utrum
1258 5036 1393 5104 Angelus
1410 5039 1453 5088 eit
1470 5037 1656 5101 compositas
1674 5050 1712 5088 ex
1730 5049 1790 5086 mn·

462 5132 538 5183 terta
556 5132 587 5181 et
602 5126 728 5192 forma?
