4300 6117
479 982 546 1046 302
984 994 1143 1048 LUCULA
1165 992 1305 1046 NOCTIS

480 1217 609 1279 ticam
625 1215 683 1278 hic
700 1217 863 1296 appellat
878 1217 1106 1279 scienciam
1122 1221 1350 1280 auctorum.
1364 1218 1556 1281 Recitabat
1570 1219 1664 1281 enim
1675 1217 1815 1280 tabulas

483 1326 586 1397 Iovis,
624 1326 659 1384 et
690 1342 750 1387 eas
785 1324 970 1387 moraliter
1008 1326 1211 1403 exponebat
1241 1326 1278 1385 in
1305 1325 1558 1405 predicacione
1581 1344 1693 1388 sua».
1739 1325 1814 1388 Hec

484 1431 553 1494 ibil
576 1433 746 1495 notabilis
769 1432 876 1513 glosa,
902 1432 1032 1493 multos
1055 1432 1302 1512 predicatores
1325 1433 1517 1495 modernos
1540 1433 1813 1513 reprehendens,

482 1541 543 1620 qui
566 1541 603 1601 in
626 1542 720 1604 bove
748 1543 784 1602 et
806 1541 908 1602 asino
932 1557 1037 1600 arare
1059 1558 1130 1601 non
1154 1542 1304 1601 cessant
1342 1537 1547 1603 Concordat
1568 1540 1809 1613 Ieronimus,

479 1648 532 1709 ad
555 1646 831 1711 Eustochium
854 1648 891 1708 in
914 1646 1066 1726 epistola
1090 1647 1252 1708 scribens
1267 1646 1288 1708 ².

434 1748 464 1811 9·
589 1753 693 1817 Unde
725 1772 835 1817 causa
868 1754 1056 1816 brevitatis
1091 1754 1204 1815 multa
1237 1754 1447 1833 preteriens,
1471 1755 1570 1833 quod
1599 1756 1636 1815 in
1670 1755 1813 1817 domum

478 1860 639 1923 Ecclesie
662 1860 728 1923 hec
752 1862 883 1923 ancilla
907 1862 955 1922 sit
979 1860 1152 1922 minanda
1174 1863 1284 1939 atque
1307 1862 1354 1923 sit
1370 1861 1542 1932 radenda,
1559 1864 1599 1923 ut
1614 1880 1695 1923 eam
1711 1881 1812 1924 nemo

478 1969 634 2029 virorum
670 1970 769 2031 iuxta
807 1968 950 2030 corticis
990 1968 1265 2048 intelligenciam
1288 1968 1409 2029 valeat
1446 1967 1627 2038 adamare,
1668 1969 1813 2031 silenter

478 2076 632 2137 transire
655 2095 726 2137 non
749 2094 905 2155 possum.
931 2074 963 2135 A
987 2073 1229 2153 triumphante
1252 2075 1358 2155 igitur
1390 2076 1427 2136 in
1457 2076 1555 2138 bello
1589 2075 1676 2137 iidei
1706 2076 1813 2138 debet

476 2183 546 2245 ista
569 2183 713 2243 servula
737 2201 819 2243 cum
842 2182 1029 2243 catholicis
1041 2182 1255 2244 veritatibus
1272 2183 1363 2243 sicut
1378 2182 1489 2245 dubia
1505 2184 1541 2243 in
1556 2182 1635 2244 luce
1658 2184 1811 2262 pensari,

477 2292 512 2351 et
536 2289 712 2369 quidquid
736 2290 772 2349 in
796 2308 839 2351 ea
862 2290 970 2351 tuerit
992 2286 1163 2351 falsitatis
1186 2292 1369 2368 repertum
1384 2290 1484 2369 prius
1504 2293 1648 2369 oportet
1663 2291 1810 2361 abscidi,

476 2397 607 2458 deinde
638 2400 678 2457 ut
702 2397 829 2458 coniux
861 2396 1013 2457 accedat
1046 2397 1284 2457 robustissimi
1315 2397 1392 2468 viri,
1426 2396 1577 2458 valentis
1609 2395 1686 2459 Deo
1719 2397 1811 2459 tilios

475 2516 656 2584 generare,
700 2521 715 2554 ‹
748 2504 809 2582 qui
844 2522 914 2565 non
950 2522 992 2565 ex
1027 2503 1257 2583 sanguinibus
1292 2521 1408 2582 neque
1442 2522 1486 2565 ex
1516 2504 1701 2565 voluntate
1734 2504 1810 2575 viri,

270 2607 388 2670 Ι,89’ο
477 2629 593 2690 neque
618 2600 687 2693 exit
713 2612 897 2672 voluntate
921 2611 1049 2682 carnis,
1076 2610 1141 2671 sed
1165 2628 1209 2671 ex
1230 2609 1307 2674 Deo
1331 2611 1405 2672 nati
1429 2614 1512 2673 sunt
1531 2608 1576 2671 »3.

410 2715 461 2778 10.
582 2713 730 2797 Triplex
752 2719 851 2779 virus
875 2719 995 2796 potest
1017 2718 1054 2777 in
1076 2716 1242 2778 doctrina
1265 2736 1336 2779 non
1359 2735 1448 2779 sana
1471 2718 1593 2789 latere,
1619 2718 1717 2796 quod
1740 2719 1811 2779 vite

476 2824 663 2902 utriusque
676 2827 803 2886 auctor
818 2826 962 2885 eternus
977 2824 1077 2885 iubet
1095 2824 1245 2895 excludi,
1259 2843 1303 2886 ne
1318 2828 1470 2885 mortem
1486 2824 1643 2886 inducat.
1660 2820 1812 2886 Tumor

476 2930 653 3001 videlicet,
683 2931 768 3010 quia
790 2931 954 3003 sciencia,
980 2933 1071 2993 teste
1097 2930 1218 3002 Paulo,
1242 2929 1382 2992 inflat⁴:
1407 2932 1498 3002 ideo,
1525 2932 1679 2992 cesaries
1708 2930 1809 2993 huius

476 3038 584 3115 tipice
596 3036 726 3099 femine
740 3038 820 3099 radi
833 3038 1034 3099 mandatur.
1045 3070 1088 3079 --
1099 3038 1189 3099 Item
1201 3037 1371 3100 falsitas
1385 3039 1553 3117 quelibet,
1562 3038 1627 3100 sed
1639 3040 1810 3118 precipue

477 3163 545 3223 que
569 3143 657 3206 fidei
681 3146 875 3225 puritatem
898 3146 1083 3225 impugnat
1106 3146 1277 3223 implicite
1300 3146 1358 3207 vel
1383 3164 1552 3224 expresse
1572 3144 1640 3207 hoc
1663 3145 1753 3207 latet
1774 3146 1810 3205 in

476 3253 661 3313 tenacibus
695 3256 804 3331 atque
839 3252 1110 3314 vulnerantibus
1146 3253 1299 3333 ungulis,
1335 3254 1466 3331 quibus
1499 3247 1659 3314 nonnulli
1693 3251 1809 3314 adhuc

475 3361 640 3421 tenentur
676 3360 860 3438 complexi,
898 3378 940 3421 eo
975 3359 1074 3439 quod
1109 3359 1158 3420 ad
1191 3360 1289 3420 illam
1312 3378 1383 3421 non
1418 3359 1595 3430 accedunt
1628 3360 1808 3431 inermem,

475 3467 567 3529 sicut
591 3467 628 3526 in
652 3468 803 3529 articulo
828 3470 957 3545 quarto
980 3484 1046 3545 per
1070 3464 1297 3528 Salomonem
1312 3456 1326 3548 Η
1351 3468 1438 3528 satis
1464 3467 1560 3528 clare
1575 3467 1643 3528 sub
1659 3466 1809 3528 vinculis

476 3574 662 3635 cuiusdam
678 3574 817 3652 pellicis
833 3574 899 3635 iuit
915 3592 1123 3652 expressum
1133 3571 1154 3634 ⁵.
1178 3607 1217 3614 -
1243 3573 1371 3635 Adhuc
1388 3574 1566 3635 vestium
1582 3571 1808 3651 superflui·

475 3684 554 3753 tas,
572 3682 695 3761 quein
712 3680 935 3759 opponendo,
949 3681 1131 3760 poliendo,
1149 3680 1395 3753 declamando,
1414 3684 1449 3742 et
1463 3679 1666 3742 huiusmodi
1682 3681 1807 3752 modis,
1927 3724 1931 3728 ,

475 3806 545 3867 que
569 3788 741 3849 inutiliter
763 3787 942 3849 interdum
967 3791 1108 3867 tempus
1131 3791 1319 3866 occupant,
1340 3788 1465 3849 mortis
1488 3788 1627 3866 species
1652 3789 1807 3849 contine·

476 3897 542 3969 tur,
579 3895 715 3956 salubri
750 3895 921 3957 mandato
955 3895 1065 3956 debet
1098 3894 1244 3975 deponi.
1280 3893 1454 3973 Culpatur
1487 3896 1581 3956 enim
1615 3913 1638 3956 a
1673 3892 1808 3973 Spiritu

475 4000 621 4074 Sancto,
646 4002 724 4063 viro
748 4002 1011 4080 sapientissimo
1035 4003 1137 4074 teste,
1154 4000 1260 4063 homo
1277 4019 1383 4079 quem
1398 4000 1485 4063 iecit
1497 4000 1595 4063 Deus
1611 4001 1808 4081 simplicem

437 4140 443 4153 ·
474 4112 510 4171 et
533 4114 679 4180 rectum,
706 4128 748 4171 ac
771 4110 849 4187 ipse
872 4110 1013 4170 miscuit
1036 4127 1075 4170 se
1099 4107 1246 4170 infinitis
1270 4110 1515 4187 questionibus
1529 4105 1550 4169 ⁶.
1576 4107 1697 4171 Potuit
1721 4108 1808 4169 divi·

474 4235 540 4278 nus
555 4220 570 4251 ²
592 4216 756 4296 populus,
782 4217 885 4277 unius
901 4216 1032 4277 mensis
1057 4216 1190 4295 spacio,
1216 4234 1259 4277 ex
1273 4214 1413 4297 Egypto
1428 4227 1649 4296 progressus,
1674 4218 1808 4277 terram

474 4430 686 4438 ———-

580 4635 613 4696 a)
633 4648 666 4678 =
686 4632 785 4685 divus.

581 4809 601 4875 ¹)
622 4810 666 4863 Ci.
686 4810 839 4861 GRATIAN.
857 4809 980 4862 Decret.
998 4809 1053 4860 loc.
1073 4810 1121 4859 cit.
1143 4807 1226 4861 Glos.
1245 4808 1429 4875 marginalis.

581 4897 601 4966 ²)
621 4901 651 4953 S.
673 4898 805 4951 HIERON.
824 4900 866 4950 ad
883 4899 1091 4950 Eustochium.
1108 4897 1143 4948 In
1164 4895 1256 4962 Oper.
1276 4895 1299 4950 1.
1315 4895 1379 4949 416.

581 4986 649 5054 ἥδ.
669 4990 792 5050 lousa,
811 4988 833 5051 1,
853 4988 895 5041 13.
1114 4982 1119 4985 ’

580 5078 601 5144 ⁴)
621 5080 651 5132 S.
670 5080 777 5140 PAUL,
796 5078 809 5129 1
828 5079 870 5129 ad
890 5077 967 5141 Cor,
985 5076 1064 5139 VIII,
1084 5077 1109 5128 1.

579 5166 602 5233 ὁ)
621 5168 665 5222 Ct.
684 5184 789 5234 supra.

580 5256 602 5324 6)
621 5258 730 5322 Eccle,
748 5257 811 5321 Vll,
830 5258 874 5310 3⁰.
