4300 6117
457 864 522 927 266
965 875 1126 930 Lucum
1148 874 1288 929 uocns
1343 844 1347 853 ’

455 1096 608 1168 humani,
633 1097 728 1160 idest
757 1097 936 1171 falsitatis,
966 1097 1073 1161 fuerit
1105 1100 1289 1172 sociatum,
1321 1100 1476 1179 ideoque
1506 1102 1617 1181 magis
1648 1101 1791 1181 expedit

455 1216 570 1277 arare,
597 1224 704 1284 quani
728 1207 791 1267 tali
814 1206 1047 1286 philosophie,
1073 1211 1199 1269 contra
1222 1226 1331 1287 quam
1353 1208 1468 1270 solum
1492 1208 1673 1270 invehitur
1699 1210 1792 1271 insu·

455 1313 553 1374 dare.

408 1415 439 1477 6.
561 1419 664 1481 Hanc
688 1439 771 1481 reor
793 1440 968 1482 summam
991 1439 1181 1482 causarum
1202 1420 1322 1492 fuisse,
1348 1438 1460 1500 quare
1476 1422 1640 1501 patribus
1658 1422 1790 1483 veteris

453 1522 673 1589 Testamenti
686 1547 756 1589 non
772 1528 886 1589 solum
901 1528 1087 1600 concessit,
1104 1528 1169 1590 sed
1182 1528 1454 1607 interpretative
1470 1528 1655 1590 mandavit
1668 1532 1790 1590 nostre

454 1634 579 1697 salutis
601 1638 742 1696 amator
763 1634 935 1714 precipue
959 1635 1090 1696 multas
1114 1637 1292 1696 terrarum
1323 1636 1569 1714 possessiones
1591 1635 1787 1707 habendas,

453 1742 583 1820 quibus
607 1742 734 1803 intenti
757 1745 819 1803 aut
842 1741 951 1803 armis
973 1742 1020 1804 ad
1047 1742 1329 1821 conquirendum
1343 1742 1402 1804 vel
1418 1742 1590 1804 tuendum
1614 1742 1787 1815 aracioni,

454 1849 502 1910 ad
526 1849 725 1919 serendum,
756 1867 819 1911 seu
842 1849 1006 1911 custodie
1030 1849 1236 1910 animalium
1259 1848 1308 1910 ad
1331 1849 1653 1929 multiplicandum,
1691 1868 1791 1911 mun·

455 1957 548 2017 dane
572 1945 587 2037 'l
612 1955 846 2037 phylosophie
869 1956 1023 2017 vacandi
1056 1960 1197 2035 tempus
1233 1974 1304 2017 non
1326 1957 1429 2027 foret,
1469 1958 1584 2018 sciens
1610 1957 1717 2036 quod,
1757 1957 1790 2018 si

452 2066 537 2124 ante
560 2066 748 2141 peccatum
772 2054 786 2145 l!
812 2063 874 2124 illa
897 2064 1014 2143 potuit
1036 2064 1156 2124 anime
1177 2063 1273 2125 vires
1298 2064 1512 2144 extinguere,
1538 2065 1670 2125 iorcius
1693 2060 1790 2125 idem

452 2172 535 2249 post
559 2170 700 2249 culpam
722 2170 869 2231 valeret.
900 2168 1052 2242 Etenim,
1081 2188 1125 2249 ex
1153 2189 1193 2232 se
1216 2170 1404 2249 quodlibet
1426 2171 1570 2232 noxium
1594 2189 1637 2232 eo
1660 2172 1789 2232 noxius

451 2280 515 2349 est,
542 2295 613 2356 quo
636 2278 812 2356 recipiens
836 2276 1012 2338 infirmius
1035 2280 1091 2339 est
1094 2323 1145 2338 .....
1179 2275 1467 2356 Unumquodque
1491 2279 1585 2339 enim
1615 2278 1791 2357 recipitur

450 2402 517 2464 per
550 2385 695 2446 modum
726 2384 931 2464 recipientis
943 2381 963 2445 ¹.
1002 2382 1075 2446 Sed
1098 2385 1161 2445 ubi
1187 2386 1348 2446 «veritas
1379 2386 1425 2446 de
1453 2388 1551 2446 terra
1573 2389 1658 2447 orta'
1677 2383 1788 2447 est>²

451 2495 486 2553 et
520 2492 653 2553 veteris
686 2490 921 2572 phylosophis
944 2492 1124 2554 velamina
1159 2493 1226 2553 sub
1249 2492 1329 2554 luce
1351 2510 1444 2553 nove
1466 2491 1585 2583 Xpisti
1621 2492 1789 2554 doctrine

450 2599 584 2660 reiecta
608 2598 699 2671 sunt,
733 2601 919 2677 totumque
942 2610 1051 2678 genus
1075 2599 1268 2661 humanum
1293 2602 1371 2660 erat
1394 2619 1437 2661 ex
1460 2598 1608 2679 timplo³
1635 2600 1684 2660 ad
1709 2600 1787 2659 uni·

450 2725 529 2767 cum
553 2706 797 2768 reducendum
820 2706 923 2776 ovile,
960 2706 1097 2768 tradita
1120 2707 1240 2768 divine
1264 2706 1448 2786 qualitatis
1475 2707 1614 2786 patenti
1639 2707 1783 2777 noticia,

450 2830 558 2892 quam
580 2813 736 2874 naturali
770 2813 896 2895 sophia
920 2813 988 2874 sibi
1024 2811 1134 2875 finem
1157 2814 1359 2893 prescribit,
1394 2815 1503 2875 beata
1534 2814 1659 2874 mnndi
1682 2813 1785 2875 abdi·

450 2921 550 2982 cacio
574 2920 761 3000 multiplici
776 2921 1010 2999 persuasione
1034 2921 1151 2982 extitit
1168 2922 1428 2992 commendata,
1452 2924 1492 2982 ut
1508 2921 1656 2982 liberius
1671 2939 1785 2991 mens,

448 3046 471 3088 a
486 3028 744 3107 temporalibus
768 3028 943 3097 absoluta,
969 3027 1099 3089 divinis
1120 3028 1344 3089 sermonibus
1368 3027 1605 3108 intelligendis
1630 3029 1666 3090 et
1681 3028 1783 3088 intel-

448 3134 550 3195 lectis
585 3134 781 3214 degustatis
805 3134 1012 3214 plenissime
1036 3136 1245 3197 deserviret.
1285 3134 1357 3196 Cur
1383 3136 1463 3214 quis
1486 3133 1622 3196 frustra
1653 3136 1785 3213 repetit

448 3243 567 3303 media
591 3245 664 3303 tam
687 3243 890 3322 periculosa
915 3260 1023 3321 quam
1046 3244 1179 3322 gravia,
1206 3262 1286 3304 curn
1311 3243 1382 3304 iam
1405 3246 1568 3321 optatum
1592 3243 1784 3303 terminum

449 3352 503 3411 est
527 3349 707 3429 adeptus?
724 3381 763 3390 -
779 3348 923 3410 Homini
939 3350 1045 3429 igitur
1060 3351 1144 3412 ante
1160 3351 1295 3414 crimen
1310 3350 1505 3411 admissum
1528 3348 1647 3411 iuerat
1669 3349 1784 3429 philo·

448 3456 681 3535 sophandum,
706 3457 820 3518 solum
843 3457 879 3517 in
894 3458 989 3518 veris
1010 3458 1233 3519 sermonibus
1258 3462 1293 3518 et
1315 3457 1528 3519 veritatibus
1551 3456 1676 3531 nudis,
1700 3458 1785 3535 post

447 3583 534 3626 vero
559 3567 595 3625 et
618 3567 701 3625 ante
725 3564 891 3644 graciam,
917 3562 984 3626 iuit
1001 3550 1194 3635 arandum,
1212 3568 1248 3626 et
1272 3583 1355 3626 raro
1380 3567 1416 3626 et
1438 3567 1521 3626 tunc
1545 3564 1685 3626 nonnisi
1702 3582 1784 3643 per·

447 3670 550 3733 fectis
567 3672 834 3752 speculandum.
860 3669 993 3733 Gracia
1009 3690 1096 3733 vero
1111 3673 1182 3733 iam
1197 3672 1396 3752 predicata,
1425 3675 1487 3732 aut
1504 3672 1618 3733 sacris
1635 3669 1783 3732 Litteris

448 3779 613 3841 convenit
627 3779 796 3840 insudare
817 3780 865 3839 ad
889 3779 1001 3857 pedes
1024 3778 1177 3849 Domini,
1202 3781 1265 3840 aut
1289 3797 1410 3840 coram
1427 3777 1579 3859 Moysen
1602 3781 1638 3840 et
1654 3777 1781 3859 Helya,

447 3904 556 3965 super
587 3886 716 3947 montis
748 3886 945 3964 theologice
968 3886 1104 3947 vertice
1127 3886 1301 3958 veritatis,
1328 3886 1442 3946 solum
1465 3884 1631 3965 Xpistum
1655 3885 1782 3946 audire

448 3993 632 4063 tutissime,
668 3992 726 4053 vel
749 4011 829 4053 cum
852 3991 997 4053 Martha
1020 3993 1094 4054 vite
1117 3993 1283 4055 insistere
1305 3993 1432 4065 active,
1466 4010 1538 4071 que
1560 3991 1780 4071 imperfectis

447 4102 513 4161 sub
538 4099 599 4161 illa
621 4098 766 4161 Martha
791 4103 845 4162 est
867 4118 890 4161 a
908 4098 1037 4179 Xpisto
1062 4118 1243 4162 concessa.
1267 4099 1418 4162 Mixtam
1440 4118 1528 4162 vero
1551 4099 1643 4161 hanc
1669 4101 1781 4160 scien·

447 4208 539 4268 ciam
566 4207 690 4267 mundi
712 4210 752 4268 ut
775 4209 1010 4269 communiter
1033 4208 1190 4291 nondum
1207 4208 1479 4287 practicandam
1500 4208 1686 4277 concessit,
1711 4206 1782 4267 nisi

447 4316 562 4375 status
578 4314 635 4376 hic
651 4316 770 4394 gracie
786 4315 929 4376 dicatur
944 4333 1022 4376 esse
1039 4312 1235 4393 perfectior
1251 4315 1311 4377 illo
1330 4315 1537 4377 innocencie
1554 4316 1658 4381 bono.
1683 4314 1782 4392 quod

447 4437 528 4482 esus
553 4424 588 4482 et
620 4439 705 4483 usus
730 4422 870 4483 arboris
894 4422 1047 4484 sciencie
1081 4422 1166 4483 boni
1200 4426 1235 4484 et
1258 4418 1343 4483 mali
1371 4421 1542 4483 divinitus
1567 4421 1781 4483 interdictus

446 4527 589 4590 occidit.

555 4853 575 4920 ¹)
594 4856 732 4909 PROCUL.
749 4858 796 4908 De
817 4855 934 4919 Cousts,
952 4834 1082 4922 Propos.
1098 4857 1155 4908 102.
1169 4855 1213 4909 Ci.
1227 4854 1257 4908 S.
1273 4853 1380 4908 Trioni.
1404 4855 1568 4920 Commeat,
1585 4860 1614 4909 in
1635 4859 1783 4921 eamdem,

445 4945 514 4997 lect.
534 4944 570 4995 X.
861 4988 865 4995 .

554 5032 574 5099 Ψ)
594 5033 637 5087 ci.
653 5036 765 5101 psalm.
784 5033 942 5097 LXXXIV,
963 5035 1006 5086 12.

554 5121 574 5188 Η)
592 5124 675 5177 Pour
698 5126 854 5191 extemplo.
