4300 6117
445 885 512 947 250
948 894 1108 949 LUCULA
1130 892 1269 948 NOCTIS

444 1136 538 1179 nova
561 1118 754 1188 videretur,
780 1119 889 1180 teste
911 1115 1175 1189 Lactancio¹,
1200 1117 1276 1179 sive
1299 1117 1392 1179 alter
1408 1116 1574 1197 indiguus
1590 1118 1780 1189 nominari,

444 1226 575 1287 dixerit
597 1225 712 1287 Deum
734 1244 806 1286 non
830 1243 917 1297 esse,
943 1243 1051 1286 ausus
1085 1243 1157 1286 non
1186 1225 1253 1285 luit
1282 1225 1403 1303 palam
1437 1224 1475 1286 id
1510 1224 1684 1304 profiteri,
1711 1242 1782 1303 quo

444 1333 557 1394 eciam
590 1332 808 1394 mulierculis
843 1332 1015 1393 evaderet
1051 1332 1207 1403 odiosus,
1239 1332 1334 1394 sed:
1374 1332 1506 1393 «Dixit
1544 1332 1716 1411 insipiens
1744 1332 1782 1392 in

443 1441 552 1503 corde
576 1458 662 1501 suo:
687 1438 765 1500 Non
789 1441 845 1500 est
866 1438 963 1501 Deus
983 1438 1035 1499 »ἦ
1072 1438 1252 1500 Precessit
1275 1442 1395 1501 tamen
1418 1439 1547 1512 David,
1562 1440 1625 1519 qui
1648 1438 1780 1501 cecinit

351 1526 357 1535 ¹
441 1548 519 1620 hoc,
543 1548 643 1610 illum
666 1545 861 1625 Epicurum
885 1546 987 1607 annis
1015 1545 1128 1608 ferme
1161 1546 1374 1626 septingenti
1396 1547 1676 1627 quinquaginta;
1702 1546 1781 1624 qui·

443 1673 595 1734 cumque
619 1656 737 1716 tamen
768 1654 884 1726 tuerit,
910 1654 1046 1715 utinam
1080 1644 1262 1732 nunquam
1296 1651 1450 1715 luisset!
1475 1652 1586 1716 Recte
1609 1652 1781 1731 insipiens

442 1762 655 1833 nominatur,
681 1762 743 1840 qui
766 1779 874 1822 ausus
899 1763 954 1822 est
977 1761 1099 1822 dicere
1124 1762 1237 1821 eciam
1261 1761 1297 1821 in
1323 1760 1434 1823 corde
1458 1779 1532 1832 suo,
1559 1760 1658 1840 quod
1680 1776 1781 1821 mens

442 1869 655 1930 naturaliter
691 1871 806 1948 negat.
852 1866 907 1928 Ex
940 1868 1008 1928 hoc
1046 1867 1162 1946 primo
1198 1868 1332 1929 inserto
1367 1868 1545 1947 principio
1583 1866 1782 1947 gramatice

443 1975 620 2039 catholica
655 1975 763 2047 venit,
788 1992 857 2053 que
894 1977 950 2036 est
983 1974 1191 2036 auctoritati
1225 1977 1387 2036 veterum
1423 1976 1593 2048 credere3
1624 1974 1778 2045 illorum,

443 2084 594 2147 dixerim
608 2086 631 2153 ²,
655 2085 826 2153 veterum,
851 2082 913 2160 qui
930 2100 1010 2142 cum
1026 2082 1088 2144 illo
1103 2082 1310 2144 desiderato
1324 2080 1605 2144 familiaritatem
1620 2082 1782 2160 aliquam

443 2192 514 2253 sint
537 2190 663 2261 sortiti,
688 2191 865 2250 noverunt
887 2208 930 2250 ex
952 2191 1066 2268 parte,
1092 2192 1312 2261 amaverunt,
1338 2189 1452 2251 secuti
1474 2192 1566 2261 sunt,
1594 2206 1662 2268 per
1689 2205 1782 2266 quos

442 2299 546 2360 nobis
570 2314 712 2376 quoque
737 2277 982 2375 dignatusest
1005 2296 1114 2375 loqui.

208 2416 238 2477 Β
254 2416 329 2479 savo
376 2417 428 2481 13,
549 2402 622 2466 Sed
658 2404 778 2466 omnia
812 2403 909 2465 dicta
926 2394 940 2485 Ι
966 2407 1172 2465 sanctorum
1206 2404 1290 2465 novi
1327 2407 1363 2466 et
1391 2404 1524 2466 veteris
1557 2399 1782 2465 Testamenti

443 2512 623 2574 ratissima
645 2511 822 2590 principia
845 2513 929 2572 suut
950 2509 1230 2589 Xpistiauorum,
1248 2511 1438 2590 exquibus
1462 2511 1607 2572 demum
1623 2510 1780 2589 pruden-

441 2620 578 2691 tissimi,
603 2618 892 2697 eloquentissimi,
918 2617 1159 2691 eruditissimi,
1185 2637 1322 2680 necnon
1347 2618 1562 2680 sanctissimi
1589 2618 1659 2678 viri
1688 2617 1781 2677 alias

238 2718 353 2782 ῙιἸ4*ο
443 2727 687 2789 conclusiones
718 2724 871 2796 eliciunt,
910 2726 1006 2787 circa
1036 2725 1075 2786 id
1105 2726 1258 2804 primum
1289 2727 1455 2788 continue
1485 2726 1745 2788 concordantes
1761 2713 1777 2805 ll

443 2853 513 2914 que
549 2833 767 2895 lucidissime
803 2833 975 2894 roborant
1009 2832 1237 2894 intellectum.
1283 2831 1379 2895 Ecce
1415 2833 1511 2911 quod
1545 2832 1615 2903 illa,
1641 2851 1663 2893 a
1697 2832 1779 2893 luce

441 2959 556 3028 prava
578 2939 788 3020 procedens,
812 2940 848 3000 iu
878 2940 1008 3001 densas
1042 2940 1211 3001 tenebras
1246 2940 1370 3008 tendit,
1395 2940 1457 3001 ubi
1494 2939 1629 3009 delusa,
1654 2940 1779 3001 nescio

442 3066 532 3128 quos
555 3050 659 3129 putat
683 3066 721 3108 se
745 3047 922 3126 reperisse
946 3048 1054 3120 deos;
1081 3048 1150 3108 ista
1173 3065 1269 3118 vero,
1294 3049 1341 3109 ab
1378 3048 1538 3129 elegante
1578 3047 1658 3108 luce
1695 3065 1779 3126 pro·

440 3167 573 3236 gressa,
597 3173 664 3234 per
687 3154 803 3216 lucem
824 3154 1000 3234 gradiens,
1026 3172 1168 3233 semper
1191 3153 1394 3233 proficiens,
1428 3155 1465 3214 in
1488 3153 1779 3233 limpidissimum

440 3263 669 3343 splendorem
705 3262 819 3323 aciem
844 3262 972 3341 dirigit,
996 3280 1062 3323 nec
1086 3261 1171 3322 inde
1193 3279 1349 3340 unquam
1383 3280 1462 3323 eam
1500 3260 1665 3323 reflectit.
1710 3260 1778 3321 Illa

440 3370 508 3432 scit
531 3372 571 3431 ut
595 3369 730 3441 credat,
755 3368 820 3430 hec
844 3386 929 3429 vero
954 3369 1070 3430 credit
1094 3371 1133 3430 ut
1157 3369 1262 3430 sciat:
1294 3368 1362 3430 hoc
1385 3372 1448 3441 est,
1474 3370 1574 3448 quod
1610 3369 1673 3431 ubi
1715 3368 1778 3429 illa

440 3477 608 3538 terminat
631 3494 736 3537 omne
749 3494 856 3555 posse
872 3494 984 3547 suum,
1009 3476 1148 3538 dicens:
1178 3473 1276 3537 Unus
1300 3488 1383 3557 ergo
1409 3477 1589 3556 princeps,
1608 3477 1678 3538 ista
1696 3494 1777 3537 exo·

402 3606 410 3623 ·
439 3584 539 3655 ritur,
565 3586 601 3645 et
624 3584 688 3645 ait:
716 3581 866 3643 «Credo
891 3583 927 3642 in
950 3601 1059 3644 unum
1082 3582 1196 3644 Deum
1220 3582 1364 3645 Patrem
1387 3584 1677 3663 omnipotentem,
1703 3582 1775 3644 iac·

438 3694 553 3753 torem
576 3689 644 3752 celi
667 3692 703 3751 et
726 3692 868 3752 terre».
893 3688 959 3750 Illa
983 3708 1049 3768 per
1069 3691 1263 3768 quamdam
1286 3690 1418 3757 lineam
1442 3693 1578 3752 rectam
1600 3690 1774 3771 procedit,

438 3800 487 3869 ut,
512 3798 542 3858 si
567 3797 703 3876 ceperit
727 3796 840 3858 eciam
864 3798 900 3857 in
923 3797 1065 3858 modico
1090 3816 1222 3869 errare,
1248 3798 1294 3859 sit
1318 3816 1420 3859 error
1434 3798 1607 3859 maximus
1624 3800 1660 3860 iu
1676 3796 1775 3859 fine:

438 3905 508 3966 ista
531 3922 597 3983 per
620 3904 831 3965 circularem
854 3905 1002 3965 cordam
1026 3905 1095 3965 iter
1126 3917 1244 3983 agens,
1270 3905 1367 3965 circa
1402 3906 1564 3965 centrum
1592 3924 1776 3986 nunquam

436 4030 508 4072 non
532 4012 678 4082 intenta,
705 4011 832 4090 quovis
855 4012 961 4072 modo
985 4012 1101 4074 nescit
1125 4030 1256 4073 errare.
1304 4009 1363 4073 Sic
1386 4012 1449 4073 ubi
1472 4012 1577 4074 simul
1607 4013 1643 4073 in
1667 4032 1776 4073 unum

436 4117 551 4179 Deum
574 4119 757 4189 occurunt,
782 4118 844 4178 illa
867 4122 1019 4180 conatur
1042 4119 1149 4181 istam
1171 4137 1236 4199 per
1259 4138 1360 4181 suam
1383 4119 1515 4179 lineam
1535 4120 1722 4199 procelare
1739 4121 1775 4181 et

436 4226 501 4286 hec
524 4225 624 4286 illam
646 4244 713 4304 per
735 4226 975 4287 orbicularem
997 4226 1034 4286 in
1057 4226 1227 4287 methodo
1261 4227 1397 4288 situare
1431 4226 1581 4297 directo,
1606 4244 1774 4305 quarum,

436 4352 517 4394 cum
539 4334 657 4394 motus
681 4335 717 4393 et
739 4334 837 4394 visus
861 4335 1100 4412 opponantur,
1126 4352 1274 4395 necesse
1297 4336 1352 4395 est
1374 4335 1414 4395 ut
1436 4352 1507 4395 uua
1543 4334 1589 4395 sit
1624 4334 1775 4396 alterius

435 4439 655 4518 impeditiva.
693 4438 741 4501 Et
763 4440 830 4501 hoc
855 4442 909 4501 est
934 4440 1032 4518 quod
1052 4440 1089 4501 in
1112 4441 1271 4519 presenti
1295 4444 1400 4519 parte
1435 4442 1634 4519 putabatur
1669 4452 1775 4521 agen·

435 4547 530 4608 dum.

541 4872 573 4931 α)
594 4884 629 4916 :
646 4870 792 4921 dicerem.

492 5030 496 5036 ·
542 5019 565 5086 ¹)
583 5020 628 5074 cl.
645 5022 825 5083 Lucriucn,
844 5023 945 5075 Drvrn.
965 5025 1039 5076 Inar.
1063 5024 1133 5087 1,11.
1152 5024 1187 5075 1n
1208 5023 1299 5091 oper.
1318 5027 1339 5077 t.
1358 5026 1408 5089 vl,
1427 5028 1486 5080 col.
1507 5026 1567 5085 12⁰.

543 5108 565 5175 ²)
585 5110 629 5163 cf.
644 5112 766 5176 psalm,
784 5110 863 5174 x111,
883 5112 908 5163 1.

994 5233 1207 5243 ———.
