4300 6117
835 940 1023 994 rouaums
1046 940 1231 993 nounucr
1321 988 1325 995 ,
1634 929 1700 993 353

361 1166 467 1245 quod,
496 1183 586 1244 quos
610 1166 679 1245 ipsi
702 1168 807 1245 pater
829 1165 949 1228 Iove'm
972 1169 1180 1246 nuncupant
1205 1166 1303 1237 deos,
1329 1184 1393 1227 nos
1417 1164 1584 1244 proprius
1612 1164 1699 1226 dici·

360 1292 438 1334 mus
464 1274 619 1345 sanctos,
643 1273 757 1352 liquet
779 1292 870 1353 quos
893 1276 1037 1335 sanctos
1062 1274 1245 1344 infamant,
1272 1272 1357 1333 dum
1380 1272 1427 1334 de
1459 1271 1527 1333 hiis
1562 1271 1700 1334 scelera

361 1381 526 1460 ingencia
552 1381 711 1452 narrant,
737 1399 808 1442 non
830 1381 946 1442 solum
969 1380 1152 1442 naturales
1177 1380 1433 1441 elementorum
1455 1377 1606 1441 eftectus
1622 1379 1697 1458 pin·

351 1489 495 1567 gentes,
520 1486 585 1548 sed
608 1472 831 1565 perditorum
855 1486 1036 1549 hominnm
1060 1487 1300 1567 turpitudines
1332 1486 1513 1568 hystorice
1547 1484 1697 1547 transfe-

361 1595 480 1655 rentes
515 1594 551 1654 in
588 1612 657 1655 eos
702 1592 780 1655 Hoc
816 1594 982 1656 docuisse
1018 1593 1204 1655 Platonem
1239 1612 1311 1656 non
1345 1594 1500 1673 ambigit,
1537 1592 1698 1672 quisquis

362 1700 602 1780 Apuleium
637 1700 857 1780 platonicum
890 1702 991 1781 leget,
1032 1702 1126 1763 fictis
1161 1701 1379 1762 carminibus
1414 1719 1437 1761 a
1470 1700 1587 1780 poetis
1611 1699 1698 1761 deos

363 1808 575 1869 infamantes
600 1807 780 1869 alentem.¹
1611 1791 1614 1799 ¹

467 1912 523 1975 Ex
560 1913 628 1974 hiis
667 1915 830 1975 omnibus
867 1915 1011 1976 videtur
1048 1916 1238 1977 concludi:
1277 1918 1404 1993 poetas
1428 1914 1589 1976 inimicos
1612 1932 1697 1975 vere
1716 1912 1746 1974 5.

362 2020 559 2090 fideliore,
585 2025 621 2083 et
642 2023 770 2101 procul
804 2040 826 2082 a
860 2020 1029 2083 fidelibus
1065 2022 1271 2101 abigendos,
1307 2040 1388 2083 cum
1422 2022 1482 2082 vix
1521 2021 1700 2084 coalescat

363 2129 540 2191 catholica
562 2128 655 2192 iides
678 2130 716 2190 in
739 2130 835 2190 arvis
859 2130 1035 2191 mencium
1058 2130 1248 2191 veritatem
1276 2128 1560 2190 mendicancinm
1596 2131 1632 2190 et
1655 2129 1701 2189 ab

362 2238 538 2298 universis
561 2234 779 2298 falsitatibus
804 2237 1075 2306 abstinencium,
1101 2255 1172 2298 non
1196 2238 1311 2297 solum
1334 2240 1484 2316 propter
1507 2236 1562 2298 sni
1587 2236 1699 2298 excel·

363 2343 523 2415 lenciam,
549 2344 634 2422 quia
649 2343 851 2405 intellectus
864 2344 1014 2405 viatoris
1031 2347 1114 2423 post
1129 2343 1284 2423 primum
1300 2347 1488 2423 peccatum
1511 2343 1698 2406 hebetatas

363 2452 458 2512 vires
475 2450 706 2521 transcendit,
721 2449 786 2512 sed
800 2452 950 2529 propter
966 2450 1107 2529 antiqui
1125 2450 1301 2529 serpentis
1317 2451 1528 2529 nequiciam,
1546 2450 1699 2512 humane

363 2557 556 2619 invidentis
591 2557 708 2627 saluti,
745 2557 963 2635 scientisque
1009 2558 1108 2635 quod
1142 2558 1220 2619 sola
1254 2556 1347 2618 fides
1382 2560 1446 2629 est,
1483 2576 1554 2637 qna
1590 2558 1703 2619 iustus

363 2665 461 2725 vivit.
485 2663 564 2726 Hec
586 2664 720 2725 veritas
744 2664 921 2725 neminem
942 2665 1042 2737 latet,
1069 2665 1131 2743 qui
1156 2665 1387 2725 mediocriter
1410 2664 1615 2727 considerat
1630 2668 1702 2726 tur·

363 2758 447 2833 bam
468 2772 627 2833 virorum
651 2771 849 2851 legencium
882 2771 1043 2832 fidelium
1080 2772 1192 2833 libros
1226 2774 1336 2851 atque
1369 2772 1559 2851 gentilium,
1584 2772 1702 2852 hysto-

364 2880 436 2940 rias
474 2896 591 2958 pares,
617 2878 759 2958 equalia
793 2879 976 2951 miracula,
1001 2878 1137 2939 bomini
1171 2878 1314 2949 similes,
1339 2897 1456 2941 mores
1487 2880 1601 2942 bonos
1631 2900 1704 2942 ma·

363 2974 472 3057 losve,
513 2986 706 3047 recitantes
739 3003 809 3046 non
849 2986 1035 3064 disputare
1074 2986 1120 3045 de
1159 2986 1312 3047 veritate
1348 2985 1547 3047 infidelium
1582 2991 1617 3050 et
1657 2990 1704 3050 de

365 3093 549 3156 catholicis
573 3092 679 3153 dictis
703 3092 830 3179 saltem
855 3092 1003 3153 interius
1028 3110 1113 3171 sepe
1144 3094 1322 3172 temptari.
1371 3092 1467 3178 Quid
1502 3112 1611 3156 cause
1644 3094 1701 3158 hic

365 3200 589 3265 reddendum
612 3202 789 3279 putamus,
814 3199 882 3260 nisi
905 3200 990 3278 quia
1012 3198 1073 3260 ille
1096 3199 1226 3270 littere,
1252 3218 1323 3279 quo
1355 3197 1419 3261 aut
1452 3200 1500 3262 ad
1531 3202 1702 3281 dampna·

364 3309 502 3370 cionem
526 3307 707 3378 inclinant,
732 3308 795 3367 aut
819 3324 889 3367 non
912 3304 1110 3384 proficiunt
1133 3307 1181 3368 ad
1205 3307 1366 3395 salutem,
1392 3326 1464 3369 non
1478 3308 1603 3370 ledunt
1619 3328 1702 3371 auc·

364 3418 478 3477 torem
504 3432 627 3476 eorum
652 3413 701 3474 ad
728 3414 910 3474 interitum
932 3412 1126 3474 humanum
1150 3414 1383 3475 laborantem.
1409 3414 1480 3476 Iste
1495 3434 1593 3487 vero,
1610 3435 1700 3496 quas

364 3522 460 3583 Deus
485 3520 637 3582 tradidit
660 3520 755 3581 solas
780 3520 982 3581 sanctitatis
1006 3520 1206 3599 magistras,
1231 3538 1371 3582 omnem
1387 3520 1552 3583 fraudem
1568 3523 1702 3603 dyabo-

364 3630 519 3691 bolicam
542 3628 720 3707 detegunt,
743 3629 783 3688 ut
806 3628 878 3687 iam
900 3646 970 3687 non
994 3628 1109 3706 possit
1134 3640 1348 3707 expugnare.
1394 3627 1441 3690 Et
1465 3629 1496 3691 si
1518 3620 1533 3712 Η
1567 3630 1702 3709 aliqua·
1779 3639 1809 3699 L
1827 3637 1924 3699 103νο

364 3737 447 3797 liter
469 3736 680 3814 impugnare,
701 3751 926 3813 quemquam,
951 3734 1111 3813 undique
1124 3732 1270 3797 Litteris
1294 3736 1407 3796 sacris
1427 3738 1614 3808 armatum,
1631 3755 1703 3799 non

276 3839 278 3841 ’
365 3843 470 3922 igitur
493 3841 593 3920 quod
615 3841 867 3903 duodecimum
890 3839 1031 3920 flagitat
1054 3845 1312 3921 argumentum,
1337 3842 1382 3903 de
1407 3844 1567 3921 qualibet
1590 3844 1701 3924 scrip·

366 3952 446 4011 tura
469 3948 636 4010 Paulus
660 3950 759 4009 extat
781 3948 931 4019 locutus,
956 3948 1018 4009 ubi
1042 3948 1108 4010 ait:
1131 3947 1394 4033 <Quecumque
1417 3951 1553 4030 scripta
1576 3952 1658 4012 sunt
1673 3942 1699 4033 Ι“,
1781 3960 1811 4021 Β
1827 3958 1903 4025 87v0

364 4056 413 4117 ad
435 4058 596 4117 nostram
619 4055 822 4116 doctrinam
844 4055 980 4134 scripta
1003 4058 1088 4116 sunt
1106 4078 1121 4111 n
1141 4055 1162 4129 2,
1204 4056 1270 4118 sed
1297 4054 1418 4118 tamen
1440 4057 1488 4118 de
1512 4055 1698 4137 Scriptura

365 4162 535 4224 divinitus
570 4162 754 4241 inspirata,
779 4162 872 4224 sicut
910 4163 946 4223 in
984 4162 1057 4224 alia
1096 4162 1248 4242 epistola
1262 4161 1283 4234 ³,
1323 4165 1426 4243 quasi
1464 4164 1563 4243 prius
1603 4165 1701 4227 dicta

366 4269 555 4331 declarans
579 4270 744 4348 apercius
768 4268 921 4348 scripsit.
948 4267 1101 4349 Propter
1125 4269 1192 4331 hoc
1208 4270 1303 4331 idem
1318 4271 1526 4350 predicator
1542 4272 1636 4333 mitis
1653 4272 1701 4333 ad

365 4377 573 4437 memoriam
596 4376 797 4447 revertitur,
823 4375 971 4437 dicens:
999 4375 1166 4438 «Stultas
1204 4379 1240 4439 et
1273 4377 1351 4439 sine
1385 4378 1574 4458 disciplina
1599 4396 1701 4457 ques·

365 4492 479 4553 tiones
505 4491 651 4554 devita:
677 4492 793 4553 sciens
817 4492 903 4570 quia
926 4495 1098 4571 generant
1123 4492 1214 4554 lites.
1245 4490 1395 4555 Servum
1419 4496 1538 4555 autern
1561 4493 1703 4555 Domini

369 4728 581 4737 -———--.—-

472 4927 492 4995 ²)
512 4931 537 5003 Il
556 4930 643 4999 s'agit
661 4932 704 4984 du
721 4932 801 4984 livre
820 4931 1000 4998 d'Apuleius
1021 4933 1058 4984 de
1076 4934 1144 4985 Deo
1163 4931 1309 4995 Socratis,
1328 4948 1388 5000 que
1405 4932 1559 4986 Dominici
1579 4934 1702 4986 connalt

366 5018 486 5072 surtont
503 5019 658 5073 ttravers
677 5019 706 5072 S.
719 5020 800 5073 Aue.
820 5020 864 5073 Cf.
882 5022 929 5073 De
946 5019 1030 5073 civit.
1047 5022 1115 5084 Det,
1127 5020 1205 5085 v111,
1220 5030 1285 5073 xlv.
1307 5022 1342 5074 In
1363 5021 1452 5088 Oper.
1467 5024 1487 5075 t.
1500 5021 1564 5087 Vll,
1576 5021 1702 5076 col.239.

472 5104 494 5171 ²)
511 5108 542 5161 S.
564 5108 671 5173 PAUL,
691 5111 734 5162 ud
750 5110 847 5173 Rom,
865 5110 928 5173 XV,
946 5111 972 5162 4.

474 5193 494 5261 ³)
510 5198 555 5249 Iu.
574 5198 603 5249 11
626 5197 697 5250 Tim.
716 5198 766 5264 111,
787 5199 828 5252 16.

1566 5323 1594 5364 23
