4300 6117
467 902 533 966 274
971 912 1129 967 LUCULA
1152 912 1292 966 NOCTIS

466 1138 502 1196 et
514 1136 742 1215 postmodum
754 1135 799 1197 de
813 1134 927 1207 Anna,
942 1154 1012 1215 que
1026 1136 1237 1217 estgracia1.
1253 1174 1294 1182 —
1307 1137 1364 1208 Et,
1378 1141 1460 1217 post
1476 1157 1602 1217 pauca,
1616 1139 1799 1217 sequitur:

468 1241 590 1322 «inde
614 1241 769 1320 denique
792 1241 960 1304 Salomon
983 1244 1105 1323 plures
1130 1244 1235 1305 simul
1257 1243 1427 1307 habuisse
1450 1247 1605 1306 retertur
1635 1263 1763 1306 uxores
1777 1242 1799 1315 ²,

466 1350 524 1411 cui
547 1348 687 1411 dixerat
708 1349 904 1411 Dominus:
929 1347 1112 1430 «Sapiens
1136 1354 1220 1413 ante
1252 1354 1287 1412 te
1319 1370 1390 1413 non
1404 1342 1418 1434 ll
1444 1350 1626 1423 initialis,
1652 1355 1687 1413 et
1719 1354 1803 1431 post

464 1459 501 1517 te
525 1475 595 1517 non
618 1457 688 1517 erit
703 1479 730 1518 ».
770 1456 863 1542 Quia
887 1469 970 1538 ergo
1005 1457 1158 1519 dederat
1193 1459 1226 1520 ei
1259 1458 1432 1520 Dominus
1468 1463 1504 1520 et
1537 1459 1802 1520 multitudinem

465 1564 670 1643 prudencie,
695 1564 788 1625 sicut
817 1582 928 1625 arena
958 1567 1012 1626 est
1044 1566 1153 1626 maris
1170 1563 1192 1637 ³,
1216 1568 1256 1627 ut
1287 1566 1465 1627 iudicaret
1495 1566 1667 1646 populum
1698 1584 1802 1626 suum

465 1672 502 1732 in
524 1672 731 1751 sapiencia:
757 1671 849 1744 ideo,
872 1671 1043 1751 plurimas
1067 1672 1172 1733 simul
1195 1674 1338 1751 poterat
1361 1692 1529 1735 exercere
1550 1674 1712 1734 virtutes.

397 1775 449 1840 16.
574 1776 695 1839 «Sane
718 1782 840 1857 preter
862 1777 940 1850 hoc,
964 1779 1062 1857 quod
1087 1798 1130 1839 ex
1153 1779 1230 1859 lege
1251 1779 1317 1841 Dei
1340 1779 1542 1851 edocemur,
1567 1780 1598 1840 si
1620 1780 1735 1841 eciam
1757 1796 1802 1839 ex

464 1884 531 1946 hiis
556 1885 832 1956 erudicionibus,
856 1903 926 1963 que
950 1886 1171 1948 extrinsecus
1186 1888 1355 1948 videntur
1368 1906 1447 1948 esse
1461 1887 1498 1947 in
1513 1886 1644 1958 seculo,
1661 1886 1802 1964 aliquas

466 1992 719 2071 contingamus,
756 1993 859 2053 verbi
881 2011 1001 2063 causa,
1026 1995 1066 2054 ut
1090 1997 1145 2055 est
1167 1994 1327 2055 erudicio
1350 1994 1551 2055 litterarum
1575 1993 1633 2055 vel
1656 1993 1803 2054 arisme·

466 2100 545 2171 tice,
569 2102 609 2160 ut
633 2102 686 2160 est
709 2100 902 2178 geometrie
926 2100 1100 2171 doctrina,
1126 2100 1184 2161 vel
1206 2102 1304 2162 racio
1334 2119 1571 2173 numerorum,
1596 2101 1654 2162 vel
1688 2101 1803 2161 eciam

465 2206 667 2287 dyalectica
690 2206 890 2285 disciplina.
914 2205 962 2268 Et
985 2206 1049 2268 hec
1074 2209 1202 2278 omnia,
1228 2209 1448 2270 extrinsecus
1472 2208 1622 2287 quesita,
1644 2208 1695 2269 ad
1723 2225 1803 2268 nos·

466 2317 523 2375 tra
546 2313 708 2375 instituta
732 2313 972 2393 producimus,
998 2318 1108 2392 atque
1131 2316 1168 2375 in
1190 2317 1431 2377 assercionem
1455 2318 1577 2376 nostre
1592 2316 1679 2395 legis
1704 2333 1803 2376 assu·

465 2422 592 2482 mimus
611 2440 617 2481 :
641 2423 726 2482 tunc
741 2420 943 2482 videbimur
959 2423 1016 2482 vel
1031 2421 1250 2502 alienigenas
1263 2423 1299 2483 in
1316 2423 1579 2483 matrimonium
1596 2423 1802 2502 sumpsisse,

465 2528 523 2589 vel
547 2528 661 2589 eciam
685 2528 912 2589 concubinas.
936 2526 984 2588 Et
1008 2529 1037 2588 si
1060 2528 1106 2590 de
1129 2527 1333 2590 huiusmodi
1366 2530 1537 2609 coniugiis
1572 2529 1803 2609 disputando,

466 2634 686 2706 disserendo,
727 2633 1015 2696 contradicentes
1053 2636 1292 2715 rearguendo,
1334 2639 1543 2697 convertere
1578 2637 1717 2714 aliquos
1754 2636 1804 2697 ad

464 2740 575 2803 iidem
598 2742 805 2821 poterimus,
831 2744 866 2802 et
890 2759 951 2802 eos
980 2743 1053 2802 suis
1092 2743 1296 2804 racionibus
1332 2745 1368 2803 et
1403 2743 1542 2804 artibus
1580 2746 1802 2822 superantes,

465 2852 588 2909 veram
623 2847 884 2927 philosophiam
922 2846 1040 2928 Xpisti
1083 2852 1118 2910 et
1153 2868 1276 2910 veram
1311 2850 1481 2929 pietatem
1519 2849 1587 2911 Dei
1620 2851 1804 2929 suscipere

466 2955 759 3035 persuaserimus,
783 2958 867 3016 tunc
892 2974 935 3015 ex
959 2955 1160 3036 dyalectica
1193 2956 1250 3017 vel
1274 2956 1453 3018 rethorica
1476 2956 1680 3018 videbimur
1701 2957 1805 3035 quasi

466 3082 509 3123 ex
532 3061 732 3141 alienigena
755 3062 922 3140 quadam,
947 3063 1004 3124 vel
1029 3063 1230 3124 concubina
1263 3061 1357 3124 filios
1391 3064 1562 3143 genuisse.
1609 3062 1723 3143 Igitur
1756 3063 1804 3124 ad

465 3170 556 3231 tales
590 3170 750 3247 nupcias,
775 3168 832 3229 vel
857 3170 906 3230 ad
939 3169 1143 3231 huiusmodi
1181 3169 1274 3231 tilios
1308 3171 1563 3250 procreandos,
1588 3171 1705 3231 nullus
1740 3189 1807 3250 per

465 3279 646 3338 senectam
679 3275 888 3348 excluditur,
912 3295 1030 3357 ymmo
1066 3280 1168 3338 casta
1205 3278 1391 3357 progenies
1426 3279 1566 3339 mature
1601 3279 1690 3338 etati
1723 3278 1805 3357 plus

466 3384 639 3444 convenit.
676 3381 776 3444 Sicut
815 3386 851 3443 et
888 3402 980 3445 nunc
1013 3382 1198 3445 Habraam
1229 3386 1440 3463 grandevus,
1477 3388 1521 3455 et,
1546 3388 1585 3446 ut
1616 3382 1806 3463 Scriptura

466 3491 562 3562 dicit,
587 3509 695 3552 senex
718 3493 754 3551 et
774 3490 901 3570 plenus
924 3490 1073 3561 dierum,
1099 3488 1291 3552 Cethuram
1315 3492 1416 3553 duxit
1439 3509 1586 3552 uxorem
1603 3512 1617 3544 »
1633 3489 1655 3551 ⁴.

398 3591 450 3655 17.
575 3596 691 3659 Multa
724 3598 795 3658 alia
827 3598 876 3658 ad
911 3597 1003 3658 hunc
1038 3597 1148 3658 tinem
1179 3598 1313 3678 pluries
1346 3600 1384 3659 in
1417 3600 1545 3660 eodem
1579 3598 1683 3671 libro,
1708 3599 1805 3660 idem

466 3702 628 3785 Origines
651 3706 860 3784 pertractat,
884 3722 1071 3783 usquequo
1105 3703 1217 3767 iaciat
1252 3703 1479 3767 manifestum
1514 3724 1577 3767 cor
1602 3703 1805 3768 Salomonis

465 3811 575 3873 tuisse
613 3813 825 3873 subversum
874 3812 1079 3891 multiplicis
1128 3814 1290 3891 gencium
1337 3811 1581 3873 familiaritate
1630 3813 1803 3883 doctrine,

465 3937 573 3997 quam
596 3917 783 3998 Scriptura
806 3920 946 3997 reginas
969 3920 1138 3991 nominat,
1163 3938 1291 3981 uxores
1316 3923 1352 3981 et
1375 3920 1602 3982 concubinas.
1639 3918 1699 3981 Sic
1727 3920 1806 3998 ipse

465 4025 680 4106 reprehendi
703 4045 774 4087 non
811 4044 913 4087 senes
936 4025 1063 4087 fideles
1088 4027 1154 4088 sub
1178 4026 1373 4098 Habraam,
1398 4028 1463 4088 sed
1488 4046 1569 4087 cum
1602 4025 1803 4096 Salomone,

466 4135 581 4195 eciam
605 4153 625 4194 a
649 4133 801 4194 Domino
835 4134 1000 4213 primitus
1035 4134 1225 4207 illustrato,
1250 4135 1466 4206 iuvenculos,
1493 4133 1652 4195 nondum
1686 4133 1806 4213 Xpisti

577 4556 596 4622 ¹)
617 4557 866 4625 cf.1Reg.1,3.

576 4646 595 4712 ²)
615 4647 661 4699 Ci.
689 4648 731 4699 111
749 4649 822 4715 Reg.
848 4658 889 4710 xl,
918 4647 953 4699 3:
983 4648 1205 4715 ‹Fueruntque
1231 4649 1259 4701 ei
1283 4663 1397 4701 uxores
1425 4647 1515 4715 qnasi
1540 4648 1667 4715 reginae
1692 4648 1802 4714 septin-

468 4739 579 4807 gentae
599 4739 629 4789 et
649 4737 838 4789 concubinae
856 4738 1048 4790 trecentae».

575 4824 595 4891 3)
616 4826 659 4879 Ci.
679 4826 720 4877 111
739 4827 812 4893 Reg.
830 4834 872 4888 Ν,
891 4825 940 4878 29:
977 4825 1094 4877 «Dedit
1119 4841 1243 4892 quoque
1261 4825 1345 4878 Deus
1373 4827 1557 4893 sapientiam
1582 4824 1748 4885 Salomoni,
1774 4824 1803 4876 et

467 4917 664 4984 prudentiam
682 4916 811 4967 multam
829 4914 929 4977 nimis,
949 4916 980 4967 et
996 4916 1191 4968 latitudinem
1210 4916 1322 4979 cordis,
1347 4916 1435 4981 qnasi
1454 4930 1590 4977 arenam,
1611 4929 1691 4981 quae
1710 4913 1804 4967 estin

468 5007 574 5058 littore
596 5006 723 5057 maris».

574 5092 595 5160 ⁴)
614 5094 658 5147 Ci.
675 5094 781 5147 Genea.
794 5093 884 5158 XXV,
899 5096 923 5145 1.
942 5122 968 5130 -
993 5095 1035 5146 Ici
1055 5110 1088 5147 se
1107 5095 1238 5148 termine
1257 5096 1337 5147 cette
1355 5096 1468 5162 longus
1487 5094 1615 5147 citation
1634 5092 1803 5161 d'Origtne.

469 5185 586 5236 Homel.
606 5184 651 5236 XI
669 5187 700 5235 in
722 5183 870 5236 Genesim.
890 5184 925 5235 In
946 5182 1036 5250 Oper.
1056 5184 1092 5247 11,
1111 5184 1238 5237 220·223.
