4300 6117
254 1262 282 1322 B
301 1261 376 1323 14v0

402 1154 452 1217 13.

470 928 514 991 70
975 937 1133 991 LUCULA
1156 935 1296 991 NOCTIS

579 1155 677 1221 Talis
700 1158 793 1220 enim
817 1161 872 1220 est
895 1159 1118 1220 continencia
1135 1157 1319 1239 Scripture
1344 1160 1463 1221 divine
1488 1161 1612 1222 tocius.
1637 1159 1714 1221 Has
1729 1161 1800 1221 vir·

468 1268 561 1328 tutes
586 1269 622 1328 et
642 1267 736 1327 vicia
759 1265 984 1345 philosophia
1016 1267 1053 1326 in
1076 1266 1203 1327 morali
1226 1269 1330 1345 parte
1354 1267 1536 1337 describit,
1567 1258 1581 1349 l!
1610 1268 1799 1346 presertim

468 1375 504 1434 et
517 1372 582 1433 has
600 1391 679 1434 esse
694 1373 916 1434 necessarias
934 1373 983 1434 ad
996 1374 1090 1434 bene
1105 1372 1299 1435 vivendum
1322 1374 1357 1434 in
1373 1375 1532 1453 presenti
1547 1386 1666 1454 pugna
1686 1374 1801 1436 solum

467 1480 690 1552 determinat,
730 1480 824 1541 sicut
847 1481 884 1540 in
906 1480 977 1541 alio
1002 1480 1125 1542 seculo
1148 1481 1340 1541 scienciam
1369 1484 1517 1551 tantum,
1557 1478 1674 1542 Tullio
1699 1484 1798 1552 teste,

466 1585 814 1668 iniineDyalogi
838 1588 893 1648 ad
917 1584 1222 1658 Ortensem1,
1249 1588 1551 1666 quemadmodum
1573 1586 1800 1650 libroXlV

466 1692 497 1751 D
511 1713 530 1754 e
554 1689 585 1753 T
597 1713 616 1754 r
627 1694 639 1754 i
651 1713 674 1753 n
686 1695 698 1754 i
712 1696 759 1755 ta
771 1696 817 1756 te
840 1694 969 1755 recitat
991 1692 1209 1773 Augustinus
1221 1693 1241 1755 ².
1268 1693 1447 1765 Similiter,
1473 1696 1553 1774 ipsa
1576 1694 1801 1774 philosophia

464 1801 559 1861 viam
582 1804 690 1879 parat
712 1802 761 1863 ad
784 1803 882 1863 astra
906 1804 942 1862 et
965 1800 1123 1862 celorum
1153 1801 1278 1862 limina
1301 1801 1438 1880 pandit.
1479 1800 1619 1881 Colligit
1646 1820 1800 1880 namque

465 1905 599 1977 Cicero,
639 1909 676 1968 in
709 1908 957 1987 prenominato
990 1906 1242 1988 Dyalogo,
1284 1910 1377 1969 sicut
1407 1909 1469 1970 ubi
1509 1927 1619 1988 supra
1641 1909 1801 1970 meminit

464 2013 691 2093 Augustinus,
730 2034 782 2077 ex
804 2014 1001 2076 Patrum
1025 2015 1225 2086 sentenciis,
1269 2016 1368 2094 quod
1400 2016 1541 2077 facilior
1571 2034 1741 2077 ascensus
1764 2015 1800 2076 in

464 2121 579 2182 celum
615 2122 723 2183 datur
746 2122 932 2182 animabus
965 2122 1235 2200 speculantibus
1276 2122 1548 2203 philosophiam,
1590 2140 1699 2202 quam
1721 2122 1799 2183 aliis

464 2228 603 2289 artibus
626 2228 816 2307 implicatis
826 2226 848 2290 ³.
871 2227 974 2290 Unde
991 2246 1064 2289 non
1088 2228 1319 2290 mediocriter
1342 2232 1396 2291 est
1420 2230 1627 2301 timendum,
1654 2232 1690 2291 et
1713 2230 1799 2291 irro-

465 2335 620 2415 gandum
643 2337 805 2397 fortassis
829 2335 991 2397 hostibus
1007 2335 1232 2414 philosophie
1257 2336 1345 2397 illud
1370 2334 1393 2396 S
1406 2356 1429 2417 y
1442 2337 1466 2398 d
1479 2355 1500 2397 o
1516 2357 1540 2398 n
1555 2338 1565 2396 i
1580 2338 1607 2408 i,
1634 2355 1689 2416 qu
1701 2337 1712 2396 i
1723 2339 1799 2398 nto

464 2440 812 2521 Epistolarum
848 2443 1015 2504 dicentis:
1059 2440 1181 2527 «Quia
1204 2443 1311 2521 pauci
1335 2443 1456 2504 studia
1485 2463 1579 2505 nunc
1614 2444 1799 2515 honorant,

464 2549 628 2611 similiter
650 2552 686 2610 et
708 2550 863 2610 naturali
878 2550 971 2611 vicio
995 2548 1106 2611 fixum
1134 2552 1198 2621 est,
1224 2552 1260 2611 et
1285 2550 1487 2611 radicatum
1511 2552 1716 2629 preioribus
1739 2550 1799 2610 hu·

464 2656 589 2727 manis,
615 2659 654 2718 ut
677 2658 738 2736 qui
762 2676 833 2718 non
856 2657 1019 2735 intelligit
1042 2659 1150 2727 artes,
1176 2674 1247 2717 non
1263 2660 1457 2719 veneretur
1480 2659 1625 2719 artistas
1639 2676 1652 2708 ³>
1668 2656 1686 2718 ¹.
1712 2656 1799 2717 Nam

466 2764 557 2824 teste
580 2761 771 2825 Seneca
802 2765 851 2823 in
886 2760 1151 2843 epistolaf‘.
1199 2762 1277 2825 Hoc
1313 2764 1428 2826 sensit
1460 2766 1496 2824 in
1520 2783 1586 2825 sua
1608 2763 1797 2825 Metha-

465 2870 658 2949 phisica
680 2870 873 2943 Avicenna,
898 2871 959 2932 ubi
983 2870 1053 2931 ait:
1096 2868 1229 2931 «Utiles
1255 2870 1398 2949 quidem
1436 2872 1473 2932 in
1507 2889 1547 2933 se
1571 2874 1625 2932 est
1659 2870 1799 2932 occasio

465 2969 695 3057 [coniuncta],
732 2997 802 3057 que
824 2996 891 3057 per
913 2996 952 3039 se
975 2974 1074 3039 duc'it
1101 2977 1149 3038 ad
1172 2978 1315 3038 bonum.
1355 2976 1502 3039 Utilitas
1530 2980 1649 3039 autem
1674 2981 1729 3039 est
1750 2978 1798 3037 in·

465 3085 591 3155 tencio,
632 3102 702 3163 que
735 3085 782 3146 de
816 3084 910 3145 malo
933 3084 1133 3164 perducit²
1169 3083 1217 3144 ad
1241 3084 1384 3145 bonum.
1425 3082 1473 3146 Et
1495 3103 1617 3147 omnes
1657 3085 1802 3164 quidem

464 3191 618 3252 sciencie
641 3192 902 3253 communicant
924 3192 961 3251 in
983 3208 1056 3251 una
1091 3190 1257 3261 utilitate,
1301 3209 1371 3269 que
1401 3194 1455 3253 est
1490 3192 1685 3270 acquisicio
1722 3209 1800 3272 per·

573 3680 608 3740 a)
626 3692 660 3721 ε
679 3676 831 3743 producit.

572 3860 592 3926 ¹)
611 3863 644 3915 C.
663 3863 793 3916 Salutati
807 3862 914 3915 releve
932 3863 1014 3915 cette
1033 3862 1200 3915 desinence
1219 3863 1341 3915 donnde
1360 3878 1399 3915 au
1417 3878 1490 3916 nom
1508 3864 1548 3915 de
1567 3864 1649 3916 l'ami
1666 3864 1707 3916 de
1720 3864 1802 3915 Cice-

467 3966 538 4004 ron:
567 3968 644 4003 ‹...
662 3992 668 4004 .
684 3967 748 4005 non
772 3952 943 4019 allegarent
967 3952 1123 4017 dialogum
1149 3952 1189 4003 ad
1208 3953 1399 4015 Hortensem,
1428 3953 1483 4004 sed
1509 3954 1550 4004 ad
1573 3954 1800 4007 Hortensium».

466 4042 663 4107 Epistolario,
691 4042 748 4093 loc.
766 4041 814 4092 cit.
833 4056 863 4107 p.
884 4040 946 4093 219.
978 4040 1022 4093 La
1046 4041 1148 4093 meme
1173 4039 1257 4092 iaute
1277 4054 1311 4094 se
1336 4042 1448 4094 trouve
1470 4056 1582 4094 encore
1602 4042 1727 4107 repe'tee
1745 4056 1802 4108 par

465 4130 627 4192 Dominici,
646 4146 675 4197 p.
688 4130 750 4188 309.
788 4130 866 4182 Mais
886 4129 1013 4182 allieurs
1032 4128 1187 4181 Dominici
1207 4130 1283 4181 ecrit
1303 4131 1527 4183 correctement
1545 4132 1738 4184 Hortensius.

575 4216 596 4282 ²)
615 4219 643 4272 S.
662 4221 743 4273 AUG.
762 4221 808 4271 De
832 4218 935 4271 Trinii.
954 4218 1032 4280 XIV,
1051 4228 1116 4269 xix.
1136 4218 1171 4270 In
1192 4217 1283 4285 Oper.
1301 4218 1379 4281 VIII,
1399 4220 1477 4271 1056.

575 4306 595 4373 ²³)
615 4307 699 4360 Voici
713 4310 760 4359 les
772 4310 896 4375 paroles
910 4308 950 4359 de
958 4304 1106 4369 CICERON,
1115 4308 1204 4359 telles
1219 4321 1280 4373 que
1289 4307 1317 4360 S.
1325 4307 1406 4360 Auo.
1420 4323 1497 4360 nous
1512 4308 1558 4361 les
1573 4324 1591 4360 a
1606 4308 1801 4369 conservees,

466 4399 521 4450 loc.
541 4400 610 4449 cii:
641 4416 653 4440 ‹
731 4397 770 4459 Si,
789 4398 823 4450 ut
840 4397 975 4463 antiquis
1001 4396 1193 4463 philosophis
1212 4397 1323 4463 hisque
1342 4397 1482 4449 maximis
1501 4396 1654 4465 longeque
1673 4396 1802 4450 clarissi-

466 4488 523 4539 mis
542 4487 664 4554 placuit,
683 4488 827 4539 aeternos
846 4486 963 4539 animos
982 4501 1018 4537 ac
1036 4486 1158 4538 divinos
1176 4486 1336 4549 habemus,
1355 4486 1398 4537 sic
1411 4486 1649 4539 existimandum
1667 4488 1724 4550 est,
1742 4500 1803 4553 quo

465 4577 562 4644 magis
580 4577 613 4627 hi
632 4576 748 4629 tuerint
767 4590 889 4642 semper
907 4576 940 4627 in
958 4590 1014 4627 suo
1034 4590 1133 4638 cursu,
1153 4575 1184 4627 id
1195 4577 1250 4638 est,
1268 4576 1301 4626 in
1319 4576 1438 4628 ratione
1452 4577 1483 4628 et
1498 4575 1703 4642 investigandi
1720 4575 1801 4641 cupi·

466 4667 573 4729 ditate,
599 4667 710 4732 eiquo
729 4666 831 4717 minus
850 4679 885 4716 se
903 4664 1125 4716 admiscuerint
1143 4665 1236 4731 atque
1264 4664 1469 4731 implicuerint
1487 4664 1646 4716 hominum
1664 4665 1747 4717 vitiis
1772 4665 1802 4716 et

467 4756 634 4817 erroribus,
653 4755 712 4807 hoc
730 4754 777 4806 his
795 4753 964 4806 iaciliorem
982 4753 1169 4805 adscensum
1188 4754 1219 4805 ei
1238 4754 1371 4806 reditum
1389 4754 1421 4805 in
1441 4754 1560 4806 coelum
1578 4753 1681 4806 iore..
1697 4774 1730 4804 .›

572 4842 594 4909 ⁴)
614 4844 645 4897 C.
659 4843 859 4896 801..A1>01.1..
872 4842 979 4895 Smou.
999 4844 1098 4909 Epist.
1112 4842 1143 4893 X
1157 4844 1199 4894 ad
1213 4840 1409 4909 Sapaudiam.
1428 4841 1538 4909 Migne,
1553 4842 1655 4905 Lvin,
1670 4843 1725 4895 col.
1743 4841 1801 4895 542.

467 4935 549 4986 Pour
573 4934 620 4985 les
646 4935 778 4986 travaux
805 4948 858 4985 sur
877 4932 1002 4986 Sidoine
1019 4932 1221 4997 Apollinaire,
1247 4932 1316 4984 voir
1341 4930 1375 4984 A.
1394 4932 1560 4995 Momm,
1584 4934 1645 4984 Les
1671 4931 1802 4984 sources

466 5025 504 5076 de
523 5023 679 5076 l'Hisioire
697 5024 736 5075 de
754 5023 887 5084 France,
902 5022 924 5083 l,
942 5032 978 5073 n⁰
998 5020 1059 5082 136,
1077 5020 1173 5080 Paris,
1192 5020 1272 5073 1901.

575 5108 595 5177 ὖ)
615 5112 639 5163 11
659 5112 776 5165 semble
795 5111 867 5178 qn'il
892 5124 1025 5176 mamque
1042 5110 1082 5161 ici
1108 5111 1241 5176 quelque
1266 5110 1368 5175 chose,
1393 5124 1446 5162 car
1464 5110 1494 5162 la
1512 5110 1627 5175 pense'e
1646 5108 1725 5163 n'est
1745 5123 1801 5176 pas

467 5201 614 5253 acheve'e.
632 5202 676 5253 Le
695 5201 813 5267 copiste
831 5215 907 5253 aura
926 5200 1003 5253 omis
1022 5213 1084 5251 une
1102 5199 1227 5265 phrase.
