4300 6117
857 1008 1044 1063 malms
1067 1008 1251 1062 nonnum
1651 995 1734 1069 357,

381 1235 546 1297 humanis
569 1235 705 1305 animis,
730 1236 771 1295 ut
794 1236 939 1315 cogetur
961 1252 1028 1315 per
1052 1232 1224 1313 Spiritum
1248 1231 1418 1294 Sanctum
1441 1232 1718 1311 conquerentem

384 1339 552 1404 Salomon
576 1341 755 1404 scribere:
784 1340 971 1404 ‹Pecunie
994 1340 1167 1403 obediunt
1190 1341 1309 1402 omnia
1327 1337 1374 1401 ›¹.

489 1446 624 1511 Videat
647 1448 808 1528 quisquis
831 1449 1021 1510 veritatem
1043 1448 1122 1509 vult
1135 1448 1342 1528 impugnare
1361 1449 1533 1526 quantum
1550 1444 1718 1525 expediat
1731 1442 1762 1505 2.

380 1555 542 1617 nondum
565 1556 744 1617 roboratis
768 1555 804 1617 in
830 1554 914 1628 lide,
939 1555 987 1617 de
1017 1554 1086 1616 hiis
1121 1555 1214 1617 enim
1248 1555 1436 1634 loquimur,
1482 1551 1718 1631 Porphirii

381 1662 506 1725 videre
542 1663 813 1742 speculaciones
848 1663 1027 1735 sublimes,
1058 1663 1129 1742 qui,
1162 1661 1343 1744 dyabolici
1371 1660 1548 1741 Apollinis
1571 1659 1718 1721 oraculo

381 1770 502 1841 fultus,
531 1770 568 1830 iu
590 1768 781 1831 Dominum
813 1768 981 1849 llpistum
1015 1772 1051 1831 et
1086 1770 1162 1831 eius
1195 1769 1351 1830 cultores
1382 1767 1578 1830 accerrime
1609 1784 1717 1828 ausus

381 1879 438 1938 est
451 1876 716 1955 blasphemare,
733 1876 770 1937 in
788 1876 890 1938 libris
908 1895 997 1956 quos
1012 1874 1242 1957 ‹HelogIon
1255 1874 1548 1955 philosophias
1561 1896 1577 1929 ›
1595 1874 1718 1955 appel·

380 1983 432 2045 lat
451 1982 470 2055 ²,
499 1982 691 2045 Iudeorum
717 1986 852 2045 sectam
876 1986 912 2045 et
936 1984 1069 2045 cultum
1092 1982 1291 2063 Xpistianis
1313 2000 1526 2062 proponens,
1550 1999 1616 2043 nec
1640 1981 1717 2060 ipse

381 2091 454 2151 ritu
478 2093 541 2152 aut
565 2090 804 2152 sacramentis
827 2089 993 2152 Hebreus
1015 2090 1073 2151 hic
1098 2108 1179 2152 cum
1211 2090 1340 2153 ceteris
1373 2074 1604 2169 philosophIs.
1638 2087 1718 2149 Non

381 2197 494 2259 solum
520 2215 591 2258 non
615 2196 770 2259 credunt
793 2199 953 2259 tacentes
975 2196 1096 2277 Xpisti
1117 2196 1328 2276 preteritam
1351 2199 1387 2258 et
1409 2196 1561 2258 aliorum
1583 2194 1717 2257 factam

380 2306 417 2365 et
439 2302 597 2365 luturam
635 2305 929 2375 resurrexionem,
954 2303 1020 2366 sed
1053 2306 1191 2385 negant,
1226 2306 1495 2384 prostrepentes
1525 2322 1605 2365 eam
1638 2300 1718 2365 fore

379 2411 598 2496 possibilem.
623 2409 832 2472 Platonicus
856 2412 970 2472 eciam
994 2411 1141 2491 quidam
1171 2412 1207 2472 in
1242 2412 1405 2473 eumdem
1439 2410 1717 2489 Redemptorem

381 2536 452 2597 quo
476 2518 523 2579 sit
546 2518 755 2580 incarnatus
793 2518 952 2599 insurgit,
978 2521 1013 2581 et
1048 2519 1104 2580 sui
1137 2519 1298 2599 magistri
1329 2520 1443 2580 fretus
1473 2517 1627 2580 audacte
1657 2535 1716 2580 ne·

382 2625 556 2703 quissima
579 2624 728 2687 scribit:
753 2622 853 2686 Ullus
875 2624 973 2687 Deus
996 2625 1167 2687 miscetur
1189 2626 1331 2697 homIni,
1356 2644 1439 2687 nam
1464 2625 1532 2686 hoc
1548 2626 1717 2705 opinatur

381 2731 595 2811 precipuum
627 2731 777 2794 deorum
811 2750 890 2815 esse
924 2732 1116 2811 specimen,
1151 2732 1250 2812 quod
1283 2731 1381 2794 nulla
1430 2732 1716 2793 contrectacione

379 2837 513 2899 homini
536 2838 682 2901 valeant
704 2840 884 2918 inquinari
896 2838 916 2901 ³.
953 2838 1013 2900 Hii
1045 2840 1260 2901 acutissimis
1284 2839 1470 2919 disputant
1499 2840 1716 2919 argumentis

378 2942 454 3007 Deo
480 2945 671 3007 scienciam
694 2947 894 3007 futurorum
916 2946 1032 3009 inesse
1061 2964 1133 3008 nou
1166 2964 1283 3027 posse,
1312 2949 1438 3009 contra
1471 2945 1561 3008 illud
1595 2947 1715 3010 catho-

378 3050 513 3113 licum:
540 3050 692 3114 <Vocat
715 3070 768 3126 ea,
794 3071 863 3133 que
886 3072 957 3115 non
980 3056 1072 3127 sunt,
1097 3054 1190 3116 sicut
1213 3071 1257 3115 ea
1280 3072 1350 3133 que
1373 3056 1455 3115 sunt
1471 3076 1487 3109 ›
1502 3052 1524 3115 ⁴.
1560 3052 1601 3115 In
1629 3070 1715 3134 quo·

378 3177 458 3219 rum
496 3160 751 3238 nequissimum
783 3161 920 3241 dogma,
955 3161 1075 3223 multis
1111 3161 1389 3240 sophismatibus
1425 3161 1528 3223 vanis
1555 3164 1715 3224 armatus

376 3264 506 3327 incidit
527 3261 722 3340 Tullius,
749 3268 819 3347 qui,
845 3269 930 3329 dum
952 3268 1105 3330 liberum
1129 3269 1318 3330 arbitrium
1341 3268 1466 3330 nititur
1489 3286 1713 3347 conservare,

384 3390 464 3433 cum
487 3372 677 3454 insipiente
692 3372 807 3435 Deum
830 3377 935 3455 negat
958 3375 995 3436 in
1019 3376 1129 3437 corde
1152 3393 1216 3437 suo
1231 3372 1251 3447 ⁵,
1276 3376 1369 3438 sicut
1391 3376 1428 3437 in
1446 3375 1548 3437 libris
1565 3377 1640 3439 eius
1656 3376 1713 3440 De

378 3477 549 3541 Natura
582 3480 766 3543 deorum
797 3484 833 3543 et
855 3480 916 3543 De
938 3480 1239 3545 Diviuacione
1262 3481 1510 3545 monstraturss.
1536 3514 1578 3524 —
1601 3481 1714 3546 Here·

377 3585 557 3648 siarcham
579 3589 700 3649 autem
722 3586 1016 3651 Aristotelem
1039 3588 1150 3651 fuisse
1173 3609 1244 3653 non
1267 3589 1443 3662 dubiiant,
1462 3590 1523 3670 qui
1545 3590 1713 3653 viderunt

377 3693 455 3756 eius
478 3694 692 3756 virulentam
721 3695 923 3758 doctrinam
946 3699 1055 3776 atque
1079 3696 1302 3769 sediciosam,
1327 3698 1465 3777 pariter
1486 3698 1548 3777 qui
1563 3698 1714 3761 credunt

482 4114 503 4181 ¹)
523 4116 567 4171 ci.
589 4119 699 4183 Ecole,
717 4120 753 4184 X,
773 4120 816 4174 19.

484 4204 548 4273 ²)11
568 4208 656 4276 s’agil
674 4208 730 4261 des
749 4210 845 4263 livres
863 4210 903 4264 de
923 4210 1086 4280 Porphyre
1107 4211 1251 4278 designes
1269 4226 1327 4279 par
1344 4210 1506 4266 Theodore
1531 4213 1563 4265 el
1579 4212 1712 4277 Eusebe,

385 4294 533 4361 Praepur.
551 4297 667 4365 Evang.
686 4298 735 4361 IV,
754 4308 787 4350 vl
806 4314 877 4352 sous
895 4300 926 4352 le
944 4300 1017 4353 titre
1034 4300 1074 4353 de
1093 4296 1216 4365 περὶτῆς
1234 4297 1265 4349 ἐκ
1284 4297 1379 4365 λογίων
1397 4298 1564 4366 φιλοσοφίας,
1588 4301 1618 4355 8.
1636 4301 1711 4369 Aug.

383 4384 497 4451 auquel
515 4384 667 4439 Domtnicl
686 4402 720 4440 se
739 4387 841 4441 restro
859 4389 981 4443 iutitule
999 4404 1052 4442 ces
1070 4389 1167 4443 livres
1185 4386 1216 4438 in
1234 4386 1329 4453 λογίων
1347 4387 1514 4455 φιλοσοφίας.
1533 4390 1577 4444 ef.
1590 4392 1637 4445 De
1651 4390 1711 4443 αν.

376 4473 440 4537 Del,
455 4474 533 4539 XIX,
547 4484 635 4528 xxm.
655 4474 817 4549 Quelques
835 4492 909 4531 mss.
930 4479 1087 4545 portaient
1105 4479 1251 4547 Eglogion
1265 4480 1487 4547 philosophiae,
1501 4480 1572 4534 d'oh
1589 4480 1620 4533 le
1637 4481 1710 4533 titre

380 4577 441 4629 que
458 4563 527 4617 leur
545 4564 650 4618 donne
668 4566 706 4619 ici
724 4565 884 4621 Dominici.
903 4568 938 4621 In
959 4566 1049 4635 Oper.
1068 4568 1132 4632 VH,
1149 4567 1211 4621 650.

482 4648 503 4718 ⁸)
525 4652 656 4720 D’aprts
675 4653 704 4707 S.
723 4655 804 4709 ΑΗΘ.
823 4657 870 4711 De
891 4656 975 4710 civit.
995 4659 1062 4719 Dei,
1079 4657 1172 4721 xxn,
1190 4666 1232 4722 x1,
1250 4658 1306 4711 col.
1324 4658 1386 4711 774.

483 4738 505 4806 ⁴)
528 4742 559 4795 S.
580 4744 689 4807 Pius,
708 4747 751 4797 ud
766 4746 863 4813 Rom,
879 4756 921 4809 Ν,
940 4746 983 4800 17.

483 4826 504 4896 ⁶)
526 4829 571 4884 ci.
591 4832 705 4885 Psalm.
724 4834 802 4897 xm,
822 4836 853 4898 1;
871 4835 932 4899 LII,
952 4837 976 4888 1.

481 4916 505 4986 θ)
524 4920 587 4973 010.
613 4923 660 4974 De
678 4922 801 4977 Natura
826 4926 917 4987 deor,
942 4940 982 4978 en
1007 4926 1087 4993 part.
1104 4926 1135 4980 le
1152 4925 1231 4981 lirre
1249 4926 1299 4979 III
1324 4928 1368 4980 La
1387 4928 1521 4983 solution
1538 4930 1557 4983 ὲ
1575 4930 1709 4998 laquelle

382 5007 534 5062 s'arretait
553 5010 683 5065 ciceron
701 5013 750 5065 est
768 5014 846 5065 celle
864 5012 907 5066 du
916 5012 1125 5081 scepticisme,
1144 5016 1181 5069 ci.
1196 5031 1261 5084 cap.
1276 5027 1385 5070 xxm.
1406 5018 1512 5072 «Haec
1523 5019 1591 5073 iere
1604 5021 1709 5074 dicere

380 5096 473 5151 habui
490 5099 530 5153 de
552 5102 664 5153 natura
682 5101 821 5165 deorum,
846 5117 909 5154 non
927 5106 961 5156 ut
979 5118 1047 5157 eam
1068 5104 1219 5171 tollerem,
1245 5107 1299 5160 sed
1317 5108 1352 5159 ut
1375 5108 1594 5176 intelligeretis,
1616 5124 1710 5177 quam

376 5188 461 5239 esset
491 5190 631 5253 obscura,
655 5191 687 5242 et
705 5205 798 5257 quam
816 5190 959 5246 difficiles
992 5194 1164 5261 explicatus
1182 5195 1344 5250 baberet».
1381 5196 1426 5251 ci.
1443 5200 1491 5252 De
1508 5199 1708 5263 Divinatione,

377 5290 416 5329 en
432 5278 512 5343 part.
531 5280 599 5331 tout
618 5278 648 5332 le
667 5278 707 5331 Ile
725 5281 813 5335 livre.
