4300 6117
966 964 1127 1019 LUCULA
1149 964 1290 1019 NOCTIS

881 1554 1084 1660 [CAPUT
1122 1555 1386 1663 xxxvl]

435 1970 437 1975 ¹
576 1889 904 1978 [P]ertractandum
925 1904 981 1964 est
996 1901 1103 1982 igitur
1125 1902 1162 1962 in
1184 1900 1253 1964 hoc
1281 1902 1434 1965 articulo
1450 1920 1552 1974 nono,
1579 1902 1677 1981 quod
1700 1902 1800 1965 sola
1857 1870 1860 1873 ⁴

464 2022 599 2066 sacra
633 2005 793 2087 sophia
828 2012 897 2071 est
931 2012 1091 2071 sancta
1129 2007 1445 2089 philosophia,
1487 2009 1798 2072 sufficientis·

464 2112 573 2175 sime
596 2114 828 2177 humanum
860 2128 996 2196 genus
1019 2116 1305 2195 adquelibet
1335 2116 1508 2196 agenda
1532 2114 1798 2179 directiva1.

421 2298 449 2363 1·
571 2309 629 2372 Ad
644 2310 743 2389 quod
764 2311 1054 2390 persuadendum
1077 2312 1337 2384 universaliter,
1363 2313 1398 2374 et
1419 2312 1536 2391 primo
1559 2311 1702 2373 accedit
1726 2312 1799 2392 glo·

464 2417 580 2478 riosus
616 2416 883 2490 Ieronimus,
922 2419 966 2478 in
1001 2419 1190 2499 prologo
1222 2417 1516 2492 Psalmorum,
1556 2418 1609 2481 sic
1642 2418 1800 2480 dulciter

463 2524 596 2585 fassus:
639 2522 737 2586 «Hic
761 2525 855 2585 enim
877 2523 987 2587 habet
1021 2526 1138 2587 intans
1163 2526 1250 2605 quid
1273 2526 1393 2597 lactet,
1429 2544 1521 2605 puer
1543 2525 1630 2604 quid
1655 2525 1792 2597 laudet,

463 2629 673 2693 adolescens
698 2631 784 2710 quid
808 2632 972 2711 corrigat,
998 2632 1135 2694 iuvenis
1159 2632 1247 2711 quid
1266 2635 1447 2711 sequatur,
1471 2632 1592 2695 senior
1608 2632 1697 2711 quid
1715 2651 1794 2712 pre·

464 2740 574 2799 cetur.
598 2736 668 2800 Hic
690 2737 833 2800 discunt
856 2739 987 2801 lemine
1009 2739 1235 2817 pudiciciam,
1261 2739 1387 2819 pupilli
1403 2739 1586 2801 inveniunt
1609 2740 1790 2818 pietatem,

463 2844 572 2907 vidue
594 2844 757 2917 iudicem,
781 2863 960 2925 pauperes
976 2848 1228 2925 protectorem,
1252 2846 1393 2908 advene
1416 2846 1625 2908 custodem.
1644 2892 1651 2908 .
1669 2892 1677 2907 .
1696 2892 1703 2908 .
1728 2844 1798 2907 Hic

465 2952 648 3014 inveniunt
670 2964 771 3033 reges
795 2953 883 3031 quid
906 2952 1073 3025 audeant,
1106 2953 1244 3015 iudices
1268 2954 1357 3032 quid
1379 2954 1538 3026 timeant,
1572 2952 1631 3015 hic
1655 2954 1796 3015 tristem

465 3059 678 3131 consolatur,
713 3060 823 3122 letum
846 3062 1034 3139 temperat,
1069 3060 1204 3121 iratum
1230 3061 1377 3141 mitigat,
1413 3078 1611 3140 pauperem
1643 3062 1794 3132 recreat,

465 3166 613 3228 divitem
636 3169 676 3228 ut
698 3185 737 3229 se
760 3169 952 3247 cognoscat
973 3167 1146 3247 increpat,
1171 3168 1335 3229 omnibus
1359 3185 1398 3229 se
1414 3167 1692 3246 suscipientibus
1709 3170 1799 3246 apta

465 3272 726 3335 medicamenta
749 3274 883 3347 tribuit,
917 3293 983 3336 nec
1007 3277 1235 3353 peccatorem
1259 3274 1423 3354 despicit,
1452 3274 1518 3336 sed
1541 3274 1740 3335 remedium
1763 3273 1796 3335 ei

465 3399 532 3460 per
565 3381 803 3459 penitenciam
835 3380 972 3461 ingerit.
1012 3380 1099 3445 Post
1132 3380 1199 3443 hec
1225 3381 1323 3444 Deus
1357 3381 1568 3453 ostenditur,
1604 3381 1802 3442 simulacra

465 3486 670 3558 irridentur,
694 3488 787 3549 fides
803 3489 985 3561 asseritur,
1009 3487 1166 3568 perfidia
1181 3489 1405 3567 repudiatur,
1429 3487 1572 3550 iusticia
1588 3487 1802 3568 ingreditur,

466 3594 677 3675 prohibetur
699 3595 877 3674 iniquitas,
902 3596 1150 3658 misericordia
1171 3596 1350 3668 laudatur,
1375 3595 1570 3658 crudelitas
1594 3593 1797 3667 abdicatur,

466 3703 600 3764 veritas
615 3702 818 3781 requiritur,
842 3703 1068 3765 mendacium
1085 3702 1312 3783 dampnatur,
1333 3703 1436 3765 dolus
1452 3706 1654 3772 accusatur,
1678 3702 1802 3780 predi·

469 3811 572 3871 catur
593 3808 804 3888 penitencia,
839 3827 910 3888 pax
933 3811 1118 3889 sequenda
1140 3811 1370 3889 promittitur,
1400 3828 1483 3889 spes
1509 3811 1609 3871 certa
1633 3809 1802 3881 nutritur,

470 3918 506 3979 et
530 3916 628 3995 quod
649 3914 717 3977 hiis
741 3917 904 3979 omnibus
928 3920 983 3979 est
996 3916 1252 3988 -excellencius,
1276 3916 1394 3996 Xpisti
1410 3917 1637 3978 sacramenta
1652 3915 1805 3977 laudan·

471 4026 570 4086 tur».
610 4021 805 4103 Hucusque
829 4022 1036 4086 leronimus.

386 4216 389 4225 .
426 4150 457 4214 2·
580 4162 661 4237 Sed,
675 4167 714 4225 ut
725 4164 978 4242 particularius
990 4162 1058 4226 hoc
1070 4165 1260 4236 elucescat,
1274 4164 1435 4226 dicamus
1448 4183 1528 4226 cum
1540 4166 1667 4225 sancto
1678 4166 1806 4225 nostro

471 4267 627 4334 Thoma
649 4270 853 4344 doctore²,
878 4271 1074 4333 secundum
1089 4272 1267 4351 triplicem
1292 4271 1442 4333 bominis
1458 4274 1609 4351 partem,
1632 4272 1669 4331 in
1689 4271 1808 4332 tribus

471 4379 583 4459 ipsius
606 4376 839 4458 perlectam
861 4376 1113 4440 felicitatem
1135 4378 1383 4440 consistere.
1401 4408 1444 4419 -
1465 4376 1556 4439 Nam
1574 4396 1644 4457 quo
1662 4380 1804 4457 spectat

471 4487 519 4549 ad
534 4486 746 4548 exteriorem
758 4485 945 4557 hominem,
957 4483 1092 4547 suflicit
1107 4485 1332 4566 integritas
1348 4486 1555 4564 corporis;
1569 4503 1640 4565 quo
1652 4503 1739 4547 vero
1757 4483 1807 4546 ad

577 4956 597 5024 ¹)
616 4958 702 5011 Avec
719 4957 833 5023 raison,
855 4957 886 5011 (L
900 4956 1031 5011 Salutati
1048 4954 1117 5009 tera
1137 4969 1318 5021 remarquer
1329 4954 1558 5007 l'incorrection
1570 4955 1611 5007 de
1624 4955 1705 5006 cette
1719 4966 1810 5006 cons·

469 5048 604 5101 truction
623 5048 812 5099 «humanum
825 5055 922 5116 genus
939 5048 1112 5099 directtva»
1138 5060 1218 5111 pour
1245 5045 1393 5096 «humant
1409 5046 1531 5112 generis
1555 5046 1735 5097 mensu».
1761 5041 1809 5096 ct.

470 5137 670 5204 Epistolurio,
689 5136 794 5188 1v-11>.
812 5152 843 5203 p.
862 5135 924 5189 219.

577 5223 598 5291 ²)
617 5224 662 5278 ef.
681 5224 711 5279 S.
729 5221 836 5277 THOM.
866 5224 949 5279 Sum.
974 5222 1072 5277 Theoi.
1092 5225 1121 5276 1⁸
1137 5224 1203 5288 11⁸²,
1224 5223 1319 5297 Q.11;
1347 5222 1460 5276 Contra
1480 5222 1575 5286 uena,
1598 5223 1649 5286 111,
1667 5232 1743 5285 xxv,
1763 5237 1800 5289 sq
