4300 6117
483 896 549 960 320
987 908 1146 963 LUCULA
1168 908 1308 963 NOCTIS

483 1130 746 1203 abhominandi,
772 1135 856 1195 tunc
879 1133 1004 1212 pocius
1029 1134 1105 1195 ceci
1119 1137 1211 1205 sunt,
1238 1152 1319 1196 cum
1340 1152 1379 1195 se
1396 1134 1600 1198 existimant
1615 1137 1813 1216 previdere,

483 1257 553 1318 que
575 1237 726 1301 Creator
748 1240 851 1301 nobis
875 1240 1011 1301 utiliter
1034 1240 1197 1302 decrevit
1218 1241 1470 1303 abscondere»
1484 1240 1504 1303 1.
1530 1241 1614 1305 Sine
1631 1244 1706 1305 risu
1722 1245 1815 1304 enim

482 1346 619 1425 pariter
642 1350 678 1408 et
700 1347 893 1409 multorum
926 1348 1047 1410 derisu
1080 1348 1266 1410 recordari
1298 1366 1370 1409 non
1403 1367 1550 1427 possum
1583 1350 1679 1411 illius
1703 1349 1814 1429 philo·

482 1453 594 1532 sophi,
618 1454 759 1515 nomine
783 1454 869 1525 solo,
898 1454 945 1515 de
968 1473 1040 1534 quo
1061 1456 1176 1516 eciam
1191 1456 1350 1517 meminit
1373 1453 1535 1518 Petrus
1558 1456 1813 1529 Damianus,

482 1560 534 1621 sic
557 1578 684 1641 ayens:
710 1558 974 1641 «Philosophus
991 1562 1148 1640 quidam,
1173 1562 1259 1623 dum
1276 1563 1435 1625 siderum
1452 1581 1588 1633 cursus,
1614 1564 1813 1626 stellarum-

482 1684 553 1745 que
587 1671 725 1729 meatus
758 1671 932 1729 nocturno
965 1671 1127 1747 tempore
1159 1670 1360 1741 rimaretur,
1396 1670 1433 1730 in
1464 1670 1630 1732 limosum
1665 1673 1814 1751 repente

480 1775 603 1853 lapsus
628 1778 683 1836 est
698 1778 855 1854 puteum,
882 1776 982 1837 cuius
1008 1794 1130 1837 casum
1155 1795 1237 1838 mox
1259 1779 1407 1856 poetata
1431 1778 1486 1839 est
1501 1777 1624 1852 Iambi,
1649 1797 1720 1858 que
1737 1779 1813 1840 eius

482 1885 560 1943 erat
583 1882 724 1955 ancilla,
749 1883 892 1945 dicens:
920 1882 1119 1944 «Dominus
1143 1901 1243 1945 meus
1267 1885 1455 1963 ignorabat
1476 1886 1524 1957 id,
1549 1886 1647 1965 quod
1669 1887 1736 1948 sub
1753 1906 1812 1966 pe·

482 1989 587 2050 dibus
612 1989 688 2051 eius
710 1990 862 2062 iacebat,
887 1990 958 2051 vile
982 1989 1104 2061 lutum,
1129 1993 1165 2053 et
1187 1992 1403 2071 investigare
1426 1994 1629 2071 temptabat
1653 1994 1811 2055 archana

482 2096 639 2157 celorum
652 2119 679 2158 ›.
706 2129 743 2139 —
770 2096 818 2159 Et
838 2098 979 2159 subdit:
1006 2096 1082 2159 «Et
1104 2098 1204 2160 cuius
1230 2100 1396 2160 nimirum
1417 2101 1595 2162 vocabulo
1619 2101 1812 2163 Iambicum

480 2206 634 2265 metrum
657 2222 786 2265 nomen
810 2204 950 2284 accepit
964 2227 978 2259 »
993 2204 1013 2265 ².

424 2305 476 2368 12.
586 2308 674 2372 Cum
696 2312 828 2391 gemitu
851 2315 971 2373 tamen
991 2312 1122 2385 cordis,
1148 2313 1245 2392 quod
1267 2332 1338 2374 non
1354 2313 1480 2375 videre
1500 2332 1571 2375 non
1592 2332 1738 2394 possum
1762 2315 1811 2376 in·

480 2420 596 2480 tueor:
622 2420 718 2480 viros
742 2419 982 2497 quamplures,
1007 2420 1099 2480 mira
1122 2420 1219 2480 lama
1241 2420 1435 2500 preclaros,
1460 2439 1500 2482 se
1524 2439 1697 2500 suamque
1721 2440 1812 2484 rem·

479 2526 661 2605 publicam
685 2526 827 2587 illorum
849 2526 1059 2605 ambagibus
1089 2527 1263 2607 nugisque
1294 2530 1474 2589 astrorum
1502 2546 1690 2608 exponere,
1721 2548 1810 2609 quos

481 2634 621 2695 constat
643 2633 791 2695 indubie
815 2633 884 2694 sibi
907 2634 994 2713 ipsis
1018 2633 1212 2711 providere
1236 2652 1307 2695 non
1330 2652 1445 2714 posse.
1472 2639 1507 2696 et
1523 2636 1690 2715 proprios
1708 2655 1811 2698 casus

479 2740 689 2819 stmpliciter
709 2741 873 2820 ignorare
884 2738 906 2801 ³.
943 2738 1077 2802 Saltem
1103 2741 1206 2811 illius,
1231 2739 1468 2821 Apulegio
1492 2744 1594 2813 teste,
1617 2743 1810 2823 dirigeren-

479 2851 539 2909 tur
562 2847 733 2926 exemplo,
758 2848 820 2926 qui
838 2848 909 2909 iam
932 2850 1179 2925 presentatam
1195 2848 1318 2909 divino
1332 2845 1451 2909 iuture
1467 2849 1703 2910 divinationis
1720 2869 1809 2912 mer·

479 2954 613 3025 cedem,
638 2955 701 3016 ubi
724 2954 888 3033 cognovit
910 2955 1009 3015 illum
1025 2958 1213 3016 venturam
1236 2955 1305 3016 sibi
1326 2955 1396 3033 ipsi
1411 2954 1552 3016 cladem
1569 2975 1640 3018 non
1657 2957 1809 3028 novisse,

479 3062 515 3123 in
538 3066 639 3124 recta
661 3080 770 3123 manu
787 3062 933 3141 recepit,
958 3062 1082 3123 dicens
1098 3060 1297 3124 salvatoris
1313 3062 1541 3133 sentenciam,
1565 3062 1633 3124 sed
1646 3063 1714 3124 sub
1730 3064 1809 3125 aliis

478 3169 617 3230 verbis:
666 3167 765 3253 «Qui
804 3169 873 3230 sibi
911 3169 1010 3247 ipsi*
1049 3186 1204 3247 nequam
1240 3172 1310 3241 est,
1346 3170 1426 3230 aliis
1459 3171 1639 3247 quomodo
1674 3172 1807 3249 poterit

478 3277 593 3337 bonus
617 3294 696 3338 esse
715 3274 764 3337 2⁹⁴.
797 3274 889 3361 Quia
917 3294 1072 3355 namque
1095 3275 1365 3355 Augustino
1394 3276 1431 3336 in
1453 3274 1504 3336 V⁰
1524 3276 1586 3338 De
1611 3274 1701 3340 Civ.
1725 3275 1809 3339 Dei

479 3384 640 3445 doctore:
673 3382 781 3444 «Non
796 3400 1055 3462 usquequaque
1071 3382 1230 3445 absurde
1254 3382 1326 3444 dici
1349 3385 1469 3461 potest
1491 3383 1541 3444 ad
1563 3384 1659 3446 solas
1683 3402 1809 3463 corpo·

477 3510 556 3552 rum
580 3490 817 3561 differencias,
843 3489 1008 3570 applatos
1032 3490 1210 3568 quosdam
1232 3490 1355 3552 valere
1378 3491 1538 3552 sidereos
1555 3488 1604 3561 »⁵,
1629 3493 1809 3553 astrorum

476 3598 649 3676 periciam
665 3598 875 3677 simpliciter
886 3616 957 3659 nou
969 3597 1174 3659 mordemus
1185 3619 1212 3659 a.
1229 3628 1267 3638 —
1281 3595 1415 3658 Valent
1426 3597 1604 3676 siquidem
1619 3599 1718 3678 apud
1732 3597 1808 3659 Da·

477 3862 690 3870 -—--———--—

584 4097 616 4157 a)
638 4120 667 4129 -
688 4094 754 4161 ipsi.

584 4288 604 4355 ¹)
624 4289 768 4343 cnssmu.
789 4291 825 4343 In
843 4291 957 4342 Psalm.
981 4290 1136 4343 CXLVIII.
1155 4290 1268 4358 lligne,
1288 4290 1377 4349 Lxx,
1396 4291 1453 4343 col.
1473 4290 1552 4343 1047.

584 4378 604 4445 i)
624 4379 712 4433 Cette
730 4379 881 4433 anecdote
900 4380 973 4432 etait
992 4380 1155 4447 classique,
1175 4395 1216 4432 on
1233 4380 1264 4432 la
1282 4382 1430 4434 retrouve
1447 4380 1518 4446 de'ja
1537 4380 1616 4433 dans
1631 4379 1659 4433 S.
1672 4380 1805 4432 Ierbme.

478 4471 639 4523 Commeat.
659 4473 688 4522 tn
707 4472 792 4537 epist.
812 4471 854 4521 ud
871 4470 950 4535 Epir.
969 4468 1005 4531 II,
1024 4478 1071 4531 1v;
1098 4470 1137 4522 de
1154 4470 1256 4522 meme
1274 4470 1360 4521 aussi
1385 4470 1463 4521 dans
1483 4470 1513 4520 le
1532 4465 1652 4532 De'cret,
1677 4469 1730 4535 qui
1748 4469 1807 4521 cite

476 4561 505 4613 S.
530 4557 660 4621 Je'rome,
685 4559 762 4611 Dist.
784 4558 932 4621 XXXVII,
953 4574 1018 4625 cap.
1037 4569 1079 4611 111.
1108 4586 1138 4594 -
1166 4557 1210 4610 ef.
1229 4559 1322 4610 PEIR.
1345 4558 1487 4621 Damau,
1511 4558 1678 4624 Epistolur.
1700 4559 1754 4610 lib.
1772 4559 1808 4622 V,

476 4651 575 4717 Epist.
594 4650 623 4701 Ιι
641 4650 684 4701 ad
701 4650 783 4700 arch.
801 4648 966 4700 Andreum.
985 4648 1194 4700 Nombreuses
1213 4647 1378 4700 variantes.
1398 4647 1433 4698 In
1454 4646 1544 4713 Oper.
1566 4647 1589 4710 1,
1607 4647 1669 4700 337.

583 4735 604 4801 ³)
622 4738 682 4791 Sur
707 4752 742 4790 ce
767 4737 863 4804 point,
888 4737 1041 4789 Domiuici
1058 4752 1099 4789 ne
1123 4737 1252 4803 pouvait
1275 4737 1342 4789 etro
1360 4737 1518 4789 desavoue
1540 4751 1598 4803 par
1617 4736 1648 4789 C.
1668 4736 1806 4799 SalutatI,

474 4829 527 4895 qui
553 4828 627 4881 etait
650 4843 694 4879 un
712 4827 893 4879 adversaire
912 4826 1036 4879 deciate
1054 4827 1094 4879 de
1119 4826 1306 4893 l'astrologie
1326 4826 1400 4879 telle
1418 4825 1510 4891 qu'on
1528 4825 1558 4878 la
1578 4826 1723 4878 cultivait.
1762 4825 1806 4879 ct.

475 4932 515 4969 en
533 4917 711 4984 particulier
736 4932 770 4969 sa
788 4916 917 4968 lettrea
943 4916 1116 4969 Francesco
1141 4916 1173 4967 di
1196 4916 1326 4969 Marano
1349 4915 1391 4967 da
1417 4914 1590 4979 Camerino,
1617 4916 1809 4982 Epistolarto

475 5007 576 5071 Iv-IP,
595 5022 623 5073 p.
643 5006 678 5059 8⁶
696 5020 741 5072 sq.

581 5094 603 5161 ⁴)
621 5095 717 5148 Eucti.
734 5094 811 5156 XIV,
830 5094 864 5146 5:
886 5092 968 5166 ‹Qui
986 5092 1045 5145 sibi
1062 5108 1198 5159 nequam
1217 5094 1274 5155 est,
1293 5093 1342 5145 cui
1360 5092 1413 5172 alii
1429 5094 1530 5145 bonus
1549 5092 1655 5146 eritl»

582 5182 603 5250 5)
622 5184 652 5239 S.
672 5184 751 5237 Aua.
772 5186 852 5237 Auo.
872 5186 920 5238 De
940 5182 1023 5235 civit.
1042 5184 1109 5247 Det,
1128 5182 1163 5246 V,
1182 5182 1277 5234 v1.1n
1298 5181 1388 5249 oper.
1407 5182 1551 5245 vn,144.
