4300 6117
842 988 1030 1042 IOHANNIS
1053 989 1234 1042 DOMINICI
1646 980 1709 1043 275

370 1211 538 1273 doctrina
554 1215 754 1291 provectos,
771 1213 1016 1286 meretriculis,
1041 1217 1081 1275 ut
1096 1214 1216 1275 verbis
1241 1232 1327 1294 sepe
1351 1215 1434 1275 utar
1451 1210 1675 1293 Torquati
1689 1211 1710 1287 ¹,

374 1319 590 1392 uxorandos‚
614 1319 742 1392 dicam,
766 1338 814 1381 an
839 1320 1086 1401 captivandos.

485 1426 664 1488 Prohibeo
697 1445 802 1488 sacra
832 1427 918 1507 lege,
944 1428 1038 1489 civili
1069 1429 1221 1499 favente,
1257 1427 1489 1499 Aristotilem,
1513 1426 1710 1508 Virgilium,
1727 1426 1780 1489 18.

373 1532 592 1605 Ciceronem,
632 1534 771 1614 pariter
810 1535 845 1596 et
882 1533 1047 1595 Anueum
1081 1536 1175 1596 inter
1206 1534 1424 1614 Xpisticolas
1462 1535 1642 1614 simplices
1678 1538 1714 1596 et

372 1640 517 1720 ignaros
550 1641 596 1702 de
630 1639 805 1702 catholica
841 1642 923 1707 lide.
957 1642 1079 1703 taliter
1115 1642 1276 1712 edocere,
1304 1641 1459 1721 qualiter
1482 1660 1547 1721 per
1569 1644 1713 1704 sanctos

373 1748 542 1819 nondum,
556 1750 619 1809 aut
634 1748 748 1820 aliter,
767 1751 822 1809 est
834 1747 1031 1819 definitum,
1056 1747 1154 1809 Cod.
1170 1748 1229 1809 De
1254 1747 1433 1810 Sancta
1455 1745 1712 1819 Trinitate,

375 1854 453 1915 lex:
482 1853 621 1915 Nemo
656 1854 902 1917 clericus².
930 1887 969 1895 -
994 1854 1182 1927 Prohibeo,
1212 1854 1308 1917 felici
1334 1854 1531 1917 Iustiniano
1560 1855 1712 1926 volente,

375 1961 608 2033 xenodochia,
633 1961 872 2033 nosochomia,
897 1960 1213 2044 orphanotrophia,
1236 1961 1565 2042 prothocotrophia,
1589 1975 1714 2041 gerun-

379 2069 552 2130 trocomia
577 2071 613 2130 et
635 2069 824 2148 lictrophia
849 2068 966 2131 fedari
982 2070 1040 2131 vel
1055 2069 1193 2140 violari,
1219 2067 1317 2130 Cod.
1342 2068 1405 2130 De
1429 2067 1714 2131 Sacrosanc·

373 2176 441 2236 tis
475 2173 728 2247 EcclesiiS,
754 2177 831 2237 lex:
856 2174 911 2237 Ut
934 2177 1063 2237 inter
1086 2173 1380 2237 divinum....³.
1705 2174 1708 2177 ’

489 2281 586 2367 Quid
611 2283 704 2344 enim
731 2284 831 2344 aliud
863 2286 947 2344 sunt
978 2282 1158 2363 simplices
1188 2282 1377 2362 Xpistiani,
1403 2284 1505 2362 pueri
1536 2282 1714 2355 videlicet,
1732 2280 1782 2343 19.

377 2390 441 2467 qui
465 2390 583 2451 scolas
605 2391 835 2468 frequentant
858 2394 895 2451 et
922 2392 983 2469 qui
1017 2390 1075 2451 vel
1110 2408 1180 2468 que
1213 2390 1484 2469 predicaciones
1507 2392 1715 2469 sequuntur,

376 2496 509 2574 quibus
531 2497 683 2558 maxime
706 2498 848 2576 poetica
872 2499 1074 2567 narrantur,
1101 2496 1198 2575 quod
1233 2496 1401 2576 displicet
1435 2498 1471 2558 et
1505 2497 1603 2575 quod
1636 2515 1716 2576 pre·

377 2621 462 2664 sens
500 2604 583 2665 ten't
622 2606 807 2675 tractatus,
845 2622 953 2683 quam
991 2606 1112 2683 quoad
1149 2603 1259 2665 iidem
1295 2602 1492 2683 perlectam
1528 2604 1715 2683 peregrini,
1743 2593 1746 2600 ’

377 2712 500 2790 egroti,
527 2711 688 2790 orphani,
713 2730 891 2790 pauperes
916 2715 951 2773 et
972 2711 1180 2783 imbecilles,
1205 2729 1227 2771 a
1244 2712 1373 2788 quibus
1390 2711 1619 2772 denominata
1635 2713 1718 2771 sunt

378 2829 482 2897 grece
506 2816 585 2878 loca
608 2817 780 2898 prefata?
803 2817 990 2883 Prohibeo.
1017 2837 1097 2879 cum
1121 2818 1257 2897 legibus
1288 2818 1431 2889 sanctis,
1461 2818 1613 2897 protana
1637 2836 1717 2897 pre·

377 2927 486 3003 cepta
509 2923 633 2986 doceri
655 2925 713 2986 vel
725 2915 740 3007 ll
766 2924 866 2996 disci,
893 2943 962 3003 que
985 2925 1135 2986 heretici
1150 2923 1209 2985 vel
1223 2924 1372 3004 gentiles
1396 2925 1591 2986 dederunt:
1616 2922 1715 2985 Cod.
1803 2918 1833 2980 L
1848 2918 1920 2980 82¹⁰

375 3030 444 3092 De
482 3029 732 3103 hereticis,
773 3031 830 3093 lex
868 3029 1118 3093 Omnes....⁴.

491 3136 573 3207 Sed,
599 3156 644 3199 ne
667 3141 830 3199 vertatur
852 3140 890 3200 in
913 3140 1062 3200 dubium
1082 3139 1242 3201 ethnicos
1261 3140 1328 3200 sub
1350 3139 1517 3200 hereticis
1535 3138 1718 3202 contineri,
1735 3136 1787 3197 20.

380 3244 507 3305 eadem
531 3244 616 3324 lege,
642 3246 838 3325 imperator
861 3246 921 3306 ille
945 3246 1147 3308 subiunxit:
1176 3245 1460 3308 ‹Hereticorum
1475 3235 1489 3327 ΙΙ
1516 3249 1635 3306 autem
1657 3263 1718 3305 vo·
1799 3242 1828 3302 B
1844 3240 1917 3302 66το

382 3352 511 3413 cabulo
545 3353 779 3425 continentur,
807 3357 841 3414 et
876 3353 959 3414 latis
998 3354 1172 3415 adversus
1207 3372 1268 3415 eos
1303 3353 1547 3414 sanctionibus
1586 3351 1720 3413 debent

380 3460 627 3529 subcumbere,
653 3460 715 3538 qui
738 3460 795 3521 vel
817 3460 887 3521 levi
911 3464 1119 3539 argumento
1141 3479 1163 3521 a
1186 3460 1319 3522 iudicio
1343 3460 1517 3522 catholice
1539 3458 1719 3539 religionis

380 3568 418 3626 et
441 3566 584 3627 tramite
608 3567 741 3628 detecti
764 3568 897 3627 fuerint
912 3568 1058 3628 deviare
1075 3565 1121 3628 »5.
1146 3566 1222 3628 Hos
1238 3568 1389 3646 iniquos,
1408 3585 1497 3645 quos
1513 3566 1574 3627 ille
1589 3564 1717 3645 gladio¹

381 3684 447 3751 ego
471 3673 591 3734 verbis
615 3673 726 3748 ien'o;
753 3686 816 3753 ego
841 3674 993 3746 exilium,
1019 3674 1079 3735 ille
1102 3677 1254 3735 mortem
1278 3674 1413 3735 indicit.

387 3884 601 3893 *-

489 4095 510 4163 ¹)
529 4099 564 4150 A.
578 4097 618 4149 M.
632 4095 731 4163 TORQ.
750 4098 848 4149 BoET.
867 4100 913 4151 De
935 4099 1053 4151 Consul.
1072 4098 1185 4149 Phtlos.
1204 4098 1226 4160 l,
1242 4113 1342 4163 prosa
1356 4101 1468 4164 primu.
1489 4098 1600 4164 Migne,
1619 4096 1723 4160 LXIII,

385 4188 445 4239 col.
464 4187 525 4241 ⁵90.

490 4274 510 4341 ρ)
530 4276 574 4330 cf.
595 4277 670 4330 COD.
690 4278 741 4330 lib.
761 4278 846 4340 1,tit.
865 4278 886 4328 1.
918 4280 964 4330 De
983 4294 1059 4330 sum.
1084 4276 1186 4329 Trintt.
1209 4275 1328 4341 etstde.
1366 4277 1470 4330 Consi.
1492 4277 1542 4328 111.
1580 4276 1650 4328 Non
1676 4279 1723 4328 est

380 4367 497 4418 licitum
516 4364 634 4430 deside
651 4368 800 4419 catholica
815 4368 937 4433 publice
955 4369 1124 4434 disputare,
1144 4368 1202 4418 etc.

490 4452 510 4520 3)
531 4455 574 4507 ef.
595 4455 671 4508 Con.
691 4455 848 4517 lib.1,tit.
868 4456 904 4507 11.
930 4458 977 4508 De
995 4458 1205 4508 sacrosanctis
1224 4456 1367 4519 ecclesiis,
1386 4457 1442 4508 etc.
1463 4454 1565 4507 Const.
1583 4453 1662 4505 XIX.
1687 4455 1724 4506 Ut

382 4547 462 4597 inter
486 4546 575 4596 divin.
612 4545 637 4596 Il
656 4560 696 4597 ne
714 4544 801 4613 s'agit
826 4546 904 4597 dans
930 4547 1011 4598 cette
1037 4546 1235 4598 constitution
1262 4560 1322 4611 que
1341 4545 1381 4596 de
1407 4543 1723 4611 l’imprescriptibilite

384 4634 440 4685 des
460 4635 556 4686 droits
576 4635 683 4700 aequis
701 4649 759 4701 par
778 4650 828 4687 ces
847 4634 953 4687 divers
973 4635 1063 4697 lieux,
1082 4634 1134 4700 qui
1150 4635 1227 4686 dans
1246 4635 1276 4686 le
1290 4636 1375 4686 texte
1388 4636 1458 4686 sont
1473 4634 1550 4685 ainsi
1564 4632 1722 4699 designes:

387 4742 399 4766 ‹
413 4724 587 4786 xenonibus,
612 4724 659 4775 vel
682 4726 813 4790 ptochiis
815 4761 927 4786 ......
955 4725 1002 4776 vel
1028 4725 1303 4789 orphanotrophiis,
1333 4724 1381 4775 vel
1397 4723 1650 4788 brephotrophiis,
1677 4721 1724 4773 rel

381 4816 614 4880 gerontocomtts
628 4851 634 4864 .
649 4851 655 4864 .
670 4851 676 4864 .
692 4851 698 4865 .
716 4832 727 4855 »

492 4899 513 4965 ⁴)
533 4901 577 4954 ef.
605 4902 681 4954 Con,
707 4902 760 4953 lib.
779 4901 800 4965 Ι,
826 4902 871 4954 tit.
890 4901 925 4953 V.
952 4903 999 4954 De
1018 4904 1189 4953 Haerettcts
1212 4905 1241 4953 et
1259 4902 1459 4963 Muutchuets,
1478 4902 1535 4953 etc.
1561 4898 1664 4951 Const.
1682 4899 1723 4950 11:

388 4990 524 5042 «Omnes
552 4992 668 5043 vetitae
698 4992 816 5059 legibus
842 4992 955 5043 divinis
982 4992 1013 5043 et
1038 4991 1251 5057 imperialibus
1280 4990 1547 5042 constitutionibus
1578 4988 1724 5041 haereses

385 5082 537 5147 perpetuo
548 5081 716 5146 quiescant,
730 5080 826 5134 Nemo
843 5082 973 5133 ulterius
988 5082 1126 5143 conetur,
1145 5095 1225 5146 quae
1239 5079 1392 5145 repererit
1404 5078 1534 5146 protana
1548 5078 1724 5144 praecepta,

383 5170 436 5222 vel
455 5170 576 5232 docere,
595 5171 646 5222 vel
665 5170 805 5223 discere.
824 5210 829 5221 .
848 5211 853 5221 .
871 5209 876 5221 .
895 5191 919 5221 ».

493 5255 514 5325 ⁵)
535 5259 610 5311 Con.
630 5259 681 5311 lib.
700 5260 725 5321 1,
744 5260 789 5311 tit.
808 5259 843 5310 V.
867 5260 913 5311 De
930 5261 1102 5311 Haereticis
1122 5262 1152 5311 et
1169 5260 1370 5311 Manichaets.
