4300 6117
826 940 1012 995 loflnums
1035 940 1217 995 nonm1c1
1631 927 1694 992 183

362 1185 430 1247 per
453 1185 549 1239 aera,
567 1167 659 1229 sicut
674 1165 835 1228 Plinius
851 1184 890 1228 se
907 1166 1040 1227 vidisse
1057 1166 1213 1227 testatur
1224 1161 1244 1237 ¹,
1262 1181 1332 1225 non
1347 1182 1493 1244 paucos,
1511 1181 1582 1224 non
1598 1182 1691 1237 raro,

361 1293 433 1336 non
456 1274 611 1353 denique
632 1276 771 1336 tantum
794 1273 955 1352 plebeios
979 1275 1015 1334 et
1037 1273 1180 1352 ignaros
1205 1272 1254 1332 ad
1277 1289 1316 1333 se
1340 1271 1565 1333 adorandum
1581 1270 1693 1332 Mem·

362 1381 452 1461 phos
477 1382 641 1454 attraxit,
667 1384 712 1453 et,
729 1384 877 1442 auctore
892 1378 1081 1452 Valerio,
1099 1380 1135 1439 in
1151 1380 1328 1458 serpentis
1345 1378 1463 1459 effigie
1478 1377 1691 1458 Esculapius

362 1487 512 1551 Romam
536 1488 681 1549 advexit
693 1487 713 1550 ².
728 1521 770 1528 —
785 1486 881 1550 Ecce
904 1486 952 1548 ad
977 1487 1065 1566 quid
1080 1486 1260 1547 hominum
1274 1487 1428 1565 profecit
1442 1486 1604 1557 ambicio,
1623 1504 1693 1565 que

362 1595 512 1657 tendens
535 1596 572 1655 in
595 1595 707 1656 altum
731 1595 829 1656 cadit
851 1595 898 1655 ab
922 1594 1005 1665 alto,
1040 1593 1215 1655 et'celum
1237 1593 1384 1673 pulsans
1413 1594 1525 1653 intrat
1546 1591 1692 1672 profun-

362 1703 457 1764 dum.
473 1701 723 1781 Philosophari
739 1702 881 1781 quippe,
906 1704 946 1762 ut
961 1702 1075 1762 visum
1092 1703 1155 1770 est,
1173 1700 1242 1762 sibi
1258 1700 1354 1778 cepit
1370 1700 1406 1760 in
1421 1699 1497 1761 Deo
1515 1702 1550 1762 et
1565 1703 1580 1733 ¹
1594 1700 1688 1771 inde,

361 1809 539 1889 gradatim
562 1809 744 1880 recedens,
770 1811 824 1869 est
848 1807 896 1869 ad
912 1806 1107 1869 Cerberum
1124 1808 1303 1868 devoluta.
1328 1805 1438 1867 Primi
1454 1807 1603 1868 crimina
1618 1807 1693 1869 lau·

361 1916 465 1988 dant,
504 1915 653 1977 secundi
685 1915 883 1994 suscipiunt
905 1916 984 1988 illa;
1025 1914 1092 1976 sed
1114 1915 1217 1976 tercii
1252 1915 1412 1976 nutriunt
1444 1917 1479 1975 et
1502 1913 1692 1993 reprehen-

361 2022 503 2095 duntur,
528 2023 590 2101 qui
613 2022 805 2101 prohibent
829 2040 951 2085 eorum
968 2022 1263 2084 conversaciones
1283 2021 1477 2083 habendas.
1503 2020 1572 2106 Qui
1587 2020 1691 2100 XpIs·

360 2133 436 2191 tum
470 2148 541 2191 non
576 2131 762 2209 recipiunt,
797 2129 995 2208 expellunt;
1034 2130 1095 2209 qui
1131 2148 1202 2191 non
1228 2129 1426 2208 predicant,
1466 2130 1690 2209 impugnant,

360 2239 443 2298 sunt
466 2239 592 2299 contra
611 2256 701 2307 eum,
728 2238 789 2316 qui
812 2255 883 2299 non
898 2239 980 2298 sunt
1003 2255 1084 2298 cum
1100 2237 1177 2308 illo;
1203 2238 1311 2315 atque
1326 2237 1536 2317 dispergunt
1550 2235 1691 2315 lapides

358 2344 565 2411 sanctuarii.
590 2344 651 2423 qui
676 2364 747 2406 non
770 2344 940 2425 colligunt
962 2362 1085 2406 secum
1108 2344 1157 2405 ad
1180 2363 1288 2405 unum
1312 2344 1405 2405 ovile
1430 2347 1464 2406 et
1480 2363 1589 2405 unum
1612 2363 1693 2423 pas-

359 2453 485 2512 torem.

465 2841 497 2901 a)
521 2866 546 2873 —
569 2841 611 2891 et.

466 3014 486 3080 ¹)
506 3016 550 3070 Ci.
576 3019 660 3070 PLm.
679 3020 758 3070 ΗΜ,
777 3018 855 3081 VIII,
877 3029 949 3082 Lxx,
969 3028 1053 3072 LXXI.
1091 3020 1116 3071 il
1141 3034 1182 3071 ne
1205 3020 1294 3086 parle
1318 3020 1492 3086 cependant
1514 3021 1553 3074 ici
1571 3036 1632 3089 que
1651 3022 1693 3075 du

356 3105 440 3158 cnlte
458 3107 559 3160 rendu
584 3122 624 3160 au
648 3107 735 3160 boent
753 3108 838 3174 Apis,
856 3108 875 3160 a
894 3108 1055 3175 Memphis,
1080 3123 1153 3161 sans
1178 3108 1312 3162 allusion
1330 3108 1348 3161 a
1366 3126 1409 3163 nn
1426 3110 1555 3179 prodige
1573 3110 1689 3163 dontil

356 3194 456 3246 aurait
474 3195 633 3248 ini-meme
653 3197 701 3248 die
718 3197 840 3249 temoin.

465 3280 485 3346 ²)
505 3284 549 3337 cf.
568 3286 645 3337 VAL.
661 3285 746 3337 ΜΑΧ.
764 3286 787 3349 I,
805 3296 868 3350 vm,
886 3288 924 3341 de
942 3289 1109 3351 miraculis,
1129 3290 1153 3340 1.
