4300 6117
459 881 526 946 384
969 891 1129 949 LUCULA
1151 893 1290 948 NOCTIS

410 1114 441 1177 2.
563 1117 693 1180 Pastor
715 1118 862 1198 insuper
885 1136 1042 1180 summus
1068 1120 1105 1180 et
1127 1118 1221 1180 alme
1244 1119 1331 1180 lidei
1345 1122 1477 1192 custos,
1495 1117 1668 1181 Dominus
1683 1118 1790 1192 Deus,

457 1226 602 1306 quaudo
626 1243 711 1288 oves
735 1225 811 1287 eins
835 1224 928 1287 infra
951 1226 1118 1305 proprias
1143 1226 1266 1287 caulas
1290 1229 1326 1288 et
1359 1244 1528 1288 concesse
1556 1243 1692 1305 pascue
1722 1229 1791 1287 ter·

455 1333 570 1395 minos
593 1334 883 1405 demorabantur,
908 1332 1126 1411 providebat
1149 1350 1304 1412 superne
1326 1336 1367 1395 ut
1391 1352 1433 1395 ex
1448 1333 1518 1396 illis
1534 1334 1630 1412 lupis
1644 1333 1790 1404 exirent,

456 1441 518 1520 qui
542 1441 684 1502 demum
707 1441 824 1501 lorent
847 1458 955 1501 canes
979 1458 1064 1502 oves
1086 1444 1339 1520 preservantes
1364 1459 1386 1502 a
1417 1440 1523 1520 lupis.
1571 1438 1632 1501 Sic
1667 1443 1791 1502 contra

455 1547 585 1609 Iudeos
608 1549 828 1628 pugnaturus
851 1565 896 1608 ex
918 1546 1037 1608 Iudeis
1061 1549 1211 1609 vocatus
1236 1550 1290 1609 est
1314 1546 1456 1618 Paulus,
1482 1545 1671 1626 Ciprianus
1709 1565 1790 1608 con·

457 1657 514 1716 tra
545 1654 786 1735 philosophos.
820 1653 1041 1725 Ambrosius,
1078 1653 1274 1716 leronimus
1309 1657 1436 1716 contra
1467 1654 1678 1734 platonicos,
1711 1671 1791 1714 con·

456 1765 513 1824 tra
547 1762 751 1824 manicheos
785 1761 1011 1841 Augustinus,
1049 1761 1267 1823 Athanasius
1292 1763 1327 1824 et
1349 1761 1446 1823 mille
1469 1761 1604 1823 talium.
1642 1759 1701 1830 At,
1730 1759 1791 1821 ubi

457 1887 528 1949 que
565 1873 647 1932 sunt
685 1873 888 1949 opportuna
925 1868 1094 1932 fidelibus
1130 1869 1369 1948 negliguntur,
1405 1869 1590 1949 superflua
1627 1867 1792 1929 certatim

457 1980 664 2058 queruntur,
689 1980 725 2039 et
748 1978 815 2039 sub
839 1976 930 2039 falso
953 1977 1072 2040 colore
1096 1976 1297 2038 intellectus
1314 1975 1530 2055 scriptorum
1546 1976 1593 2037 de
1606 1975 1678 2036 illis
1695 1992 1790 2035 erro·

456 2086 556 2147 ribus
595 2084 751 2164 antiquis
786 2084 1013 2163 loquencium
1050 2084 1108 2146 vel
1141 2084 1319 2163 propositi
1357 2082 1552 2144 invadendi
1585 2081 1735 2163 gentiles
1768 2098 1791 2141 a

456 2193 560 2254 nobis
583 2195 740 2254 remotos
764 2209 868 2253 omne
891 2191 1049 2253 studium
1072 2193 1243 2270 precipue
1271 2191 1462 2270 predicare
1495 2189 1718 2260 debencium,
1742 2188 1790 2249 ad

456 2300 537 2362 illas
560 2297 822 2361 meretriculas1
845 2299 1108 2362 terminaretur.
1141 2298 1267 2360 Nullus
1301 2297 1458 2360 infidelis
1494 2298 1542 2359 ad
1577 2295 1790 2358 catholicam

456 2407 577 2481 tidem,
600 2407 718 2468 nullus
741 2406 860 2468 tidelis
883 2407 933 2468 ad
954 2407 1127 2468 maiorem
1150 2404 1217 2467 Dei
1245 2406 1472 2468 dilectionem
1496 2404 1646 2467 accedit.
1685 2402 1788 2487 Quid,

455 2515 525 2577 nisi
547 2515 633 2576 dum
644 2515 788 2576 verbius
812 2514 945 2575 feriunt
966 2513 1144 2576 hereticos
1168 2513 1345 2586 absentes,
1370 2512 1557 2574 nonnullos
1581 2529 1624 2572 ex
1646 2528 1791 2590 presen-

456 2624 552 2686 tibus
568 2622 797 2684 credencium
812 2621 989 2683 hereticos
1006 2621 1235 2683 constituunt.
1252 2619 1347 2682 Ecce
1363 2620 1502 2681 lucrum
1522 2617 1788 2697 sophismatum,

455 2729 575 2810 fruges
597 2728 899 2808 philosophorum,
923 2728 1194 2790 tundamentum
1220 2728 1349 2808 premii
1370 2725 1639 2788 modernorum!
1674 2722 1788 2793 Certe,

455 2840 496 2899 ut
517 2837 647 2915 loquar
670 2853 750 2897 cum
782 2835 949 2908 Anneo,
975 2835 1172 2914 epistola
1194 2833 1318 2895 XIV:
1357 2831 1687 2912 «Philosophorum
1718 2829 1788 2891 dis·

455 2944 683 3024 ceptaciones
706 2946 789 3004 sunt
802 2942 912 3004 velud
935 2943 1224 3022 prestigiatorum
1241 2941 1486 3021 decepciones‚
1509 2957 1579 3019 que
1594 2937 1718 3018 pocins
1734 2955 1787 2998 so·

455 3052 635 3132 phismata
657 3051 740 3112 dico
762 3068 828 3112 nec
852 3051 1029 3130 ignoranti
1054 3053 1184 3112 nocent
1208 3067 1273 3111 nec
1296 3050 1467 3111 scientem
1483 3048 1607 3109 iuvant
1625 3044 1667 3106 2².
1686 3075 1727 3085 -
1743 3041 1790 3105 Et

457 3160 570 3222 eciam
593 3157 703 3219 illud:
730 3156 873 3237 «Negat
895 3155 1073 3239 Cycero,
1099 3157 1129 3218 si
1152 3157 1356 3236 duplicetur
1380 3155 1449 3218 sibi
1473 3157 1560 3224 etas,
1584 3153 1791 3214 habiturum

457 3285 497 3328 se
508 3269 649 3345 tempus
662 3282 733 3344 quo
748 3265 844 3345 legat
860 3264 991 3346 lyricos
1003 3262 1025 3336 ³,
1044 3264 1171 3327 eodem
1183 3263 1290 3326 modo
1304 3263 1565 3345 dyalectycos».
1584 3291 1626 3300 -
1636 3254 1789 3321 Tristius

457 3373 571 3452 inepti
592 3374 677 3434 sunt
698 3372 760 3443 illi,
783 3390 827 3434 ex
856 3371 1019 3451 professo
1053 3371 1253 3442 lasciviunt,
1278 3371 1330 3432 hii
1359 3381 1465 3450 agere
1502 3367 1641 3447 aliquid
1671 3366 1789 3428 existi·

191 3480 310 3544 ,11110
333 3478 445 3541 Β95το
457 3483 558 3542 mant
572 3470 604 3562 11.
627 3479 702 3541 Nec
718 3491 782 3558 ego
797 3491 887 3560 nego
909 3469 1186 3561 prosp'licienda
1200 3480 1279 3550 ista,
1293 3479 1359 3540 sed
1374 3475 1628 3557 prospicienda
1640 3476 1787 3544 tantum,

459 3590 495 3651 et
518 3606 540 3648 a
562 3587 684 3648 limine
707 3586 908 3648 salutanda.
933 3585 974 3646 In
996 3586 1064 3648 hoc
1086 3605 1206 3659 unum,
1230 3604 1275 3647 ne
1296 3586 1408 3647 verba
1431 3603 1453 3646 a
1468 3588 1483 3618 ²
1506 3585 1609 3646 nobis
1648 3583 1787 3652 dentur,

458 3698 494 3757 et
516 3694 655 3774 aliquid
677 3693 793 3756 inesse'
816 3694 853 3755 in
875 3693 947 3754 illis
970 3693 1089 3773 magni
1113 3711 1156 3755 ac
1179 3693 1310 3755 secreti
1332 3693 1418 3755 boni
1451 3692 1658 3755 indicemus.
1693 3689 1789 3775 Quid

457 3805 493 3864 te
517 3804 663 3881 torques
688 3819 731 3863 ac
754 3818 916 3862 maceras
939 3801 976 3861 in
999 3800 1061 3862 illa
1085 3801 1281 3879 questione,
1308 3818 1416 3880 quam
1439 3801 1604 3864 subtilius
1628 3805 1684 3864 est
1707 3821 1788 3865 con·

456 3909 646 3988 tempsisse
683 3925 791 3988 quam
823 3907 973 3970 solvere.
1007 3905 1133 3969 Securi
1165 3911 1228 3981 est,
1266 3911 1302 3970 et
1336 3927 1378 3970 ex
1414 3908 1565 3971 comodo
1593 3910 1788 3991 migrantis,

459 4105 669 4114 —..—-.--—

563 4272 696 4335 a)-a.

562 4445 584 4514 ¹)
601 4447 739 4502 allusion
756 4464 796 4501 au
812 4457 942 4519 passage
960 4448 1001 4502 de
1019 4449 1129 4503 Boece.
1148 4451 1225 4503 Phil.
1245 4450 1357 4503 consol.
1379 4452 1400 4514 1,
1419 4451 1516 4506 Prosa
1529 4452 1552 4517 1,
1570 4451 1787 4521 MlgneLXlll,

455 4552 484 4605 p.
503 4537 565 4590 590.

563 4623 584 4692 ¹)
602 4627 635 4680 L.
653 4627 710 4681 An.
729 4627 841 4681 Serme.
861 4627 950 4692 XLV,
968 4629 1025 4682 8-9.
1045 4629 1090 4682 Le
1108 4631 1193 4682 texte
1212 4632 1301 4685 exact
1319 4632 1382 4685 est:
1402 4631 1510 4684 «idem
1528 4631 1569 4684 de
1586 4631 1655 4685 istis
1674 4635 1787 4700 captio·

454 4716 545 4770 nibus
572 4717 656 4770 dico:
681 4732 743 4784 quo
768 4717 851 4771 enim
874 4718 999 4772 nomine
1023 4719 1127 4786 potius
1146 4719 1335 4786 sophismata
1354 4721 1532 4789 appellem?
1557 4736 1616 4775 nec
1634 4723 1788 4792 ignoranti

455 4807 578 4869 nocent,
594 4821 654 4859 nec
670 4806 819 4861 scientem
836 4808 946 4874 juvant
956 4828 980 4859 n.

564 4891 586 4962 ¹¹)
605 4896 667 4948 010.
691 4897 738 4949 De
755 4896 874 4964 Repnb.
893 4897 941 4961 IV,
959 4907 1002 4950 1x.
1021 4897 1101 4952 Edit.
1120 4897 1190 4962 Mai,
1208 4915 1238 4967 p.
1256 4899 1299 4954 94.
1339 4899 1382 4955 Ce
1398 4899 1553 4970 fragment
1571 4917 1589 4954 a
1608 4901 1659 4956 ete
1677 4903 1789 4957 trouve

455 4984 515 5037 cite
533 4999 592 5052 par
609 4984 759 5052 seneque,
778 4986 878 5053 Epist.
896 4989 939 5038 ud
955 4989 1060 5040 Lucili.
1080 4987 1183 5042 XLIX.
1220 4988 1302 5042 C'est
1327 5005 1368 5044 en
1393 4989 1469 5044 ellet
1494 4991 1571 5044 dans
1590 5007 1653 5046 une
1676 4991 1788 5061 longne

456 5074 582 5129 citatlon
597 5073 674 5128 faite
686 5090 744 5143 par
751 5074 905 5129 Domintci
922 5075 964 5130 de
981 5077 1062 5130 cette
1079 5077 1181 5142 lettre,
1199 5092 1260 5144 que
1277 5079 1359 5132 cette
1376 5079 1485 5147 parole
1502 5080 1542 5134 de
1557 5079 1695 5146 ciceron,
1713 5082 1788 5135 dont

455 5163 594 5233 l'origine
610 5165 751 5232 J'nsqu'ict
769 5179 849 5219 noas
867 5167 951 5220 avait
969 5165 1117 5239 echappe,
1136 5182 1154 5220 n
1173 5167 1284 5221 trouve
1302 5167 1400 5236 place.
