4300 6117
867 884 1053 939 IOHANNIS
1074 884 1255 938 DOMINICI
1674 874 1739 938 325

402 1106 495 1168 illud
518 1104 694 1168 infernale
716 1108 906 1187 contingat,
932 1126 1003 1187 quo
1026 1107 1114 1169 dicit
1137 1107 1183 1169 de
1204 1108 1424 1187 dampnatis:
1448 1102 1668 1169 Transibunt
1691 1108 1738 1169 ab

403 1214 509 1292 aquis
534 1215 668 1275 nivium
691 1214 740 1276 ad
765 1215 922 1276 calorem
945 1215 1092 1276 nimium
1102 1212 1122 1274 ¹.

514 1320 687 1401 Superest
721 1325 866 1401 tangere
902 1322 1057 1401 quedam
1092 1322 1169 1384 iore
1206 1321 1338 1383 homini
1374 1339 1453 1382 cum
1476 1324 1605 1383 natura
1633 1322 1737 1383 simul
1751 1320 1803 1383 15.

403 1428 549 1501 inserta,
588 1447 657 1507 que
678 1428 793 1490 beluis
818 1430 1073 1491 communicari
1104 1448 1176 1491 non
1210 1431 1369 1508 possunt,
1404 1447 1520 1508 queve
1556 1429 1737 1491 universa·

402 1534 486 1596 liter
509 1537 577 1597 sub
602 1536 756 1609 racione,
795 1553 867 1615 qua
890 1535 995 1598 homo
1019 1536 1082 1597 illa
1105 1536 1278 1615 precellit,
1317 1554 1388 1597 non
1422 1536 1631 1616 ambigimus
1656 1554 1737 1597 con·

402 1641 519 1703 tineri.
560 1641 639 1703 Hac
663 1643 730 1704 soli
753 1661 905 1715 oramus,
946 1643 1013 1704 hac
1037 1644 1132 1704 inter
1155 1661 1281 1705 verum
1304 1646 1341 1705 et
1370 1641 1510 1711 falsum,
1544 1644 1678 1704 bonum
1701 1644 1737 1705 et

401 1749 536 1810 malum
551 1750 807 1812 raciocinando
822 1750 1065 1821 discurrimus,
1091 1751 1158 1811 hac
1181 1751 1406 1822 conterimur,
1431 1750 1668 1831 corrigimur·
1690 1750 1736 1811 de

400 1856 572 1936 peccatis,
611 1857 678 1919 hac
717 1858 876 1920 scienter
909 1858 1143 1937 volenterque
1181 1858 1337 1919 omnium
1374 1855 1591 1931 Creatorem,
1629 1876 1736 1937 quem

400 1964 551 2043 speciali
575 1964 824 2026 desideramus
848 1966 992 2037 aflectu,
1016 1965 1189 2026 laudibus
1212 1968 1405 2043 utcumque
1418 1964 1642 2036 honoramus,
1667 1965 1735 2026 hac

399 2088 623 2132 communem
646 2072 705 2133 vel
739 2074 919 2152 privatam
952 2072 1158 2153 religionem
1189 2075 1377 2143 sectamur,
1418 2075 1453 2133 et
1484 2075 1604 2134 cetera
1639 2072 1733 2152 eligi·

400 2195 491 2253 mus,
517 2196 586 2257 que
611 2179 876 2257 quodammodo
900 2180 1053 2241 alciores
1079 2180 1182 2241 nobis
1206 2198 1271 2241 nos
1293 2178 1439 2252 iaciunt,
1465 2182 1501 2241 et
1523 2180 1639 2241 beatis
1663 2180 1733 2260 spi-

403 2284 532 2346 ritibus
557 2289 699 2364 equant.
724 2286 779 2347 De
803 2286 932 2365 quibus
954 2276 968 2369 ly
985 2289 1073 2365 puto
1096 2287 1231 2365 apcius,
1259 2287 1358 2348 iuxta
1381 2286 1555 2366 premissa
1579 2287 1615 2347 in
1632 2304 1732 2348 exor-

397 2391 461 2453 dio
482 2391 586 2453 huius
609 2393 765 2471 capituli,
786 2392 863 2454 iore
876 2394 912 2454 in
928 2394 1160 2473 sequentibus
1176 2393 1434 2455 disserendum.
1457 2392 1516 2455 Ad
1529 2392 1596 2455 hec
1611 2396 1732 2455 autem

396 2499 562 2560 novimus
597 2500 710 2561 solam
739 2490 755 2582 Η
787 2518 851 2562 nos
889 2518 1029 2562 sacram
1054 2499 1277 2580 Scripturam
1310 2502 1348 2561 in
1369 2501 1437 2562 hac
1460 2501 1535 2562 vita
1566 2501 1730 2580 dirigere,

395 2605 541 2667 dicente
559 2607 595 2666 in
612 2607 770 2685 quadam
786 2608 938 2686 epistola
954 2606 1081 2669 Petro
1104 2606 1364 2669 Rauennate:
1392 2606 1555 2669 «Cuncta
1570 2626 1655 2669 sane
1678 2608 1730 2669 di·

397 2712 564 2774 vinarum
579 2710 848 2794 Scripturarum
873 2715 1015 2793 eloquia
1038 2715 1088 2776 ad
1111 2714 1220 2777 nichil
1242 2715 1350 2788 aliud,
1375 2716 1443 2777 nisi
1465 2716 1514 2777 ad
1531 2716 1731 2777 animarum

395 2819 550 2881 salutem
574 2822 710 2882 crebris
727 2824 809 2883 sunt
825 2821 1063 2883 voluminibus
1085 2825 1259 2884 exarata»
1273 2821 1295 2883 ².
1312 2858 1353 2866 -
1371 2821 1554 2907 Quidquid
1578 2823 1672 2884 euim
1694 2822 1731 2884 in

396 2924 465 2987 hiis
489 2928 696 3006 precipitur,
721 2928 897 3007 quidquid
921 2928 1140 3009 prohibetur,
1166 2932 1279 2991 totum
1294 2930 1421 3008 procul
1445 2930 1555 2992 dubio
1578 2930 1626 2991 ad
1649 2948 1730 3010 pro·

394 3031 529 3094 tectum
547 3033 590 3095 iit
606 3036 814 3107 animarum,
833 3034 963 3097 Paulo
981 3039 1145 3106 testante,
1163 3035 1224 3115 qui
1236 3036 1303 3098 ait:
1322 3035 1580 3121 ‹Quecumque
1595 3038 1730 3117 scripta

394 3142 488 3212 sunt,
526 3141 574 3202 ad
597 3144 757 3204 nostram
779 3141 982 3204 doctrinam
1017 3144 1154 3223 scripta
1177 3146 1259 3205 sunt
1274 3165 1289 3198 »
1302 3142 1323 3204 ³.
1362 3143 1419 3205 Ad
1442 3144 1508 3205 hec
1531 3145 1635 3216 euim,
1660 3163 1730 3224 que

396 3245 639 3326 preferuntur,
663 3246 800 3311 Littere
823 3268 926 3311 sacre
949 3252 1049 3312 recto
1085 3249 1176 3312 calle
1199 3250 1409 3329 perducunt,
1445 3251 1494 3312 ad
1518 3270 1587 3331 que
1611 3255 1730 3315 cetere

309 3376 318 3395 ·
393 3358 459 3416 aut
482 3372 548 3433 per
574 3356 680 3417 devia
703 3356 762 3417 vel
786 3356 941 3435 obliqua,
966 3359 1035 3447 'aut
1058 3360 1157 3418 certe
1180 3357 1374 3420 abducunt.
1413 3356 1621 3421 Communia
1643 3377 1730 3421 vero

392 3462 498 3523 nobis
520 3464 556 3523 et
572 3462 642 3523 illis
665 3466 762 3525 sunt:
782 3464 855 3525 vite
879 3465 1070 3544 appetitus,
1095 3464 1219 3526 mortis
1243 3468 1360 3527 terror
1384 3466 1573 3537 etodium,
1597 3467 1729 3528 instan-

393 3570 502 3629 tanea
525 3570 590 3642 ira,
625 3570 843 3632 incommodi
866 3568 957 3650 iuga,
993 3570 1106 3650 prolis
1140 3571 1358 3633 desiderium
1382 3575 1417 3633 et
1441 3591 1527 3633 cura
1553 3576 1728 3646 natorum,

391 3692 474 3736 cum
500 3676 661 3755 reliquis,
687 3694 757 3755 que
779 3677 866 3738 mihi
889 3695 1060 3740 enarrare
1084 3681 1141 3740 est
1163 3679 1354 3758 plurimum
1376 3679 1564 3741 tediosum.
1599 3678 1639 3741 In
1662 3681 1728 3743 hec

390 3781 456 3843 illa
480 3779 646 3845 teruntur
668 3784 873 3864 precipites,
897 3784 946 3846 ad
971 3803 1039 3864 que
1061 3797 1172 3865 genus
1194 3785 1396 3858 humanum,
1422 3804 1502 3847 cnm
1526 3789 1562 3847 et
1584 3789 1651 3849 sub
1672 3807 1728 3850 ra·

391 3889 495 3951 cione
521 3890 631 3952 debet
655 3891 839 3963 accedere,
878 3895 918 3953 ut
941 3892 1059 3953 nullus
1084 3895 1186 3954 actus
1208 3893 1254 3954 sit
1278 3893 1364 3965 eius,
1403 3894 1438 3954 in
1462 3912 1533 3973 quo
1555 3913 1595 3955 se
1617 3894 1727 3957 homi-

389 4014 475 4057 nem
500 4015 572 4058 non
594 3998 771 4069 ostendat,
813 4001 848 4059 et
871 4016 938 4077 per
969 3999 1125 4061 nobilem
1159 4000 1339 4060 racionem
1372 4018 1394 4060 a
1417 4000 1531 4062 brutis
1567 4000 1725 4065 differre.

393 4100 475 4165 Istis
492 4105 657 4175 motibus,
670 4105 762 4166 sicut
772 4106 961 4184 prefertur,
981 4106 1225 4178 cohercendis,
1233 4106 1341 4179 Deus,
1355 4108 1510 4169 racionis
1524 4108 1584 4169 lux
1599 4110 1724 4189 prima,

388 4227 534 4272 sacrum
561 4230 734 4273 canonem
757 4211 880 4285 edidit,
904 4213 1028 4291 inquo
1045 4231 1117 4274 non
1140 4214 1255 4274 solum
1269 4214 1497 4293 particularis
1520 4214 1636 4288 homo,
1660 4217 1725 4278 sed

388 4485 602 4497 ..ι-..-

496 4707 529 4767 u)
549 4732 581 4742 -
601 4705 793 4775 corrigimur.

498 4880 517 4947 ¹)
535 4882 604 4935 1013.
626 4882 732 4946 XXIV,
755 4884 804 4937 29:
840 4884 909 4938 «Ad
934 4886 1062 4939 nimium
1088 4887 1222 4940 calorem
1247 4888 1386 4941 transeat
1411 4884 1544 4956 [impius]
1568 4891 1609 4942 ab
1633 4891 1721 4957 aquis

385 4968 540 5023 nivium».

496 5058 516 5123 ¹)
534 5059 564 5113 S.
583 5062 615 5113 P.
634 5060 774 5115 Dalm.
794 5064 894 5131 Epist.
910 5066 953 5116 ad
972 5064 1047 5117 Cler.
1066 5066 1119 5118 lib.
1138 5065 1173 5128 V,
1192 5066 1282 5133 epist.
1300 5076 1342 5119 xl.
1360 5067 1396 5120 In
1417 5066 1508 5135 Oper.
1527 5068 1549 5133 1,
1569 5068 1630 5123 355.

495 5146 516 5213 ³)
537 5150 566 5205 S.
586 5151 693 5214 PAUL,
712 5154 755 5204 ud
771 5152 868 5217 Rom,
886 5153 949 5217 XV,
967 5154 993 5207 4.
1631 5172 1636 5181 ·
