4300 6117
855 937 1043 991 IOHANNIS
1065 937 1248 991 DOMINICI
1651 926 1716 991 345

381 1162 461 1232 lem,
487 1180 508 1221 a
525 1160 655 1222 divinis
680 1160 831 1240 eloquiis
846 1162 1011 1233 alienum,
1036 1163 1100 1222 aut
1122 1180 1194 1222 non
1214 1161 1395 1221 amantem
1416 1160 1558 1222 illorum
1581 1162 1717 1239 alump-

383 1287 475 1338 num,
501 1271 639 1329 certum
663 1269 726 1340 est,
759 1268 852 1329 sicut
875 1286 985 1347 supra
1009 1269 1046 1329 in
1068 1270 1174 1347 parte
1210 1268 1328 1346 prima
1351 1268 1397 1328 de
1420 1266 1617 1347 Augustino
1626 1265 1646 1339 ¹,
1682 1271 1718 1329 et

381 1375 526 1436 demum
549 1392 615 1453 per
637 1373 873 1454 Augustinum
897 1373 1013 1436 extitit
1035 1375 1248 1446 intimatum,
1286 1391 1330 1436 ex
1353 1374 1415 1435 illa
1446 1376 1537 1436 silva
1560 1373 1718 1437 ferarum

381 1482 522 1561 aliquos
545 1481 770 1543 venerabiles
793 1482 890 1543 viros
914 1482 963 1543 ad
985 1480 1053 1543 Dei
1084 1482 1316 1544 amenissima
1338 1485 1444 1561 prata
1467 1482 1616 1555 venisse,
1652 1484 1718 1545 sed

381 1608 453 1651 non
475 1589 527 1650 ibi
543 1587 635 1660 dico,
659 1589 828 1670 quinymo
844 1589 1055 1651 demonibus
1080 1590 1256 1650 enutritos
1278 1588 1398 1659 fuisse,
1423 1607 1513 1668 quos
1528 1590 1605 1669 ipse
1621 1589 1718 1652 Deus

380 1694 662 1758 misericorditer
676 1696 854 1757 liberavit.
877 1694 1067 1774 Numquid,
1086 1696 1171 1774 quia
1195 1695 1241 1757 de
1262 1695 1411 1758 libidine
1435 1696 1553 1758 carnis
1569 1694 1717 1778 Magda-

380 1803 508 1875 leuam,
545 1800 730 1865 Matheum
752 1803 799 1864 de
821 1802 949 1875 usuris,
987 1803 1045 1863 vel
1081 1802 1369 1882 quibuscumque
1401 1805 1644 1866 contractibus
1667 1806 1717 1866 in-

379 1910 570 1982 concessis,
596 1910 643 1971 de
665 1909 854 1971 latrocinio
870 1908 1022 1990 Dymam
1032 1908 1053 1981 ⁸²,
1079 1912 1116 1971 et
1130 1910 1379 1972 centurionem
1393 1910 1440 1972 de
1454 1913 1588 1991 populo
1605 1911 1717 1973 ethni·

381 2034 504 2078 corum
528 2016 679 2088 vocavit,
704 2017 767 2079 ubi
790 2017 1033 2096 dampnantur
1057 2016 1244 2089 innumeri,
1278 2017 1439 2079 dicemus
1462 2019 1590 2081 inillis
1614 2021 1717 2081 malis

380 2141 442 2185 eos
466 2123 685 2185 sectandos?
723 2122 838 2196 Absit,
871 2125 938 2185 sed
960 2124 1190 2203 pendendum
1219 2127 1274 2186 est
1297 2124 1345 2186 ad
1368 2127 1581 2188 suavissima
1604 2128 1717 2189 ubera

380 2231 535 2309 pectoris
561 2230 673 2292 divini
696 2228 867 2292 ferventis
893 2233 929 2292 et
943 2231 1149 2293 medullitus
1165 2230 1362 2293 reficientis
1383 2232 1444 2294 illa
1459 2236 1656 2314 suggentes.
1676 2267 1714 2273 -

348 2346 350 2349 ’
380 2336 473 2399 Hinc
491 2338 542 2399 ibi
563 2336 833 2399 Ieronimus
856 2340 981 2417 pastus
1005 2339 1063 2399 ad
1086 2337 1339 2400 Damasum
1361 2340 1504 2401 scribit:
1532 2340 1716 2422 ‹Pinguis-

379 2444 489 2505 simus
523 2446 578 2505 est
600 2462 718 2506 sermo
742 2444 894 2506 divinus.
935 2442 1066 2507 Omnes
1090 2445 1200 2507 habet
1228 2446 1327 2506 inse
1352 2446 1510 2518 delicias,
1548 2449 1651 2527 quasi
1675 2468 1717 2509 ex

378 2569 543 2613 sermone
567 2550 688 2613 divind
712 2552 882 2623 nascitur,
908 2552 1002 2613 sicut
1023 2553 1173 2613 tradunt
1195 2552 1297 2614 Iudei
1323 2553 1422 2631 quod
1444 2572 1585 2627 manna,
1608 2574 1716 2635 quam

378 2659 628 2731 comedebant,
667 2658 863 2719 secundum
901 2659 1181 2738 uniuscuiusque
1216 2661 1439 2722 voluntatem
1477 2662 1643 2741 sapiebat
1681 2663 1717 2723 in

377 2764 505 2826 ore»³.
533 2798 572 2807 —
597 2764 644 2826 Et
668 2766 704 2825 in
728 2764 936 2827 Commento
959 2784 1105 2845 super
1128 2766 1391 2846 epistolam
1414 2767 1470 2829 ad
1489 2766 1715 2848 Ephesios

379 2872 522 2933 scribit:
565 2870 632 2933 «si
656 2872 745 2952 quid
768 2876 832 2943 est,
858 2872 956 2951 quod
980 2873 1017 2933 in
1039 2872 1108 2934 hac
1131 2874 1207 2935 vita
1230 2875 1347 2935 virum
1373 2875 1572 2954 sapientem
1595 2861 1716 2938 teneat

378 2981 415 3040 et
437 2980 531 3041 inter
545 2982 560 3013 ⁸
583 2997 772 3059 pressuras
796 2981 831 3041 et
855 2980 1015 3043 turbines
1039 2981 1163 3043 mundi
1201 2999 1294 3060 equo
1317 2982 1435 3043 animo
1467 3001 1612 3044 manere
1634 3002 1714 3068 per·

378 3085 539 3158 suadeat,
564 3087 603 3147 id
626 3105 706 3149 esse
728 3087 883 3165 primum
906 3105 989 3148 reor
1012 3087 1290 3150 meditacionem
1320 3092 1357 3150 et
1379 3090 1571 3151 scienciam
1595 3088 1713 3170 Scrip-

372 3193 540 3255 turarum
572 3196 821 3255 sanctarum».
847 3192 1057 3265 -Iterum,
1094 3194 1197 3256 alibi:
1240 3193 1375 3257 <Sicut
1406 3197 1529 3286 stellas
1553 3198 1620 3260 celi
1643 3216 1714 3259 uon

376 3300 550 3380 extinguit
571 3319 650 3373 uox,
687 3301 738 3362 sic
762 3304 898 3363 mentes
932 3299 1094 3362 fidelium
1117 3302 1323 3367 inherentes
1355 3301 1587 3365 fundamento
1611 3323 1714 3366 sacre

378 3404 563 3486 Scripture
586 3426 658 3469 uon
682 3408 852 3469 obscurat
875 3408 1057 3469 mundana
1080 3409 1252 3488 iniquitas
1268 3408 1310 3470 »⁴.

483 3511 522 3574 Si
538 3517 732 3595 purgarent
756 3519 817 3576 aut
838 3515 967 3576 saltem
989 3534 1060 3577 nou
1076 3516 1268 3577 inficerent
1283 3516 1463 3577 mundane
1479 3516 1712 3598 phylosophia
1729 3504 1780 3567 11·

376 3621 559 3682 naturales
576 3624 613 3683 et
627 3622 790 3684 fabulose
803 3622 921 3683 nudas
944 3624 1082 3685 mentes
1106 3640 1191 3702 sepe
1216 3623 1413 3703 legencium
1436 3626 1472 3685 et
1487 3624 1712 3686 familiariter

375 3728 618 3801 retinencium,
654 3748 726 3791 uon
749 3732 914 3809 putarem
938 3728 1112 3791 adversus
1136 3731 1216 3791 illas
1240 3733 1313 3791 tam
1337 3730 1567 3810 pertinacem,
1592 3732 1711 3793 dicam

377 3853 511 3914 anper
534 3837 772 3909 severitatem,
798 3827 814 3919 ΙΙ
842 3835 1047 3898 habendum
1070 3855 1280 3899 sermonem.
1307 3828 1323 3920 ΙΙ
1361 3837 1494 3900 Fateor
1527 3840 1649 3918 utique
1674 3824 1861 3899 inL1o1v⁰
1877 3822 1991 3885 38⁹⁰

376 3943 489 4003 sacris
505 3940 651 4005 Litteris
675 3943 838 4005 facinora
853 3944 1004 4023 reperiri
1027 3946 1064 4004 et
1087 3945 1297 4024 gravissima
1320 3945 1467 4016 scelera,
1492 3945 1538 4006 de
1559 3963 1710 4024 quorum

377 4048 553 4111 similibus
577 4053 699 4113 extere
714 4050 835 4112 littere
858 4053 1025 4123 tractant,
1049 4051 1115 4112 sed
1139 4051 1246 4113 modo
1263 4051 1388 4113 diviso.
1413 4051 1488 4113 Illic
1514 4053 1607 4113 enim
1623 4055 1711 4114 tam·

375 4174 482 4235 quam
507 4157 684 4219 medicine
709 4158 844 4229 salutis,
870 4158 962 4219 sicut
986 4177 1029 4220 ex
1044 4158 1173 4237 Xpisto
1197 4158 1348 4220 sanandi
1372 4160 1408 4219 iu
1431 4177 1469 4220 se
1484 4161 1542 4220 vel
1556 4160 1593 4220 iu
1609 4161 1711 4222 nobis

374 4265 630 4342 presentantur
644 4264 766 4343 egroti,
791 4264 857 4325 sed
880 4264 966 4325 alibi
989 4264 1172 4344 ponuntur
1195 4267 1260 4326 aut
1280 4263 1463 4345 finguntur
1484 4264 1626 4337 infirmi,
1651 4267 1713 4346 qui

374 4370 513 4432 comico
536 4371 630 4431 malo
654 4374 716 4432 aut
739 4371 924 4433 simbolice
948 4390 1050 4433 suam
1073 4375 1213 4451 pestem
1236 4373 1273 4432 in
1295 4370 1490 4433 familiares
1514 4374 1712 4435 effundant.

377 4584 590 4593 ————-..-...

484 4760 516 4820 a)
538 4786 568 4794 —
590 4758 615 4809 si
635 4758 709 4825 quid
728 4760 776 4811 est
794 4759 879 4826 quod
896 4758 929 4820 in
948 4759 1006 4811 hac
1024 4760 1088 4813 vita
1106 4760 1208 4812 virum
1227 4760 1400 4826 sapientem
1418 4762 1523 4814 teneat
1541 4762 1573 4814 et
1590 4760 1713 4815 inter....

481 4932 501 4999 ¹)
522 4934 566 4989 Cf.
586 4951 693 5002 supra,
717 4952 746 5003 p.
759 4938 793 4990 47
813 4952 857 5004 sq.

485 5020 506 5088 r)
525 5025 569 5077 Le
590 5026 652 5078 bon
670 5027 784 5078 larron.

483 5110 504 5175 3)
525 5114 568 5169 Ce
586 5116 670 5170 texte
689 5131 730 5170 ne
747 5131 782 5169 se
802 5118 967 5170 rencontre
986 5132 1043 5184 pas
1062 5118 1142 5170 dans
1161 5119 1208 5172 les
1226 5119 1337 5171 lettres
1356 5121 1399 5170 ad
1415 5120 1594 5171 Damasum.

481 5199 706 5283 ⁴¹)S.·H1u“Rotf.
738 5204 847 5258 Comm.
867 5222 933 5272 sup.
954 5209 1041 5271 epist.
1060 5209 1103 5258 ud
1120 5208 1234 5273 prea.
1262 5208 1437 5276 Prolog.1n
1458 5208 1711 5274 oper.vl1‚467.
