4300 6117
479 912 547 974 112
997 920 1156 976 LUCULA
1179 919 1318 974 NOCTIS

479 1147 543 1206 tua
567 1146 603 1205 te
626 1143 764 1204 salvum
788 1143 873 1206 fecit
893 1141 940 1215 ›¹,
964 1144 1023 1206 vel
1059 1144 1183 1213 simile,
1209 1162 1254 1205 ue
1288 1143 1335 1204 sit
1369 1143 1467 1205 circa
1501 1142 1600 1204 illam
1636 1141 1822 1220 deceptus.

478 1249 571 1312 Nam
594 1251 687 1312 sicut
710 1252 808 1312 virus
832 1250 870 1311 in
891 1251 993 1312 vitali
1023 1269 1117 1331 pane
1152 1253 1332 1329 sumptum
1367 1251 1404 1312 iu
1441 1249 1560 1311 cibum
1595 1266 1666 1310 uon
1697 1249 1821 1320 nutrit,

479 1357 547 1419 sed
570 1361 685 1430 necat,
710 1357 762 1418 sic
784 1356 887 1429 tides,
913 1375 983 1436 que
1007 1358 1061 1419 est
1091 1357 1183 1419 iuste
1208 1357 1325 1418 anime
1353 1357 1438 1427 vita,
1463 1357 1640 1428 videtur,⁸
1667 1359 1822 1434 utroque

479 1458 713 1525 Testameuto
737 1463 804 1525 hoc
828 1463 1029 1536 adamante,
1055 1464 1086 1525 si
1109 1461 1210 1525 falsis
1227 1462 1335 1525 luerit
1351 1464 1470 1533 mixta,
1494 1480 1566 1524 uon
1582 1463 1748 1534 salubris,
1766 1463 1822 1523 set

479 1570 660 1632 virulenta
683 1571 843 1632 noscitur
865 1589 955 1633 esse.
980 1569 1075 1655 Quid
1100 1571 1194 1632 euim
1217 1570 1316 1633 aliud
1339 1571 1394 1632 est
1417 1571 1518 1631 secta
1540 1570 1733 1649 gentilium,
1759 1570 1821 1630 aut

481 1657 616 1738 milium
638 1677 877 1740 hereticorum
899 1675 1085 1758 professio,
1102 1677 1171 1738 nisi
1195 1678 1351 1756 quedam
1366 1675 1459 1739 tides
1477 1695 1520 1737 ex
1534 1675 1631 1737 veris
1646 1673 1821 1755 falsisque

482 1783 657 1855 contexta,
697 1785 789 1846 sicut
823 1803 866 1846 ex
890 1783 1079 1864 Prologo
1113 1782 1329 1864 Magistri
1363 1780 1747 1852 Sentenciarum²,
1784 1786 1820 1844 et

482 1891 639 1970 quadam
662 1891 791 1952 omelia
813 1891 1072 1953 venerabilis
1101 1889 1215 1952 Bede
1238 1888 1299 1952 De
1321 1890 1530 1968 leprosis
1552 1879 1566 1970 Η
1591 1890 1782 1951 tractantis
1796 1888 1817 1959 ³,

481 1997 672 2060 deducitur
683 1998 788 2059 clare.
803 2030 841 2038 —
854 1997 908 2059 De
923 1997 991 2059 hac
1000 1998 1160 2076 loquitur
1175 1996 1317 2069 Paulus,
1331 1996 1468 2059 dicens:
1496 2015 1511 2049 ‹
1526 1994 1713 2075 Ypocrisis
1723 2014 1818 2057 men·

481 2104 552 2165 dax
569 2101 609 2165 2⁴.
636 2104 865 2190 Quecumque
889 2105 995 2184 igitur
1018 2106 1138 2184 potest
1154 2104 1272 2184 legere
1289 2101 1418 2173 tidelis,
1443 2120 1514 2182 que
1529 2104 1648 2182 ipsum
1664 2103 1819 2164 doceant

477 2211 633 2290 qualiter
655 2230 678 2273 a
701 2211 965 2291 supersticiosis
989 2211 1124 2273 debeat
1146 2228 1185 2273 se
1209 2210 1312 2282 tueri,
1342 2210 1504 2272 studiose
1535 2210 1644 2271 debet
1667 2208 1817 2270 videre:

478 2318 539 2389 sic,
577 2319 704 2380 doctus
733 2319 840 2379 milex
870 2321 979 2396 atque
1012 2318 1180 2398 princeps
1214 2317 1391 2378 bellorum
1425 2316 1605 2389 sollicitat,
1638 2316 1818 2379 subtiliter

478 2425 708 2505 explorando,
732 2423 887 2486 hostium
910 2442 1014 2485 nosse
1038 2426 1189 2495 secreta,
1214 2443 1284 2485 uon
1308 2425 1448 2485 tantum
1476 2426 1515 2484 ut
1544 2424 1596 2484 eis
1618 2425 1724 2502 paret
1745 2424 1816 2484 vic·

477 2531 585 2592 trices
610 2531 768 2600 insidias,
794 2533 859 2593 sed
883 2533 997 2593 eciam
1019 2534 1059 2592 ut
1080 2531 1281 2611 prudenter
1304 2531 1414 2591 evitet
1438 2547 1563 2592 eorum
1588 2529 1815 2609 muscipulas.

479 2636 678 2699 Prudencie
711 2639 904 2700 ascribitur
939 2636 1145 2710 Alexandri,
1171 2637 1241 2716 qui,
1268 2636 1393 2698 habitu
1417 2630 1617 2708 simulato,b
1639 2638 1676 2697 in
1698 2637 1815 2708 domo,

480 2762 587 2823 quam
611 2757 814 2825 expugnare
838 2746 991 2815 volebat,
1018 2764 1098 2807 cum
1121 2744 1223 2806 hoste
1239 2745 1394 2806 cenavit.
1616 2820 1618 2823 Ι

409 2853 460 2916 15.
566 2850 683 2913 Multa
706 2870 792 2913 saue
816 2851 992 2914 catholica
1015 2850 1108 2913 fides
1143 2851 1264 2923 tradit,
1289 2851 1428 2930 pariter
1456 2854 1493 2912 et
1527 2852 1704 2930 supponit,
1730 2868 1817 2929 quo·

478 2977 557 3019 rum
581 2959 710 3020 similia
729 2957 822 3020 liunt
845 2978 867 3020 a
897 2962 1035 3029 natura,
1060 2959 1119 3020 vel
1154 2959 1345 3019 demonum
1381 2976 1467 3018 cura
1500 2955 1631 3030 fallaci,
1656 2976 1727 3037 que
1755 2958 1816 3037 qui

477 3065 695 3146 ignoraverit
719 3067 881 3146 capietur
898 3067 943 3127 de
966 3065 1064 3127 facili
1080 3066 1127 3126 ab
1144 3063 1282 3126 infideli
1298 3064 1446 3145 phisico,
1459 3065 1518 3126 vel
1533 3066 1658 3143 quovis
1674 3063 1816 3125 homine

476 3191 601 3252 pravo,
624 3176 664 3234 ut
680 3173 746 3234 sub
758 3173 880 3252 specie
902 3173 1065 3234 miraculi
1078 3174 1214 3245 credat,
1239 3171 1401 3250 simplex,
1426 3189 1495 3250 que
1518 3170 1606 3233 fidei
1618 3171 1815 3234 orthodoxe

477 3284 686 3360 repugnant.
711 3278 784 3341 Nec
808 3279 923 3341 solum
943 3279 989 3341 de
1012 3279 1244 3359 possibilibus
1268 3278 1356 3340 talia
1377 3277 1469 3351 dico,
1494 3279 1559 3341 sed
1579 3269 1814 3362 prohlldolor!

476 3405 547 3448 uon
570 3405 654 3448 raro
677 3387 746 3448 ista
776 3387 997 3449 reducuntur
1029 3387 1077 3447 ad
1112 3389 1242 3448 actum.
1282 3385 1379 3447 Ecce
1414 3385 1499 3464 quia
1522 3383 1633 3465 Virgo
1663 3385 1812 3466 peperit.

477 3491 549 3564 Set,
571 3496 611 3554 ut
634 3493 727 3554 scias
751 3493 837 3572 quia
860 3494 906 3555 de
930 3491 1066 3574 Spiritu
1090 3490 1234 3564 Sancto,
1259 3492 1422 3573 proderit
1445 3493 1573 3572 legisse
1589 3493 1674 3571 quia
1694 3491 1814 3554 incubi

477 3601 624 3681 spiritus
648 3601 733 3661 mali
756 3601 910 3681 virgines
933 3601 1166 3681 impregnant,
1201 3600 1285 3661 licet
1308 3600 1369 3662 ille
1392 3618 1464 3660 non
1494 3601 1647 3680 pariant,
1672 3599 1812 3679 virgini·

476 3708 552 3768 tate
575 3710 728 3778 servata,
752 3708 911 3770 virorum
935 3708 1028 3769 enim
1052 3725 1173 3768 semen
1195 3725 1218 3767 a
1241 3707 1386 3769 renibus
1408 3705 1577 3769 auferunt
1593 3707 1814 3784 miscentque

476 3813 642 3875 muliebri
657 3815 694 3874 iu
710 3833 861 3894 corpore
885 3815 1029 3893 agitato,
1054 3815 1173 3892 quodc
1196 3814 1358 3875 adultum
1382 3811 1551 3875 inicium
1575 3814 1714 3892 absque
1737 3832 1813 3876 cor·

477 3921 618 4001 ruptela
639 3921 820 3983 deducere
844 3939 915 3982 non
937 3921 1058 3982 valent
1083 3921 1131 3982 ad
1154 3922 1281 3984 ortum.
1299 3919 1392 3983 Hinc
1408 3923 1471 3992 est,
1503 3921 1600 3999 quod
1617 3939 1689 3982 uon
1705 3921 1812 3983 audet

586 4322 619 4382 a)
639 4345 670 4354 —-
691 4317 823 4372 videtur.
860 4320 891 4383 b)
911 4335 945 4364 =
964 4318 1136 4372 simulante.
1173 4322 1202 4382 c)
1221 4345 1254 4354 —
1275 4319 1365 4386 quod.

586 4475 607 4543 ¹)
625 4478 655 4531 s.
673 4479 787 4542 Mire..
806 4479 842 4544 V,
859 4479 907 4543 su
925 4479 961 4543 x,
979 4479 1028 4542 52,
1048 4479 1077 4532 s
1097 4479 1214 4543 uim,
1233 4479 1282 4542 ur,
1301 4478 1351 4542 22,
1371 4479 1400 4532 s.
1414 4479 1490 4532 Luc.
1506 4463 1573 4542 vu,
1592 4479 1643 4542 so,
1666 4479 1745 4544 vm,
1762 4479 1811 4541 iu

475 4567 568 4631 xvn,
589 4567 761 4632 193xvn1,
780 4569 824 4621 42.

586 4655 606 4721 ²)
624 4657 718 4710 PETR.
736 4658 904 4710 Lorium.
923 4658 959 4711 In
971 4659 1091 4727 Prolog.
1111 4657 1245 4712 Sentenl.
1268 4677 1281 4702 «
1297 4693 1304 4708 .
1319 4696 1325 4710 .
1343 4699 1348 4711 .
1367 4657 1466 4712 talsae
1483 4658 1644 4711 doctrinae
1663 4658 1810 4712 institutis

474 4745 549 4799 iidei
573 4747 769 4800 sanctitatem
785 4761 986 4814 corrumpere
1003 4748 1176 4811 molientes,
1202 4747 1383 4814 auriumque
1400 4748 1590 4816 pruriginem
1610 4749 1668 4800 sub
1685 4748 1811 4801 novello

475 4835 523 4888 sui
540 4835 690 4888 desiderii
706 4836 851 4903 dogmate
868 4835 937 4888 aliis
948 4836 1134 4903 ingerentes,
1154 4836 1206 4904 qui
1218 4835 1410 4890 contentioni
1422 4837 1590 4900 studentes,
1610 4837 1718 4889 contra
1732 4836 1811 4890 veri·

475 4925 570 4978 tatem
589 4925 655 4977 sine
672 4924 800 4978 loedere
819 4925 971 4979 bellant».
1006 4925 1086 4978 Edit
1106 4926 1209 4989 Vives,
1229 4924 1308 4988 1⁸92,
1328 4941 1358 4993 p.
1376 4925 1402 4979 6.

584 5011 604 5078 ³)
623 5013 699 5066 VEN.
718 5013 815 5066 Bm:
846 5015 963 5066 «Nulla
977 5011 1066 5079 salsa
1085 5018 1132 5068 est
1155 5017 1303 5078 doctrina,
1327 5029 1407 5081 quae
1425 5031 1485 5068 non
1502 5016 1608 5080 ulique
1626 5030 1701 5068 veru
1719 5018 1809 5068 tuter·

475 5105 602 5156 misceat
619 5102 677 5168 (Ex
695 5103 774 5157 ΑΗΘ.
793 5104 847 5156 lib.
868 5103 904 5167 11,
923 5107 1043 5170 quaest.
1064 5104 1182 5172 Evang-
1203 5119 1269 5171 cap.
1287 5103 1343 5169 40).
1362 5104 1398 5156 Iu
1417 5103 1508 5170 Oper.

582 5189 605 5256 ⁴)
622 5191 652 5245 S.
670 5192 777 5257 Paua,
796 5193 809 5244 1
826 5194 870 5245 au
891 5191 975 5257 Tim,
995 5192 1044 5256 Ν,
1064 5193 1089 5256 1,
1107 5192 1134 5245 2.
