4300 6117
858 887 1045 940 munuum
1068 887 1251 942 nonnum
1654 878 1719 943 367

386 1114 450 1171 tro
467 1109 787 1173 Sentenciarum
803 1130 846 1173 ex
859 1111 1011 1173 diversis
1029 1112 1135 1173 dictis
1151 1115 1358 1174 sanctorum
1374 1113 1509 1173 tercio
1523 1113 1635 1173 libro
1652 1115 1721 1174 tes·

386 1216 514 1289 tante¹,
539 1236 610 1297 que
632 1219 704 1279 ullo
726 1221 898 1297 tempore,
923 1220 1002 1280 loco
1025 1221 1082 1279 vel
1108 1220 1309 1281 intencione
1330 1238 1353 1279 a
1368 1237 1548 1298 quoquam
1571 1223 1721 1299 possunt

385 1325 477 1386 bene
500 1325 589 1397 lieri,
616 1343 686 1403 que
709 1344 804 1405 pono
828 1345 894 1406 pro
918 1326 1070 1387 materia
1092 1328 1128 1387 in
1152 1344 1224 1404 qua
1240 1328 1322 1387 finis
1347 1329 1383 1388 et
1398 1327 1522 1399 forma,
1539 1345 1721 1405 nunquam

385 1433 545 1494 virtuosa
570 1436 795 1494 concurrunt.
844 1430 930 1515 Quis
954 1436 1074 1512 potest
1098 1452 1178 1495 cum
1202 1433 1310 1494 laude
1333 1434 1584 1514 blasphemare
1607 1433 1721 1495 Deum

385 1538 442 1599 vel
466 1542 620 1611 sanctos,
644 1538 755 1600 fidem
779 1552 919 1619 negare,
945 1542 981 1601 in
1004 1540 1158 1601 heresim
1173 1541 1236 1610 ire,
1263 1542 1555 1603 concuberecum
1572 1545 1721 1621 parente

385 1646 563 1707 scienter?
589 1644 693 1707 Certe
718 1647 749 1707 si
773 1650 988 1707 excusantur
1005 1666 1027 1707 a
1044 1648 1169 1727 paucis
1191 1646 1267 1709 filie
1290 1646 1381 1709 Loth
1390 1647 1411 1720 2,
1436 1667 1458 1708 a
1481 1649 1578 1709 nullo
1603 1651 1721 1709 tamen

387 1753 480 1814 sicut
502 1752 703 1814 laudabiles
728 1753 1032 1815 commendantur.
1058 1752 1095 1815 Si
1122 1755 1179 1815 cui
1194 1772 1281 1815 vero
1306 1756 1417 1834 magis
1440 1756 1600 1835 placeret
1624 1757 1722 1835 quod

387 1860 560 1920 virtutum
582 1860 736 1921 materia
758 1862 805 1921 sit
831 1859 975 1921 habitus
1006 1862 1145 1932 mentis,
1170 1862 1392 1923 coniectator
1422 1864 1542 1933 medii,
1567 1867 1722 1943 exponat

386 1968 433 2027 ad
473 1986 616 2028 sensum
658 1976 761 2027 suum
795 1966 1111 2048 Philosophum,
1145 1968 1194 2028 ΙΙο
1230 1968 1447 2040 Ethicorum.
1478 1988 1555 2050 cap.
1584 1970 1652 2043 1V3,
1686 1975 1722 2033 et

386 2074 463 2153 ipse
487 2093 509 2134 a
533 2074 782 2152 disputacione
806 2074 946 2136 secedo.

496 2179 662 2241 Activam
686 2199 833 2242 causam
858 2201 968 2260 supra
992 2182 1145 2243 diximus
1168 2182 1299 2257 Deum;
1336 2184 1410 2255 sed,
1446 2186 1485 2245 ut
1518 2183 1624 2246 homo
1660 2186 1720 2245 de·
1735 2195 1764 2256 5,

386 2286 588 2348 nominetur
620 2291 668 2351 ab
691 2290 780 2368 ipsa,
819 2290 969 2369 exigitur
1001 2292 1041 2350 ut
1066 2291 1215 2369 propria
1238 2291 1403 2351 voluntas
1441 2294 1641 2352 concurrat.
1681 2288 1720 2351 Si

387 2394 479 2455 enim
504 2394 600 2456 solus
617 2394 713 2457 Deus
738 2397 784 2457 sit
800 2398 837 2456 in
860 2399 979 2457 mente
1003 2398 1257 2475 cuiuscumque
1274 2398 1386 2459 creati
1402 2397 1543 2459 virtutis
1560 2397 1719 2469 effector,

384 2501 446 2562 ille
468 2520 540 2563 non
564 2504 769 2564 censebitur
791 2504 987 2575 virtuosus;
1013 2504 1043 2564 si
1067 2522 1153 2565 vero
1176 2504 1272 2565 solus
1296 2504 1401 2565 homo
1425 2505 1464 2565 id
1488 2523 1559 2583 quo
1579 2508 1720 2584 spectat

386 2608 432 2668 ad
456 2607 608 2669 formam
632 2612 743 2680 actus,
769 2630 840 2670 non
864 2610 912 2671 ad
936 2608 1087 2671 formam
1104 2612 1255 2682 virtutis,
1281 2629 1346 2672 nec
1368 2612 1483 2672 eciam
1500 2629 1569 2690 quo
1586 2611 1635 2673 ad
1646 2631 1718 2673 ma·

386 2716 514 2776 teriam
538 2716 726 2794 producat,
764 2717 928 2779 similiter
950 2736 1020 2778 non
1044 2717 1185 2779 locatur
1207 2720 1245 2780 in
1269 2737 1348 2779 esse
1371 2720 1541 2782 virtuoso.
1575 2718 1721 2780 Martha

386 2823 532 2900 quidem
555 2824 666 2884 vitam
690 2825 843 2903 eligebat
865 2826 1030 2897 activam,
1062 2826 1111 2885 ad
1134 2827 1236 2886 actus
1261 2826 1406 2904 quidem
1429 2828 1616 2887 materiam
1640 2845 1720 2888 cum

387 2948 432 2989 ea
447 2928 620 2991 Dominus
645 2933 899 2992 concurrebat:
924 2933 973 2992 ad
992 2930 1145 2992 formam
1160 2933 1262 2994 voliti
1285 2934 1363 2993 sola
1387 2934 1465 3011 ipsa
1488 2936 1717 3012 operabatur.

386 3034 514 3097 Petrus
539 3037 772 3099 desiderabat
795 3041 831 3099 et
845 3057 934 3100 voce
951 3040 1111 3119 rogabat,
1125 3042 1165 3100 ut
1178 3038 1327 3118 Xpistus
1342 3041 1540 3101 abstineret
1554 3060 1576 3102 a
1591 3043 1715 3110 morte,

386 3145 425 3203 ut
449 3144 485 3203 in
507 3147 628 3205 monte
652 3136 1001 3227 transfiflguracionis
1026 3148 1092 3207 sub
1116 3144 1238 3206 futuro
1261 3148 1493 3208 tabernaculo
1524 3146 1657 3209 staret¹
1680 3138 1712 3229 Ι“
1729 3154 1842 3215 B91¹⁰
1865 3153 1988 3215 L107r=

387 3247 466 3311 Hoc
490 3270 561 3311 non
585 3251 814 3323 desideravit,
851 3272 917 3314 nec
941 3253 1031 3314 dixit
1053 3254 1122 3313 nisi
1145 3253 1310 3314 adiutore
1334 3253 1420 3325 Deo,
1456 3255 1522 3315 sed
1546 3254 1715 3316 desiderii

386 3355 538 3417 formam
561 3358 679 3419 dicam
703 3378 749 3420 an
771 3360 1014 3439 privacionem
1039 3362 1074 3421 et
1098 3364 1208 3431 actus,
1234 3379 1298 3421 seu
1313 3362 1412 3421 vocis
1435 3362 1515 3440 ipse
1530 3361 1626 3424 Deus
1646 3380 1717 3422 non

387 3467 615 3543 operabatur,
651 3467 717 3527 sed
741 3468 837 3528 solus
860 3466 997 3537 Petrus,
1034 3468 1095 3545 qui
1119 3486 1190 3529 non
1224 3468 1320 3528 solus
1345 3468 1578 3530 desiderabat
1601 3487 1718 3548 neque

324 3644 326 3647 .
389 3571 606 3649 loquebatur
629 3575 734 3634 solus.
760 3572 853 3635 Hinc
878 3576 940 3645 est,
966 3574 1063 3652 quod
1088 3593 1153 3635 nec
1176 3573 1321 3635 Martha
1344 3594 1410 3636 nec
1434 3575 1562 3637 Petrus
1586 3595 1629 3637 ex
1652 3576 1719 3637 hiis

385 3678 525 3739 laudati
548 3678 701 3749 fuerunt,
737 3682 803 3741 sed
836 3681 960 3759 pocius
985 3682 1262 3760 reprehensione
1298 3680 1471 3759 patefacti
1504 3685 1587 3744 sunt
1610 3683 1716 3762 digni.

387 3784 594 3864 Propterea,
632 3788 730 3849 iuxta
755 3789 994 3866 capacitatem
1024 3788 1218 3867 propriam,
1255 3790 1385 3849 nonin
1409 3790 1559 3860 actibus,
1596 3790 1721 3851 sedin

387 3891 569 3954 habitibus
594 3913 615 3955 a
638 3894 821 3955 voluntate
846 3896 981 3973 genitis,
1006 3895 1120 3973 voluit
1144 3894 1345 3957 Ethicus
1368 3897 1547 3957 virtuosos
1564 3896 1720 3957 denomi-

388 4001 475 4067 nari,
492 4003 527 4059 et
551 4020 621 4060 non
645 4002 760 4061 solum
784 4002 869 4062 dum
893 4006 1048 4081 agerent,
1074 4003 1139 4062 sed
1156 4004 1270 4063 eciam
1286 4004 1371 4063 dum
1387 4003 1567 4064 dormiunt
1583 4004 1715 4064 virtuo-

392 4124 450 4167 sos
475 4107 602 4178 notari,
627 4108 720 4168 sicut
736 4111 837 4186 patet
859 4108 970 4169 libro
994 4111 1137 4188 primo,
1164 4127 1240 4188 cap.
1264 4107 1324 4170 111ὀ
1353 4113 1392 4170 et
1415 4110 1524 4170 libro
1547 4119 1610 4182 vn,
1636 4129 1712 4189 cap.

387 4212 544 4292 primo⁴⁵
569 4214 755 4276 voluminis
780 4214 1032 4276 Ethicorum.
1058 4248 1101 4255 —
1123 4215 1225 4277 Hanc
1250 4216 1522 4296 phylosophiam
1546 4217 1720 4277 moralem

386 4320 539 4399 appello,
577 4321 670 4382 hanc
692 4322 811 4393 laudo,
844 4324 892 4383 ad
916 4322 1007 4383 hanc
1033 4326 1215 4400 tamquam
1238 4324 1286 4383 ad
1310 4326 1460 4384 matrem
1482 4326 1519 4384 et
1541 4324 1716 4386 nutricem

494 4642 516 4709 ¹)
546 4646 571 4696 Il
603 4645 722 4696 semble
751 4646 851 4711 plutbt
877 4660 936 4712 que
962 4646 991 4698 la
1017 4646 1171 4698 ve‘ritable
1193 4646 1355 4699 reference
1379 4662 1420 4699 ne
1447 4647 1540 4700 doive
1565 4662 1623 4713 pas
1654 4649 1720 4700 tire

389 4732 541 4786 cherchee
559 4734 636 4786 dans
656 4735 685 4785 le
705 4730 818 4786 Maitre
837 4737 892 4787 des
911 4735 1081 4797 Sentences,
1099 4735 1149 4798 ΙΙΙ,
1167 4736 1245 4788 mais
1263 4737 1337 4789 bien
1354 4738 1403 4800 IV,
1421 4738 1498 4788 Dist.
1518 4736 1595 4799 XVI,
1617 4736 1650 4805 Q.
1670 4738 1720 4789 III.

494 4820 514 4888 ρ)
534 4822 578 4875 Cf.
600 4823 706 4876 Genes.
726 4822 803 4885 XIX,
822 4824 857 4877 30
876 4840 920 4890 sq.

494 4908 514 4977 3)
533 4914 637 4964 Arusr.
658 4912 685 4963 11
704 4914 803 4964 Ethic.
822 4913 923 4975 Didot,
943 4928 1008 4979 cap.
1027 4924 1048 4964 v
1068 4909 1123 4980 [ιν]
1143 4913 1168 4977 2,
1187 4914 1213 4966 6.

496 4998 518 5065 4)
537 5000 566 5053 s.
586 5001 687 5053 nnnc.
707 5002 756 5063 ur,
775 5001 800 5053 4.

494 5084 516 5155 ὑ)
535 5090 679 5142 ARlsToT.
698 5092 797 5143 Elhlc.
816 5092 837 5153 1,
856 5091 925 5142 lect.
944 5090 985 5153 V,
1004 5090 1107 5153 Didot,
1126 5106 1191 5157 cap.
1211 5100 1241 5152 V,
1260 5090 1285 5143 6.

494 5176 579 5243 ⁰)1D.
599 5181 698 5231 Ethic.
717 5180 788 5243 VII;
808 5179 910 5242 Didot,
932 5195 996 5245 cap.
1016 5190 1035 5241 1,
1054 5180 1079 5231 2.
