4300 6117
459 899 527 962 372
967 910 1126 965 LUCULA
1148 908 1288 965 NOCTIS

459 1133 540 1212 quis
563 1137 701 1196 castam
722 1134 972 1214 novellamque
994 1138 1091 1197 amet
1113 1152 1270 1207 uxorem,
1293 1135 1447 1198 maxime
1461 1133 1580 1198 adhuc
1595 1135 1657 1196 illa
1674 1135 1791 1215 prima

457 1241 634 1304 veniente.
649 1271 695 1282 —
716 1240 833 1304 «Bibe
857 1254 950 1322 ergo,
974 1241 1074 1303 iuxta
1090 1239 1270 1321 Sapientis
1287 1244 1323 1303 el
1337 1241 1441 1303 nimis
1466 1243 1605 1321 experti
1628 1246 1793 1305 sanctum

459 1347 654 1420 consilium,
679 1366 810 1428 aquam
833 1349 880 1411 de
903 1352 1070 1430 cysterna
1093 1351 1164 1422 tua,
1189 1366 1259 1427 que
1282 1349 1328 1410 de
1352 1349 1430 1411 celo
1452 1349 1650 1422 descendit,
1664 1352 1700 1411 et
1722 1349 1791 1412 ilu-

459 1456 542 1516 enta
557 1455 657 1535 putei
671 1455 724 1517 tui
738 1474 767 1528 ›‚
788 1473 859 1534 que
874 1458 956 1518 sunl
972 1455 1069 1536 glose
1087 1459 1293 1518 sanctorum
1311 1456 1515 1530 doctorum
1536 1486 1576 1498 —
1596 1457 1790 1518 ‹deriven-

458 1564 517 1623 tur
538 1563 656 1624 fontes
677 1563 730 1624 tui
751 1563 850 1624 foras
862 1584 891 1635 »,
916 1563 1000 1642 quia
1022 1562 1090 1625 hec
1103 1565 1175 1635 ost,
1201 1581 1271 1642 que
1286 1580 1415 1643 sparsa
1431 1561 1617 1644 colligitur,
1642 1567 1788 1644 erogata

458 1670 660 1742 revertitur,
679 1672 714 1730 et
728 1669 914 1749 publicata
933 1669 1083 1750 suscipit
1104 1670 1372 1742 incrementum,
1399 1699 1440 1710 -
1468 1673 1533 1732 «et
1557 1669 1595 1730 in
1617 1671 1790 1749 plateis»,

459 1793 531 1854 quo
554 1776 712 1838 universi
735 1779 959 1849 concurrunt,
996 1794 1140 1856 «aquas
1177 1778 1257 1838 tuas
1290 1777 1454 1848 divide»,
1491 1795 1581 1856 quas
1604 1780 1685 1839 arta
1709 1778 1791 1840 loca

459 1901 530 1944 non
565 1883 720 1962 capiunt.
744 1919 786 1928 —-
823 1881 995 1945 «Habeto
1026 1902 1088 1946 eas
1123 1885 1264 1956 solus»,
1301 1902 1346 1946 ne
1381 1883 1427 1946 sil
1458 1886 1577 1947 tecum
1610 1882 1786 1956 Socrates,

458 1989 562 2052 Plato
584 1990 643 2052 vel
662 1988 885 2063 Aristoteles,
909 1989 1097 2063 Homerus,
1113 1987 1283 2071 Virgilius
1300 1991 1359 2052 vel
1373 1989 1479 2062 Naso.
1494 1987 1642 2064 Tullius,
1658 1989 1787 2064 Varro,

459 2100 522 2160 aut
544 2096 706 2159 Anneus:
729 2097 781 2159 hii
803 2097 897 2160 enim
921 2101 1003 2160 sunl
1029 2097 1207 2170 «alieni»,
1233 2099 1295 2177 qui
1318 2117 1389 2160 non
1407 2099 1542 2160 debent
1566 2115 1645 2160 esse
1679 2117 1790 2178 ‹par-

458 2194 586 2285 tioipes
609 2205 701 2267 tui».
748 2203 1064 2267 Proverbium
1087 2201 1189 2266 Vm&

565 2608 587 2676 ¹)
606 2609 650 2664 cf.
668 2611 822 2675 Proverb„
840 2609 876 2673 V,
895 2611 938 2673 15,
956 2609 1000 2676 16,
1018 2611 1062 2674 17,
1080 2625 1158 2664 avec
1176 2611 1222 2664 les
1241 2612 1344 2680 gloses
1362 2613 1402 2666 de
1421 2612 1560 2666 l'auieur.
