4300 6117
889 969 1076 1023 IOHANNIS
1100 969 1280 1023 DOMINICI
1686 959 1749 1024 127

417 1193 660 1255 substanciam
684 1211 747 1255 sue
771 1193 988 1255 intellective
1011 1193 1186 1273 potencie,
1210 1193 1364 1256 vivendo
1396 1193 1576 1255 luxuriose
1597 1197 1633 1256 et
1656 1191 1749 1256 Gen·

417 1299 531 1361 tilium
545 1299 643 1361 dicta
659 1300 852 1379 sequendo,
878 1301 924 1362 sit
946 1300 1147 1379 inspirante
1160 1299 1312 1362 Domino
1336 1300 1384 1362 ad
1408 1301 1549 1379 patrem
1572 1319 1748 1373 reversus,

416 1406 519 1468 vituli
542 1407 693 1486 saginati
708 1407 745 1468 in
761 1425 826 1469 ara
843 1407 959 1469 crucis
976 1407 1117 1469 decocti
1129 1408 1346 1488 gustaturus,
1371 1410 1444 1469 tam
1460 1406 1599 1469 nobiles
1616 1411 1749 1486 quam·

416 1513 647 1575 suavissimas
669 1514 793 1595 dapes,
815 1515 944 1594 inqua
966 1532 1090 1576 mensa
1107 1515 1236 1594 regalis
1259 1516 1354 1576 totus
1371 1515 1501 1576 chorus
1521 1513 1716 1594 figurarum
1733 1505 1747 1597 ll
1837 1514 1958 1579 32710

415 1621 560 1692 exultat,
577 1621 692 1682 omnis
708 1620 908 1700 simphonia
923 1621 1133 1701 prophetice
1145 1621 1292 1683 visionis
1309 1623 1345 1683 et
1360 1621 1505 1683 moralis
1519 1621 1750 1683 allocucionis

416 1727 599 1789 iubilando
617 1728 796 1800 decantat,
814 1731 923 1807 prout
939 1726 1119 1807 prefatam
1136 1728 1347 1808 parabolam
1359 1727 1500 1790 Domini
1516 1726 1750 1790 leronimus

415 1835 543 1896 beatus
567 1835 712 1914 exponit
721 1832 742 1895 ¹.
768 1833 856 1896 Cum
878 1846 971 1915 ergo,
995 1835 1088 1897 sicut
1109 1833 1226 1915 figura
1249 1835 1389 1897 intonat
1411 1835 1601 1914 prelibata,
1626 1837 1752 1897 venter

414 1939 684 2020 Xpistianorum
707 1941 877 2003 memorie
901 1961 924 2003 a
948 1941 1099 2021 siliquiis
1123 1960 1316 2021 porcorum
1340 1940 1544 2013 Gentilium,
1581 1943 1633 2003 sic
1658 1943 1750 2004 enim

415 2047 550 2110 ibidem
571 2050 679 2110 vocat
713 2067 774 2110 eos
803 2047 975 2110 Dominus
998 2047 1140 2110 Yhesus
1164 2047 1323 2128 Xpistus,
1361 2050 1408 2111 sit
1441 2049 1604 2111 sublatus
1644 2052 1679 2111 et
1702 2049 1751 2110 ad

414 2172 575 2216 mensam
596 2155 752 2216 filiorum
774 2158 934 2228 vocatus,
969 2155 1007 2216 in
1029 2174 1101 2235 qua
1125 2156 1314 2218 exhibetur
1334 2157 1439 2235 panis
1465 2154 1589 2228 Verbi,
1621 2157 1682 2235 qui
1704 2156 1751 2218 de

415 2260 492 2323 celo
516 2262 704 2324 descendit
727 2262 763 2323 et
786 2262 849 2323 dat
872 2263 984 2323 vitam
1007 2263 1151 2325 mundo.
1184 2261 1244 2324 Ad
1266 2263 1458 2342 pristinum
1483 2281 1583 2325 esum
1617 2262 1751 2326 reverti

415 2387 486 2430 non
509 2372 563 2430 est
585 2368 693 2439 aliud,
731 2387 840 2448 quam
863 2369 1153 2432 circumrotando
1176 2370 1280 2449 gradi
1303 2373 1400 2432 retro
1424 2371 1616 2450 respicere,
1643 2368 1749 2449 Egip·

414 2477 490 2536 tum
513 2478 677 2555 repetere
712 2478 748 2537 et
771 2477 807 2536 in
829 2477 1001 2537 vomitum
1024 2478 1077 2538 ire
1103 2478 1278 2548 caninum,
1315 2478 1447 2538 vicium
1474 2476 1747 2549 dedestandum,

414 2586 454 2643 ut
475 2600 658 2661 nunquam
681 2583 729 2644 ad
752 2585 915 2662 optatum
938 2587 975 2645 et
995 2585 1226 2663 propinatum
1248 2583 1412 2646 debitum
1435 2583 1544 2645 tinem
1559 2583 1749 2663 pervenire

415 2691 604 2770 contingat.
644 2689 692 2751 At
717 2709 787 2752 non
810 2691 862 2752 sic
885 2691 922 2751 in
946 2690 1080 2770 populo
1103 2688 1222 2770 Xpisti
1256 2693 1476 2753 renovantur
1510 2691 1659 2769 antiqua
1683 2689 1748 2771 fig-

414 2799 542 2868 menta,
579 2796 757 2868 videlicet,
794 2796 891 2858 unda
914 2792 1058 2858 Tantali
1092 2799 1208 2878 fugax,
1245 2794 1336 2859 Ticii
1373 2798 1591 2860 insaciabilis
1616 2798 1745 2869 vultur,

414 2921 556 2982 semper
582 2904 620 2964 in
652 2907 750 2966 motu
773 2907 853 2966 rota
876 2903 1034 2975 Yxionis,
1061 2905 1237 2985 abyssalis
1260 2904 1424 2966 Belidum
1448 2908 1537 2977 rota,
1567 2904 1746 2966 immobile

415 3009 612 3090 Sisisphide
628 3010 776 3082 saxum2,
799 3012 998 3090 apostolica
1019 3013 1175 3090 probata
1198 3013 1397 3074 sentencia:
1425 3009 1604 3091 «Semper
1626 3012 1747 3074 addis·

413 3120 534 3179 centes
559 3120 595 3179 et
618 3137 800 3197 nunquam
823 3119 872 3180 ad
895 3119 1089 3180 scienciam
1111 3120 1275 3181 veritatis
1299 3120 1549 3198 pervenientes
1563 3141 1577 3174 »
1591 3117 1612 3181 ³.

525 3259 689 3323 Secundo
722 3263 899 3340 probatur
935 3261 1048 3323 idem:
1083 3260 1339 3341 Xpistianus
1372 3262 1499 3324 debet
1531 3262 1611 3324 soli
1644 3263 1746 3324 cari·
1761 3259 1791 3322 2.

413 3367 492 3429 tati
527 3367 745 3430 studiosus
779 3368 1019 3440 intendere,
1056 3380 1174 3448 ergo
1207 3371 1402 3431 tantum
1433 3369 1747 3430 beatitudinem

414 3491 606 3552 querere.

522 3577 615 3643 Tota
637 3582 704 3645 hec
728 3582 827 3644 racio
858 3583 896 3644 in
919 3584 1060 3645 duabus
1083 3583 1246 3644 maximis
1270 3584 1308 3643 in
1331 3584 1410 3663 lege
1431 3582 1550 3662 Xpisti
1575 3585 1745 3658 consistit,

413 3705 564 3766 quarum
579 3689 696 3767 prima
712 3692 782 3750 est:
805 3687 1074 3770 Xpistianorum
1091 3690 1166 3751 vita
1184 3692 1238 3751 est
1256 3690 1387 3752 caritas
1397 3709 1404 3763 ;
1415 3722 1459 3732 -
1472 3690 1640 3762 secunda,
1656 3692 1746 3753 cari·

412 3798 468 3856 tas
483 3795 560 3856 sola
575 3796 624 3857 ad
639 3796 899 3858 beatitudinem
915 3796 1024 3858 ducit.
1040 3795 1162 3857 Prima
1176 3815 1331 3876 namque
1347 3798 1401 3859 est
1417 3800 1537 3878 regule
1548 3796 1745 3860 Salvatoris

413 3902 601 3974 conclusio,
627 3903 797 3965 dicentis:
825 3902 1066 3964 ‹Mandatum
1091 3922 1222 3965 novum
1246 3903 1293 3965 do
1316 3905 1428 3976 vobis,
1453 3907 1493 3965 ut
1516 3905 1670 3984 diligatis
1695 3906 1745 3965 in-

412 4009 526 4070 vicem
540 4031 554 4065 »
566 4007 587 4082 ⁴,
613 4010 675 4089 qui
689 4008 897 4089 frequenter
921 4011 1053 4090 repetit
1078 4011 1174 4071 idem
1190 4011 1408 4072 mandatum.
1434 4010 1643 4090 Proposicio
1657 4030 1745 4074 vero

411 4116 570 4177 secunda
604 4119 657 4178 est
680 4134 746 4196 per
771 4117 936 4178 eumdem
963 4115 1155 4178 Dominum
1186 4118 1390 4180 abreviacio
1417 4117 1520 4198 Legis
1549 4119 1743 4180 dicentem:

415 4220 486 4283 ‹In
508 4222 576 4284 biis
612 4223 752 4285 duobus
787 4224 977 4296 mandatis,
1015 4225 1183 4286 universa
1206 4225 1264 4286 lex
1287 4224 1421 4304 pendet
1446 4228 1481 4286 et
1503 4225 1679 4304 prophete
1694 4245 1709 4280 2
1722 4223 1743 4298 ⁵,

412 4415 623 4427 ——-.--.-

516 4548 549 4611 n)
567 4563 602 4593 =
621 4549 693 4599 tam.

518 4668 538 4734 ¹)
557 4671 585 4725 S.
605 4671 694 4724 HOER.
729 4673 829 4739 Epist.
848 4673 927 4726 XXI
942 4675 985 4725 ad
1001 4674 1171 4725 Damasum
1190 4675 1228 4726 de
1253 4674 1373 4726 duobus
1386 4672 1476 4738 fillis.
1512 4675 1549 4727 ln
1569 4674 1662 4742 Oper.
1682 4677 1703 4728 t.
1721 4676 1744 4738 1,

412 4759 469 4812 col.
487 4759 548 4813 379.

516 4845 537 4915 ²)
556 4849 600 4902 Ci.
620 4851 702 4903 JEAN
721 4859 763 4903 DE
782 4850 967 4914 SALISBURY,
987 4851 1217 4916 Polycratlcus:
1240 4852 1316 4904 «His
1335 4868 1458 4920 quoqne
1476 4852 1585 4905 militia
1602 4853 1680 4920 jugis
1699 4852 1744 4906 in·

411 4937 529 5002 dicitur,
544 4940 665 5006 quibus,
680 4941 715 4992 ut
733 4940 774 4992 ad
791 4939 914 4994 tabulas
932 4940 1105 5003 redeamus,
1124 4956 1182 4994 nec
1201 4941 1285 4994 unda
1298 4939 1428 5004 Tantali,
1445 4939 1528 5010 Tytii
1545 4942 1657 5005 vultur,
1675 4944 1744 4996 rota

410 5025 534 5090 Ixionis,
551 5028 694 5082 Belidum
711 5044 799 5092 urna,
818 5045 927 5082 saxum
945 5028 1070 5097 Sisyphi
1089 5030 1270 5082 deest...»
1309 5031 1374 5083 Lib.
1391 5031 1441 5095 111,
1460 5046 1527 5098 cap.
1547 5040 1610 5083 vm.

517 5113 537 5182 ¹)
558 5118 587 5171 S.
605 5118 712 5182 Pnun,
731 5118 758 5170 11
777 5120 819 5170 αα
841 5116 1046 5181 Tunoth.,111,
1065 5119 1091 5170 7.

515 5202 537 5270 ⁴)
556 5206 586 5259 S.
607 5206 727 5270 Ioula,
745 5207 825 5270 xlll,
846 5207 889 5260 34.

516 5291 537 5360 ⁵)
556 5295 902 5360 S.Msrru.xx11,4o.
