4300 6117
457 853 521 915 120
960 863 1119 917 LUCULA
1140 861 1282 916 NOCTIS

454 1085 637 1164 sapiencia
660 1104 683 1146 a
705 1084 857 1148 Domino
880 1084 957 1147 Deo
980 1088 1043 1157 est,
1081 1103 1189 1164 quam
1212 1085 1281 1148 sibi
1312 1099 1385 1148 non
1416 1089 1592 1165 usurpant
1615 1085 1684 1146 viri
1708 1103 1792 1165 per·

455 1193 549 1264 fecti,
574 1192 639 1253 sed
661 1211 700 1254 se
722 1193 821 1253 illam
842 1192 977 1255 habere
999 1210 1022 1253 a
1037 1191 1115 1254 Deo
1138 1193 1319 1254 humiliter
1341 1192 1569 1272 profitentur.

409 1297 439 1361 6.
562 1296 732 1360 Similiter
755 1299 887 1370 dicunt,
912 1311 1039 1380 magno
1060 1298 1212 1362 Alberto
1238 1299 1277 1360 id
1301 1301 1484 1372 recitante,
1517 1299 1623 1379 quod,
1649 1317 1729 1361 cum
1753 1300 1789 1360 in
1870 1379 1874 1384 .

454 1406 638 1486 flamigero
654 1425 716 1468 ore
726 1404 855 1468 Leonis
868 1407 1003 1486 singule
1015 1407 1160 1486 planete
1173 1410 1396 1477 concurrent,
1414 1407 1630 1469 excitabitur
1643 1406 1789 1467 natura·

454 1513 536 1574 liter
559 1513 731 1574 maximus
766 1513 865 1592 ignis,
899 1531 1094 1593 perquem
1118 1514 1242 1575 ultimo
1275 1513 1466 1575 mundiaIIs
1491 1513 1655 1575 machina
1678 1513 1788 1574 debet

453 1620 595 1681 resolvi.
623 1617 692 1691 Sic,
717 1621 777 1692 sic,
799 1620 893 1682 ‹celi
910 1623 1080 1682 enarrant
1096 1620 1244 1700 gloriam
1259 1619 1327 1682 Dei
1344 1624 1379 1682 et
1394 1639 1509 1700 opera
1525 1638 1695 1681 manuum
1712 1620 1788 1681 eius

454 1727 672 1788 adnunciant
685 1725 974 1788 firmamentum»
990 1724 1010 1788 ¹.
1035 1761 1056 1768 -
1076 1726 1308 1806 Aliquociens
1325 1728 1440 1790 eciam
1458 1727 1513 1790 sol
1526 1728 1562 1788 in
1578 1727 1656 1788 celo
1672 1725 1787 1788 credi-

453 1835 513 1894 tur
523 1835 695 1913 generari,
713 1836 749 1895 et
761 1845 825 1914 ego
839 1835 876 1895 id
892 1834 976 1906 vidi,
995 1836 1250 1914 putassemque
1266 1834 1477 1896 miraculum
1493 1834 1700 1913 stuporibus
1714 1832 1788 1913 ple·

452 1951 545 2012 num,
585 1959 656 2002 non
679 1941 836 2002 futurum
858 1941 1019 2022 ymbrem
1043 1941 1261 2021 preloquens
1286 1941 1375 2013 orbi,
1413 1941 1479 2003 sed
1506 1941 1683 2001 novitates
1706 1939 1788 2000 hor·

452 2048 593 2119 rendas,
634 2048 701 2109 nisi
726 2047 896 2110 docerent
930 2048 1223 2128 philosophorum
1258 2048 1478 2127 splendores,
1518 2046 1617 2126 quod
1645 2048 1785 2117 nebula,

453 2154 617 2216 similima
641 2155 717 2226 soli,
742 2155 841 2216 iuxta
863 2154 963 2216 illum
987 2157 1106 2235 potest
1138 2134 1365 2216 naturalibus
1390 2155 1506 2217 causis
1530 2154 1691 2233 produci,
1717 2171 1787 2232 que

452 2262 599 2323 nubium
621 2259 758 2342 prefert
781 2261 1029 2342 principaliter
1049 2263 1253 2341 vigorosum
1278 2259 1456 2323 effectum.

177 2361 290 2424 825*ο
318 2363 439 2426 [.39νο
559 2367 718 2431 InfideIIs
743 2357 759 2450 ΙΙ
787 2370 901 2430 eciam
923 2368 1067 2430 videtur
1092 2368 1307 2440 censendus,
1334 2369 1495 2447 quisquis
1520 2368 1651 2429 dixerit
1671 2384 1787 2428 asser·

407 2470 437 2534 7.
453 2476 524 2537 tive
549 2475 787 2538 ominibus2
811 2475 931 2537 divine
954 2476 1149 2538 voluntatis
1173 2475 1376 2555 presagium
1405 2494 1476 2537 uon
1500 2475 1683 2537 contineri.
1707 2472 1787 2536 Hoc

452 2601 523 2643 non
546 2585 736 2663 oppugnat,
776 2583 839 2661 qui
870 2583 1112 2644 reminiscitur
1146 2582 1241 2643 illius
1277 2582 1345 2642 viri
1372 2582 1488 2644 sancti
1511 2581 1689 2652 Damasci,
1729 2582 1787 2642 cui

452 2692 556 2769 pater
570 2688 762 2762 Abraham,
780 2691 979 2751 iuramento
995 2689 1115 2769 ligato,
1141 2689 1187 2751 de
1204 2707 1315 2750 uxore
1338 2689 1519 2769 unigenito
1537 2688 1702 2750 ducenda
1725 2688 1787 2749 de-

452 2796 506 2858 dit
528 2795 746 2858 mandatum.
785 2794 819 2858 Is
844 2797 946 2867 enim,
970 2796 1062 2857 sicut
1086 2813 1191 2858 sacra
1216 2796 1353 2877 ystoria
1375 2799 1509 2866 narrat,
1545 2814 1650 2856 omen
1670 2796 1787 2875 primo

451 2903 624 2982 concepit,
665 2905 702 2965 et
734 2903 818 2965 inde
855 2903 1095 2983 respondente
1126 2901 1224 2964 facto
1247 2903 1417 2982 pensatis,
1457 2903 1598 2964 nomine
1622 2902 1787 2982 cognovit

451 3008 677 3071 Rebeccham
715 3028 794 3072 esse
832 3009 1028 3072 secundum
1065 3009 1336 3089 providenciam
1374 3008 1442 3070 Dei
1482 3007 1604 3071 Ysaac
1643 3009 1787 3089 dignam

452 3117 581 3178 marito
593 3113 615 3179 ³.
655 3115 769 3179 Huius
793 3118 846 3178 rei
871 3133 1039 3178 concesse
1063 3120 1099 3178 et
1122 3118 1266 3197 impune
1302 3119 1446 3178 servate
1470 3135 1576 3178 sacra
1600 3115 1787 3194 Scriptura

452 3224 599 3286 alterius
623 3225 738 3286 lucem
761 3243 831 3286 non
854 3223 989 3304 pandit,
1015 3242 1081 3285 nec
1105 3225 1200 3285 vires
1227 3241 1297 3302 que
1321 3225 1442 3284 tamen
1457 3223 1690 3284 diffusissime
1705 3240 1787 3302 pro·

452 3332 542 3394 dunt
565 3331 707 3393 codices
731 3331 922 3411 publicani,
947 3331 994 3391 ab
1018 3331 1193 3411 imperitis
1216 3331 1367 3391 nimium
1389 3330 1548 3392 lacerati.

559 3436 628 3524 Qui
651 3434 857 3499 Titulivium
891 3438 983 3517 legit,
1023 3435 1209 3498 Valerium
1243 3439 1279 3499 et
1313 3435 1482 3509 Solinum,
1521 3437 1621 3498 novit
1651 3438 1786 3516 quanta

452 3546 651 3606 futurorum
675 3546 807 3607 noticia
838 3545 875 3606 in
910 3545 960 3605 eis
994 3546 1085 3606 bene
1113 3545 1211 3606 scitis
1235 3545 1419 3617 consistat,
1453 3547 1489 3605 et
1512 3547 1648 3623 quanta
1674 3544 1786 3605 immi·

451 3653 572 3714 nentIa
605 3653 700 3713 mala
723 3651 946 3714 venerabiles
982 3651 1093 3713 seculi
1116 3653 1239 3731 patres
1263 3651 1400 3730 antiqui
1426 3650 1705 3723 declinaverunt,
1737 3649 1785 3712 ad

451 3759 612 3821 feliciora
634 3760 776 3829 sublati,
812 3758 986 3820 successis
1011 3758 1170 3820 infelices
1203 3758 1387 3829 habentes,
1431 3759 1493 3837 qui
1516 3758 1680 3819 omnibus
1704 3776 1785 3818 con·

452 3867 605 3946 temptis,
631 3869 843 3928 censuerunt
865 3865 1025 3927 homines
1062 3883 1169 3945 posse
1192 3865 1361 3926 resistere
1384 3861 1500 3926 fatisi.
1542 3862 1646 3926 Solus
1675 3863 1786 3925 Iullus

452 3971 562 4036 Cesar
585 3973 703 4035 omina
725 3973 950 4050 delubraque
967 3972 1224 4051 contempsisse
1239 3971 1390 4044 videtur,
1415 3971 1604 4033 habiturus
1628 3971 1785 4033 flebilem

452 4078 591 4143 finem⁵.
1695 4127 1699 4136 .

405 4175 436 4240 8·
560 4185 654 4273 Quid
677 4187 837 4248 dicemus
860 4186 906 4247 de
930 4185 1149 4247 somniis?
1186 4184 1244 4247 Ab
1267 4185 1334 4247 hiis
1362 4203 1516 4264 namque
1539 4203 1645 4247 sacra
1668 4183 1786 4264 Scrip-

452 4296 534 4357 tura
557 4295 633 4373 lege
656 4295 856 4355 futurorum
879 4293 989 4354 fidem
1012 4293 1181 4372 prohibet
1205 4292 1439 4373 colligendam
1450 4289 1469 4364 ⁷,
1495 4311 1539 4354 ex
1562 4293 1691 4371 quibus
1715 4311 1787 4354 non

453 4527 666 4535 ,κῇ-...-

559 4705 579 4772 ¹)
598 4708 713 4762 Psalm.
732 4707 838 4770 XVIII,
857 4708 883 4760 2.

557 4793 578 4863 ⁷)
596 4797 645 4851 On
663 4798 799 4864 appelait
817 4797 895 4850 ainsi
912 4797 959 4850 les
978 4805 1110 4865 augures
1128 4796 1203 4848 tfre's
1222 4796 1300 4849 d’un
1317 4798 1390 4860 mot,
1408 4796 1499 4850 d'une
1516 4797 1634 4864 parole.

558 4883 579 4951 n)
599 4886 706 4940 Gener.
725 4886 831 4949 XXN,
848 4886 875 4948 4,
894 4886 941 4939 27.

557 4973 579 5042 ⁴)
598 4974 643 5029 Cf.
661 4975 739 5027 VAL.
751 4974 837 5027 Max.
850 4975 872 5038 1,
885 4985 927 5027 Ν.
948 4976 996 5028 De
1013 4975 1186 5043 Auspteits,·
1209 4984 1240 5038 v,
1252 4976 1300 5028 De
1320 4973 1478 5028 Ominibus
1484 4989 1496 5037 ,·
1517 4983 1551 5026 vl
1566 4975 1613 5028 De
1625 4976 1788 5044 Prodigiis.

558 5063 579 5129 ⁵)
598 5063 643 5117 cf.
661 5065 738 5116 van.
758 5063 842 5116 Max.
861 5064 883 5128 1,
902 5073 944 5129 v1,
963 5063 1007 5116 13.

558 5149 580 5218 ⁰)
598 5153 693 5206 Ecolt.
713 5153 846 5216 XXXIV,
867 5154 891 5217 1,
910 5155 943 5215 73
962 5153 1073 5206 Jerem.
1092 5151 1242 5215 XXIX,·8.
