4300 6117
482 954 525 1017 58
984 962 1143 1016 LUCULA
1165 960 1304 1015 NOCTIS

481 1205 553 1247 non
576 1186 733 1248 saciatur
757 1184 882 1247 oculus
905 1187 994 1257 visu,
1024 1184 1076 1247 ita
1099 1202 1216 1264 neque
1244 1184 1445 1246 intellectus
1468 1185 1681 1247 veritatibus
1706 1185 1820 1257 scitis,

480 1293 529 1354 ad
552 1292 709 1372 reliquas
732 1310 775 1354 eo
798 1293 912 1372 magis
936 1292 1073 1364 avidus,
1100 1310 1170 1371 quo
1194 1309 1260 1371 per
1274 1291 1510 1371 precedentes
1534 1294 1590 1353 est
1611 1292 1724 1372 magis
1749 1292 1819 1353 dis·

480 1400 628 1480 positus.
653 1398 789 1460 Probat
811 1398 879 1460 hoc
903 1402 1050 1460 sanctus
1073 1397 1218 1470 Doctor‚
1244 1396 1401 1459 Contra
1425 1396 1628 1471 Gentiles,
1653 1400 1787 1461 diffuse
1798 1397 1819 1452 1·

481 1505 671 1567 Periicitur
706 1523 860 1585 namque
891 1505 1116 1567 intellectiva
1149 1505 1316 1584 potencia
1346 1505 1522 1567 exercicio
1557 1506 1819 1584 speculacionis

481 1614 631 1683 subtilis.
670 1614 778 1691 prout
815 1614 947 1691 probat
986 1611 1235 1692 Philosophus,
1273 1610 1316 1672 3ο
1349 1609 1408 1673 De
1439 1610 1585 1673 Anima
1599 1612 1619 1673 2.
1666 1610 1821 1693 Oportet

479 1721 587 1801 igitur
609 1719 757 1791 adhoc,
782 1718 880 1798 quod
902 1720 1090 1798 perfectus
1114 1719 1161 1781 sit
1189 1718 1390 1780 intellectus
1413 1717 1598 1790 humanus,
1636 1721 1734 1798 quod
1762 1722 1820 1783 vel

481 1826 604 1889 videat
625 1826 663 1887 in
686 1827 784 1887 tonte
807 1843 928 1888 omnes
951 1826 1127 1887 veritates
1151 1825 1263 1897 simul,
1289 1825 1387 1904 quod
1404 1827 1541 1886 tantum
1558 1829 1613 1887 est
1633 1828 1818 1905 spiritibus

481 1935 598 1997 beatis
633 1951 850 2005 concessum,
887 1931 946 1993 vel
981 1932 1082 2011 quod
1114 1950 1182 2011 per
1211 1950 1333 1993 omnes
1357 1932 1491 1993 rivulos
1527 1933 1603 1994 eius
1638 1933 1819 1998 discurrat

482 2043 520 2104 in
542 2042 611 2103 via.
1613 2028 1616 2033 '

437 2144 467 2208 7.
595 2146 653 2209 Sic
670 2159 753 2228 ergo
770 2165 910 2208 omnem
925 2147 1186 2227 philosophiam
1202 2149 1391 2209 veritatem
1403 2148 1611 2211 habentem:
1635 2150 1816 2223 moralem,

482 2255 656 2335 phisicam
689 2258 725 2317 et
761 2254 929 2325 divinam,
968 2254 1148 2334 poeticam
1182 2258 1218 2316 et
1252 2255 1492 2336 hystorialem
1529 2275 1601 2318 non
1629 2258 1745 2319 minus
1783 2261 1818 2320 et

483 2363 710 2433 racionalem‚
747 2361 856 2423 debet
890 2361 1006 2423 omnis
1043 2360 1252 2440 Xpistiauus
1287 2362 1442 2434 studere,
1469 2381 1574 2442 quem
1599 2382 1663 2443 pre
1688 2366 1816 2427 ceteris

483 2471 626 2549 oportet
648 2466 897 2547 perfectiorem
921 2468 1140 2529 intellectum
1163 2468 1307 2531 habere.
1348 2468 1426 2555 Que
1449 2473 1504 2532 est
1528 2471 1598 2532 ista
1620 2471 1815 2543 demencia‚

482 2595 553 2657 qne
587 2576 782 2655 persuadet
815 2575 929 2636 solum
963 2574 1136 2653 populum
1159 2574 1385 2654 Xpistianum
1413 2578 1528 2639 brutis
1553 2577 1703 2639 similem
1726 2580 1815 2651 fieri,

482 2685 513 2745 si
534 2682 725 2761 Xpistiana
747 2681 804 2743 lex
826 2684 927 2743 vetat
949 2682 1106 2743 studium
1131 2683 1344 2744 secularium
1373 2684 1583 2756 litterarum,
1626 2685 1815 2764 inquibus

482 2792 566 2852 sunt
587 2790 772 2850 innumere
793 2789 973 2859 veritates,
999 2806 1088 2867 quas
1107 2778 1120 2871 Η
1141 2789 1260 2851 littere
1282 2788 1551 2869 Xpistianorum
1576 2810 1646 2853 non
1669 2793 1816 2854 tradunt

483 2897 548 2959 sed
571 2899 776 2975 supponunt
788 2900 812 2967 ⁸,
837 2898 873 2957 et
895 2895 978 2958 libri
1002 2884 1017 2977 Η
1042 2895 1334 2975 philosophorum
1359 2898 1579 2977 permittunt,
1604 2901 1641 2960 et
1663 2900 1817 2961 suadent

483 3020 622 3066 omnem
660 3003 860 3065 doctrinam
898 3002 1130 3064 solertissime
1164 3004 1317 3065 intueri?
1363 3002 1488 3066 Nonne
1515 3005 1577 3066 illa
1600 3005 1744 3068 videtur
1773 3008 1815 3069 ti-

483 3109 589 3182 mida,
627 3110 729 3189 quasi
775 3109 822 3170 sit
853 3108 1007 3181 inermis,
1043 3112 1081 3171 et
1114 3108 1339 3189 philosophia
1374 3112 1476 3173 tortis
1517 3114 1665 3192 tutaque
1708 3114 1815 3176 nichil

480 3216 638 3297 pavere?
682 3214 807 3278 Nonne
842 3217 998 3296 reginam
1025 3217 1062 3276 in
1090 3228 1198 3296 regno
1234 3217 1351 3278 anime
1378 3218 1561 3279 volitivam
1590 3219 1815 3300 philosophia

481 3324 601 3387 reddit
637 3322 856 3402 perfectam?
902 3322 958 3385 An
989 3324 1050 3385 ille
1081 3324 1262 3403 putandus
1291 3328 1346 3386 est
1376 3327 1468 3387 bene
1491 3326 1622 3399 vivere,
1651 3328 1722 3406 qui,
1760 3346 1814 3389 ra-

481 3432 583 3495 cione
618 3433 765 3502 semota,
802 3449 889 3492 casu
924 3431 1069 3493 ducitur
1101 3431 1159 3492 vel
1195 3432 1360 3495 fortuna?
1406 3432 1521 3495 Absit.
1569 3431 1642 3495 Sed
1676 3437 1814 3496 tantum

479 3538 547 3599 hiis
583 3555 807 3617 quocumque
841 3539 1030 3617 perveniat
1064 3538 1209 3600 ducitur
1242 3540 1399 3601 racione.
1446 3540 1507 3602 Ait
1532 3541 1708 3620 ¹equidem
1736 3541 1813 3603 Ari·

481 3645 628 3717 stotiles,
670 3642 913 3707 Ethicorum
937 3646 1030 3708 libro
1054 3646 1124 3707 2⁰:
1152 3646 1225 3708 ‹In
1248 3646 1325 3718 hiis,
1351 3665 1420 3726 que
1444 3648 1641 3709 secundum
1663 3649 1813 3711 virtutes

480 3753 579 3824 fiunt.
617 3752 811 3831 requiritur
846 3752 1000 3831 qualiter
1033 3752 1170 3815 habens
1201 3756 1380 3833 operatur.
1429 3753 1586 3816 Primum
1615 3756 1761 3834 quidem
1784 3758 1813 3818 si

481 3860 617 3932 sciens;
643 3859 726 3921 inde
749 3860 779 3921 si
802 3859 936 3931 volens,
961 3864 1111 3939 propter
1133 3860 1199 3922 hec
1215 3864 1351 3935 autem;
1376 3860 1426 3933 3⁰.
1451 3862 1481 3923 si
1499 3863 1607 3923 tinem
1623 3864 1737 3924 eciam
1752 3864 1812 3924 im·

481 3967 701 4028 mutabiliter
723 3970 901 4046 operetur.
948 3965 1025 4028 Hec
1049 3970 1169 4029 autem
1193 3969 1241 4030 ad
1265 3969 1487 4047 operandum
1510 3970 1599 4031 alias
1623 3973 1719 4033 artes
1743 3991 1813 4034 non

482 4076 783 4136 connumerantur
797 4076 920 4153 preter
934 4074 1036 4136 scire.
1061 4074 1140 4137 Hoc
1157 4078 1275 4137 autem
1299 4079 1438 4155 prestat
1460 4076 1695 4155 philosophia.
1718 4078 1813 4159 Ergo

482 4181 548 4243 hec
571 4180 722 4262 legenda
746 4184 809 4253 est,
835 4199 905 4260 que
923 4179 1011 4243 lacit
1026 4183 1208 4244 volitivam
1223 4181 1429 4262 perfectam,
1456 4184 1532 4245 sine
1548 4186 1648 4246 cuius
1664 4204 1812 4249 assensu

483 4289 599 4350 nullus
624 4290 725 4349 actus
749 4288 923 4349 humanus
946 4289 1105 4351 veridice
1129 4293 1249 4369 potest
1271 4290 1342 4351 dici
1366 4290 1558 4369 perlectus.

436 4385 467 4454 8.
595 4391 723 4457 Totam
746 4394 837 4456 hanc
866 4396 1046 4457 racionem
1080 4395 1217 4477 format¹
1234 4396 1388 4471 Anneus
1424 4398 1611 4477 epistola
1633 4398 1810 4474 XXXVI,

483 4502 553 4575 ubi,
578 4502 672 4564 inter
695 4504 824 4575 cetera,
850 4502 953 4564 dicit:
990 4501 1124 4566 «Hanc
1146 4506 1241 4565 viam
1266 4505 1331 4566 tibi
1354 4506 1456 4567 dabit
1489 4505 1728 4586 philosophia;
1765 4509 1813 4570 ad

482 4609 574 4670 hanc
608 4612 644 4670 te
667 4611 797 4682 confer,
833 4610 864 4671 si
886 4612 941 4671 vis
964 4610 1085 4672 salvus
1109 4629 1196 4683 esse,
1233 4612 1264 4673 si
1287 4630 1443 4684 securus,
1469 4614 1499 4675 si
1521 4615 1659 4676 beatus.
1676 4636 1691 4670 ›
1708 4648 1751 4657 —
1766 4614 1813 4677 Et

588 4992 620 5053 a)
639 5004 674 5034 =
692 4989 936 5056 presupponunt.

589 5138 610 5206 ¹)
630 5140 660 5193 S.
680 5138 786 5193 Tuom.
809 5140 838 5192 C.
860 5140 945 5193 Gent.
964 5140 1000 5205 11,
1018 5156 1084 5208 cap.
1103 5142 1196 5196 73-78.

590 5226 730 5294 ²)AR18'1‘.
749 5230 790 5282 111
808 5231 855 5283 De
873 5230 993 5294 Anium,
1011 5232 1080 5284 lect.
1098 5232 1155 5296 1X;
1173 5231 1274 5297 nidor,
1293 5248 1358 5301 cap.
1377 5242 1419 5286 tv.
