4300 6117
433 911 477 976 86
940 924 1099 978 Lucuna
1121 924 1261 978 uocrrs

433 1148 508 1206 tum
524 1149 559 1207 et
574 1146 750 1225 spiritum,
767 1147 1002 1226 propheciam
1017 1149 1053 1209 et
1068 1148 1254 1218 somnium,
1274 1147 1547 1211 melenconiam⁸
1562 1153 1598 1211 et
1614 1151 1772 1211 demoni·

434 1271 522 1325 cum,
548 1253 825 1333 temptacionem
863 1256 899 1315 et
921 1255 1122 1315 naturalem
1145 1255 1346 1335 impulsum.
1384 1255 1543 1318 Maxime
1577 1257 1625 1318 ad
1652 1257 1773 1336 predi·

434 1362 555 1421 cantes
578 1360 734 1439 pertinet
756 1363 792 1421 et
816 1360 992 1432 doctores,
1019 1379 1125 1423 sacre
1140 1360 1325 1441 Scripture
1340 1362 1538 1442 glosatores
1555 1366 1592 1425 et
1609 1364 1773 1426 enuclea·

433 1468 539 1539 tores,
563 1466 698 1528 vidisse
721 1486 843 1529 omnes
867 1468 1050 1530 doctrinas
1083 1471 1119 1529 et
1137 1468 1272 1539 libros,
1305 1471 1397 1531 sicut
1426 1469 1492 1530 De
1522 1469 1773 1532 Doctrina

432 1571 710 1653 Xpistiana
733 1574 837 1636 divus
860 1573 1082 1654 Augustinus
1108 1576 1373 1637 rationabiliter
1394 1580 1618 1657 protestatur
1628 1576 1649 1638 ¹.
1683 1575 1770 1661 Quis

434 1681 526 1742 enim
542 1684 696 1761 exponet
709 1681 808 1761 signa
825 1682 919 1754 solis,
936 1682 1019 1743 lune
1037 1681 1304 1761 stellarumque,
1322 1683 1409 1755 dies,
1427 1702 1577 1756 menses,
1595 1687 1631 1746 et
1647 1703 1772 1756 annos,

434 1788 585 1850 circulos
610 1789 790 1850 revolutos
814 1789 911 1850 orbis
935 1789 1139 1868 solarisque
1162 1790 1199 1850 in
1216 1787 1348 1852 Genesi
1371 1794 1405 1852 et
1421 1789 1665 1853 Ecclesiasten
1688 1809 1771 1853 con·

433 1897 578 1976 scripta,
610 1896 678 1957 nisi
708 1895 857 1976 legendo
888 1896 1087 1976 astrologos
1119 1898 1268 1969 noverit,
1305 1898 1395 1976 quid
1418 1898 1465 1960 sit
1495 1900 1665 1960 zodiacus
1690 1918 1772 1960 cum

433 2003 506 2064 suis
541 2003 731 2064 duodecim
765 2003 882 2083 siguis,
922 2003 1009 2083 quid
1043 2004 1193 2083 epicicli,
1232 2005 1320 2083 quid
1351 2006 1521 2067 ecentrici
1533 2005 1553 2078 ²,
1595 2010 1631 2068 et
1671 2005 1772 2066 milia

431 2111 567 2172 milium
588 2111 665 2171 sine
689 2128 840 2188 quorum
862 2109 982 2171 lucida
1005 2111 1150 2173 racione
1176 2130 1248 2172 non
1269 2112 1403 2191 poterit
1422 2113 1621 2192 intelligere
1637 2115 1763 2175 testus.

365 2207 419 2274 11·
540 2216 646 2279 Certe
668 2217 829 2298 quisquis
844 2216 1089 2279 Ecclesiastici
1111 2219 1242 2280 librum
1258 2217 1371 2280 voletb
1388 2237 1576 2299 exponere,
1601 2220 1772 2282 tradicio·

433 2325 538 2387 nibus
554 2324 875 2396 achademicorum,
892 2327 1106 2406 stoycorum,
1123 2327 1454 2404 peripateticorum,
1473 2327 1680 2399 ionicorum,
1697 2327 1770 2406 epi·

435 2449 610 2503 curorum,
624 2431 964 2503 mathematicorum,
982 2433 1197 2512 cynicorum,
1212 2433 1437 2512 aliorumque
1452 2434 1644 2495 multorum
1657 2434 1771 2512 philo·

434 2538 636 2619 sophorum,
676 2537 792 2599 nudus
816 2539 873 2599 vel
897 2538 1029 2610 aridus,
1070 2540 1163 2601 sicut
1186 2540 1285 2619 talpa
1320 2541 1443 2602 oculos
1478 2541 1679 2602 reservabit
1706 2542 1768 2602 ob·

434 2648 581 2708 strusos.
619 2644 699 2706 Non
723 2645 816 2706 enim
838 2645 965 2707 horum
988 2646 1178 2725 opiniones
1200 2647 1294 2707 liber
1315 2647 1376 2708 ille
1398 2648 1570 2719 declarat,
1594 2651 1649 2709 set
1672 2648 1771 2708 velut

435 2753 521 2815 alibi
555 2753 664 2814 scitas
699 2753 909 2832 supponitc.
944 2751 992 2813 Et
1027 2752 1125 2830 quod
1158 2754 1287 2814 attinet
1310 2754 1358 2814 ad
1381 2755 1619 2815 universalem
1642 2754 1769 2815 intelli·

433 2861 593 2940 genciam
610 2857 794 2939 Scripture
810 2859 939 2931 divine,
970 2861 1037 2921 sub
1055 2878 1176 2920 rerum
1191 2860 1407 2921 naturalium
1423 2859 1600 2941 tigmentis
1615 2862 1770 2922 maxima

435 2985 576 3048 queque
598 2985 685 3028 vera
709 2967 868 3046 tegentis,
907 2967 975 3027 nisi
999 2966 1096 3028 adsit
1119 2967 1278 3028 omnium
1301 2966 1378 3028 tere
1410 2987 1530 3030 rerum
1565 2970 1769 3030 creatarum

433 3073 590 3136 facunda
612 3074 754 3145 noticia,
779 3092 886 3152 quam
909 3074 1084 3153 precipue
1109 3075 1256 3136 tradunt
1279 3074 1491 3147 Aristotiles,
1516 3075 1661 3147 Plinius,
1686 3074 1768 3135 Avi·

432 3199 555 3253 cenna,
583 3179 761 3254 Galienus,
787 3179 938 3261 Serapio
969 3183 1005 3242 et
1020 3193 1167 3260 magnus
1183 3180 1362 3254 Albertus,
1388 3182 1424 3243 in
1447 3201 1578 3243 vanum
1602 3183 1769 3244 laborant

431 3289 493 3368 qui
517 3306 596 3349 eam
619 3305 782 3349 reserare
805 3289 982 3350 nituntur.
1020 3282 1139 3349 Testis
1163 3291 1218 3349 est
1248 3289 1422 3368 gloriosus
1446 3289 1664 3368 Augustinus
1688 3308 1769 3368 pre·

431 3396 554 3458 sertim
577 3395 730 3456 inlibris
745 3395 878 3457 ultimis
901 3393 967 3456 De
991 3393 1242 3456 Doctrina
1265 3393 1569 3475 Xpistiana³.
1595 3395 1767 3475 Denique,

431 3504 462 3565 si
486 3503 565 3581 quis
588 3503 787 3581 prudenter
802 3503 1057 3581 excogitaverit
1081 3502 1169 3580 quid
1185 3503 1232 3563 sit
1246 3503 1424 3564 misticum
1448 3521 1577 3582 corpus
1593 3501 1766 3574 Ecclesie,

431 3629 475 3671 ex
497 3609 700 3688 quibusque
722 3609 890 3670 membris
914 3609 1123 3688 disparibus
1148 3613 1395 3688 componatur,
1420 3609 1519 3689 apud
1548 3609 1768 3671 Oracium

432 3736 503 3779 non
518 3709 723 3777 urirabitur‘¹
738 3716 784 3778 de
799 3714 996 3778 artificioso
1013 3717 1156 3796 pictore
1174 3715 1397 3779 deliberante
1414 3735 1598 3797 apponere
1612 3717 1767 3778 humano

432 3823 543 3904 capiti
572 3825 748 3885 cervicem
775 3823 950 3902 equinam,
983 3826 1023 3884 ut
1053 3823 1199 3884 tandem
1230 3826 1436 3903 portentum
1462 3824 1604 3886 desinat
1631 3825 1669 3886 in
1697 3825 1768 3904 pis·

434 4075 646 4084 ———--

540 4277 572 4335 α)
582 4292 617 4322 :
626 4275 848 4328 melancoliam.
874 4276 906 4339 b)
916 4291 950 4321 :
961 4275 1065 4327 vellet.
1092 4278 1121 4338 c)
1135 4290 1168 4320 =
1182 4275 1394 4342 presupponit.
1417 4277 1450 4339 d)
1460 4291 1494 4321 =
1503 4291 1566 4328 non
1576 4275 1767 4328 mirabiliter.

431 4471 561 4538 lepreux
586 4471 692 4524 devait
716 4472 783 4523 etre
808 4471 932 4523 conduit
957 4471 1076 4524 devant
1101 4471 1148 4523 les
1173 4471 1305 4537 pretres,
1331 4471 1384 4536 qut
1409 4470 1554 4524 devaient
1572 4469 1700 4522 decider
1719 4469 1764 4522 s'il

432 4559 532 4613 tallait
549 4560 707 4628 l'eloigner
726 4575 766 4613 ou
784 4575 857 4612 non.

540 4647 561 4716 ¹)
580 4649 610 4702 S.
628 4651 708 4703 AUG.
736 4651 782 4701 De
800 4650 948 4701 Doctrina
967 4649 1070 4700 christ.
1090 4647 1126 4712 11,
1144 4659 1232 4710 xxix,
1249 4649 1290 4701 ad
1308 4663 1391 4701 sens.
1421 4648 1457 4700 In
1479 4647 1569 4714 Oper.
1592 4647 1642 4711 111,
1662 4647 1705 4711 56,
1724 4648 1765 4700 57.

540 4735 561 4803 ²)
580 4738 666 4791 Dans
693 4738 866 4792 l'ancienne
891 4737 1079 4790 astronomie
1103 4734 1256 4804 l'e'picycze
1282 4751 1317 4789 se
1342 4736 1432 4789 disait
1457 4737 1531 4789 d'un
1553 4737 1654 4789 orbite
1672 4736 1767 4788 circu·

431 4827 509 4881 latre
527 4829 602 4880 dont
621 4829 651 4879 le
669 4829 777 4880 centre
795 4827 869 4880 etait
888 4827 1021 4894 suppose
1041 4842 1074 4879 se
1094 4827 1235 4879 mouvoir
1249 4841 1302 4879 sur
1317 4827 1347 4878 la
1362 4825 1592 4879 circonierence
1609 4825 1682 4878 d'un
1695 4826 1766 4892 plus

433 4918 530 4985 grand
554 4917 655 4970 cercle
682 4917 793 4984 appele
821 4916 851 4969 le
870 4912 1017 4979 de'se'rent.
1047 4944 1073 4952 —
1104 4912 1332 4968 L'excentricite'
1349 4915 1500 4983 designait
1520 4916 1551 4967 la
1569 4914 1708 4968 distance
1726 4914 1767 4968 de

432 5007 463 5061 la
480 5008 565 5059 terre
583 5022 623 5060 au
641 5008 748 5059 centre
765 5005 857 5059 d’une
875 5006 1008 5071 planete.
1029 5004 1074 5058 Ct.
1094 5005 1124 5058 S.
1138 5003 1283 5068 THOMAS,
1300 5005 1329 5056 1²
1343 5003 1378 5077 Q.
1391 5004 1510 5067 xxxn,
1524 5004 1549 5067 1,
1561 5004 1609 5056 ad.
1625 5004 1681 5067 2m;
1701 5005 1767 5057 Me·

434 5097 516 5163 toph.
532 5095 585 5147 lib.
603 5095 667 5159 XII,
686 5096 756 5149 lect.
777 5096 819 5147 10.

542 5181 562 5248 ³)
581 5184 610 5237 S.
629 5185 709 5238 ΑΗΘ.
727 5185 774 5237 De
791 5186 896 5236 Docir.
916 5184 1019 5236 christ.
1037 5183 1065 5235 II
1085 5184 1116 5238 et
1135 5184 1255 5236 snrtont
1273 5182 1326 5236 111.
