4300 6117
437 917 501 979 100
950 925 1109 980 LUCULA
1131 923 1271 978 NOCTIS

434 1150 542 1211 batur
564 1167 604 1212 se
626 1149 706 1229 plus
730 1149 792 1211 de·
809 1148 938 1211 ceteris
962 1148 1160 1227 reipublice
1182 1148 1389 1211 exuviarum
1412 1147 1567 1210 hostium
1589 1147 1765 1220 attulisse,

435 1275 506 1336 quo
530 1257 619 1318 duos
643 1255 873 1335 philosophos
907 1256 1110 1327 adduxerat
1144 1256 1189 1317 de
1214 1255 1365 1317 inimicis
1389 1255 1580 1335 prostratis
1592 1252 1613 1316 ¹.
1653 1253 1766 1317 Inter·

435 1366 579 1443 rogatus
601 1362 757 1442 Appollo
790 1362 877 1441 quid
900 1365 995 1425 esset
1018 1363 1054 1423 in
1076 1363 1144 1424 hac
1167 1363 1244 1425 vita
1266 1361 1482 1441 perlectum:
1520 1361 1766 1440 prudenciam,

435 1470 623 1549 respondit
646 1470 824 1548 extimplo.

386 1559 390 1572 '
546 1576 616 1662 Qui
638 1579 722 1638 sunt
744 1576 803 1638 isti
825 1576 939 1640 livore
962 1576 1099 1649 tumidi,
1124 1576 1398 1656 presumpcione
1420 1576 1527 1654 pleni,
1558 1575 1767 1656 ignorancia

436 1684 520 1757 ceci,
562 1685 633 1763 qui,
659 1684 757 1745 velut
779 1685 909 1746 noctue
931 1683 1016 1745 solis
1045 1684 1168 1746 radios
1193 1702 1264 1745 non
1287 1683 1449 1746 valentes
1472 1683 1609 1755 videre,
1643 1683 1680 1743 in
1702 1699 1768 1744 suo

343 1811 344 1814 ¹
435 1793 524 1864 ortu,
549 1791 741 1853 stridorem
765 1791 938 1862 emittunt,
963 1808 1104 1853 vermes
1126 1790 1292 1854 volatiles
1315 1791 1505 1861 imitantes,
1531 1790 1594 1869 qui
1615 1789 1767 1851 volitant

437 1899 533 1960 circa
556 1898 676 1959 lumen
698 1898 841 1960 lucerne
866 1899 914 1970 ut,
951 1899 1092 1978 gratam
1114 1897 1211 1959 sanis
1236 1897 1357 1969 oculis,
1383 1897 1527 1958 deleant
1550 1897 1620 1958 sibi
1651 1897 1770 1957 lucem

435 2003 626 2066 intestam?
651 2002 713 2066 Set
728 2005 852 2077 sciant,
879 2004 1030 2066 docente
1055 2001 1264 2077 Seneca,
1289 2004 1387 2083 quod
1411 2021 1614 2082 «nunquam
1638 2003 1674 2064 in
1689 2005 1768 2064 tan·

436 2113 512 2173 tum
538 2101 772 2173 convalescitb
794 2110 969 2190 nequicia,
1002 2129 1184 2190 nunquam
1207 2111 1260 2172 sic
1283 2113 1409 2173 contra
1430 2111 1582 2172 virtutes
1607 2111 1770 2173 coniura-

435 2218 542 2290 bitur,
558 2220 685 2280 utnon
702 2217 926 2297 philosophie
941 2235 1069 2279 nomen
1088 2217 1294 2279 venerabile
1311 2221 1347 2278 et
1361 2235 1504 2280 sacrum
1519 2221 1663 2279 maneat
1673 2239 1688 2271 ›
1700 2215 1768 2278 ².-

434 2325 567 2386 Aiebat
582 2342 736 2404 namque
752 2323 897 2395 Alanus,
921 2324 987 2386 De
1011 2323 1310 2403 complanta
1333 2326 1529 2396 nature,
1555 2342 1626 2385 non
1643 2325 1769 2385 contra

436 2431 656 2512 sapienciam
679 2431 936 2511 impugnantes,
972 2433 1028 2493 set
1052 2433 1177 2494 contra
1202 2449 1281 2492 earn
1303 2431 1520 2511 negligentes
1547 2430 1768 2492 invehendo:

439 2537 546 2600 «Cum
570 2539 753 2618 sapiencia
776 2538 907 2600 nostris
931 2539 1152 2619 temporibus
1176 2539 1306 2599 nullius
1329 2536 1466 2600 tructus
1490 2537 1687 2617 premietur
1707 2537 1770 2598 sti·

436 2646 586 2725 pendiis,
626 2645 756 2706 nullius
790 2643 885 2707 fame
920 2663 999 2706 eam
1035 2663 1126 2706 aura
1148 2645 1359 2707 favorabilis
1384 2645 1540 2717 extollat,
1579 2644 1660 2723 ipsa
1681 2661 1772 2705 vero

436 2753 589 2833 pecunia
622 2752 766 2815 honoris
797 2752 919 2814 titulos
955 2754 990 2814 et
1013 2752 1132 2814 laudis
1167 2756 1263 2814 emat
1286 2752 1482 2831 preconia?
1530 2749 1614 2812 Sola
1648 2753 1771 2813 tamen

437 2860 620 2940 sapiencia
644 2878 752 2939 super
775 2877 915 2921 omnem
946 2860 1210 2938 possessionem
1233 2860 1439 2938 preeminet.
1480 2857 1666 2920 Generosa
1688 2877 1768 2937 pos-

235 2961 349 3025 L35r0
437 2967 560 3039 sessio,
586 2969 621 3028 et
647 2963 844 3028 cetera»³.
864 3012 897 3028 ..
922 2956 940 3048 ΙΙ

393 3068 423 3130 9.
544 3072 678 3135 Contra
700 3073 764 3136 hos
789 3073 969 3152 sapiencie
992 3073 1220 3134 adversarios
1245 3072 1385 3151 promit,
1419 3072 1533 3134 omnis
1556 3073 1770 3133 instrumen-

439 3183 513 3243 tum
537 3180 671 3260 sophie,
695 3178 782 3242 ticta
805 3181 990 3259 parabola,
1017 3177 1194 3252 Salomon,
1220 3180 1359 3242 dicens:
1387 3177 1511 3241 <Hanc
1534 3197 1677 3259 quoque
1693 3178 1769 3239 vidi

439 3290 506 3351 sub
530 3288 605 3350 sole
629 3287 847 3366 sapienciam
872 3290 908 3349 et
930 3287 1085 3366 probavi
1107 3287 1315 3348 maximam:
1340 3287 1467 3348 civitas
1481 3304 1597 3367 parva
1612 3288 1649 3348 et
1663 3285 1768 3366 pauci

435 3397 474 3457 in
497 3413 541 3457 ea
562 3395 641 3456 viri.
675 3393 785 3455 Venit
806 3397 931 3456 contra
954 3412 1033 3456 eam
1057 3411 1121 3454 rex
1143 3405 1290 3473 magnus
1315 3396 1351 3455 et
1365 3393 1515 3455 vallavit
1538 3411 1627 3465 eam,
1652 3395 1769 3454 extru-

436 3504 558 3582 xitque
581 3501 794 3588 munitiones
818 3519 883 3580 per
899 3501 1012 3581 girum
1036 3502 1072 3562 et
1095 3498 1257 3579 perfecta
1281 3503 1336 3562 est
1359 3501 1509 3573 obsidio,
1534 3499 1770 3578 inventusque

437 3611 474 3671 in
498 3627 542 3670 ea
565 3627 705 3687 pauper
728 3611 764 3670 et
787 3609 939 3687 sapiens,
979 3607 1149 3669 liberavit
1171 3608 1297 3669 urbem
1321 3625 1387 3687 per
1410 3607 1628 3687 sapienciam
1656 3625 1765 3678 suam,

439 3719 475 3778 et
498 3715 616 3777 nullus
639 3715 810 3794 deinceps
834 3714 1045 3777 recordatus
1062 3716 1117 3775 est
1140 3714 1291 3776 hominis
1307 3714 1401 3775 illius
1418 3714 1597 3794 pauperis,
1622 3716 1659 3775 et
1674 3713 1768 3774 dice·

438 3825 522 3886 bam
547 3834 610 3902 ego
633 3821 816 3883 meliorem
851 3839 929 3883 esse
964 3821 1184 3900 sapientiam
1215 3819 1435 3883 tortitudine.
1474 3820 1661 3906 Quomodo
1686 3831 1768 3899 ergo

439 3928 623 4009 sapiencia
646 3929 815 4008 pauperis
840 3930 1044 4007 contempta
1068 3930 1133 3999 est,
1159 3930 1194 3989 et
1210 3929 1322 3990 verba
1339 3927 1414 3989 eius
1431 3945 1502 3990 non
1517 3929 1600 3989 sunt
1619 3924 1766 3989 audita?

438 4036 563 4098 Verba
586 4035 808 4115 sapiencium
830 4036 1025 4097 audiuntur
1047 4035 1086 4095 in
1108 4034 1265 4108 silencio,
1289 4035 1494 4114 plusquam
1517 4035 1652 4097 clamor
1675 4034 1769 4114 prin·

440 4144 531 4223 cipis
553 4143 648 4204 inter
670 4143 808 4204 stultos.
853 4141 983 4204 Melior
1012 4145 1066 4204 est
1099 4143 1293 4221 sapiencia,
1330 4160 1437 4221 quam
1471 4160 1572 4203 arma
1600 4141 1769 4204 bellica».

440 4248 518 4312 Hec
541 4247 713 4312 Salomon
724 4246 746 4310 ⁴.

441 4473 653 4484 ——-—

546 4657 579 4719 u)
595 4681 629 4691 -
643 4655 692 4709 de.
731 4658 759 4718 e)
774 4672 809 4702 =
821 4655 999 4709 invalescet.

547 4829 569 4898 ¹)
587 4833 681 4896 pum,
698 4833 778 4886 urst.
797 4833 868 4886 Nat.
886 4832 950 4898 vn,
968 4841 1055 4884 som.

548 4919 569 4987 ²)
588 4920 708 4987 smne..
727 4923 826 4989 Epist.
845 4923 888 4974 ad
904 4922 1009 4975 Lucili.
1027 4921 1104 4984 XIV,
1125 4922 1166 4974 11.

547 5007 568 5078 ¹)
587 5009 724 5074 MANUS,
741 5014 779 5064 de
797 5011 926 5064 Planctu
945 5013 1084 5073 naturae,
1101 5013 1149 5063 De
1166 5011 1316 5063 Avaritia.
1341 5010 1423 5063 Patr.
1442 5008 1506 5062 Lat.
1526 5007 1610 5073 cett,
1628 5007 1692 5061 464
1727 5006 1773 5062 Οἱ.

441 5114 471 5166 p.
488 5100 532 5165 45,
550 5101 625 5152 note
643 5099 668 5151 2.

548 5185 571 5253 ⁴)
589 5187 697 5253 Eoule..
715 5187 765 5251 1x,
784 5189 873 5243 1348.
