4300 6117
485 942 550 1004 202
1000 951 1161 1006 LUCULA
1182 948 1322 1005 NOCTIS

482 1175 582 1246 Dist.‚
595 1174 625 1237 L
636 1194 656 1237 e
665 1176 753 1255 gim
763 1194 787 1236 u
797 1180 851 1237 s⁸:
867 1193 882 1226 ‹
898 1173 1021 1237 Omnis
1037 1176 1136 1237 racio
1152 1194 1306 1255 superne
1320 1176 1474 1237 sciencie
1490 1176 1548 1237 vel
1561 1177 1706 1259 terrene
1716 1194 1818 1238 crea·

481 1284 570 1353 ture,
594 1283 631 1343 in
648 1302 689 1344 eo
706 1285 770 1355 est,
795 1282 856 1361 qui
872 1284 927 1344 est
943 1284 1052 1361 caput
1075 1300 1199 1346 earum
1221 1285 1257 1344 et
1273 1285 1415 1345 auctor:
1440 1285 1489 1355 ut,
1515 1282 1576 1361 qui
1591 1282 1684 1343 hunc
1706 1284 1818 1353 novit.

480 1388 587 1451 nichil
611 1390 707 1450 ultra
730 1392 867 1468 querat,
892 1390 976 1468 quia
990 1388 1088 1477 Deus
1112 1388 1168 1449 hic
1193 1391 1248 1450 est
1269 1391 1431 1468 perfecta
1446 1390 1571 1461 virtue,
1596 1392 1633 1452 et
1648 1391 1816 1471 perfecta

480 1497 679 1575 sapiencia:
716 1496 888 1575 quicquid
923 1496 1016 1558 enim
1040 1496 1126 1557 alibi
1151 1498 1321 1575 queritur,
1358 1496 1416 1558 hic
1439 1495 1600 1576 perfecte
1622 1497 1817 1559 invenitur.

481 1602 521 1663 In
536 1603 684 1665 Daniele
700 1607 735 1665 et
751 1601 941 1665 Salomone
957 1604 1116 1666 ostendit
1137 1602 1344 1666 infidelibus
1367 1622 1407 1665 se
1422 1622 1502 1666 esse
1517 1606 1680 1666 autorem
1700 1604 1818 1666 tocius

480 1711 671 1791 sapiencie.
717 1709 822 1795 Quod
845 1710 1009 1773 infideles
1033 1729 1106 1772 non
1129 1714 1266 1790 putant,
1292 1711 1377 1789 quia
1399 1729 1470 1772 non
1492 1712 1614 1792 legunt
1637 1713 1674 1771 in
1698 1710 1818 1773 Evan-

479 1818 579 1898 geliis
604 1820 640 1879 et
662 1818 867 1898 propheciis
891 1819 1121 1898 astrologiam
1146 1820 1182 1880 et
1205 1819 1277 1879 alia
1299 1817 1511 1891 huiusmodi,
1546 1835 1618 1897 que
1641 1818 1817 1898 despecta

480 1928 571 1997 sunt,
608 1926 692 2004 quia
716 1925 824 1987 nichil
846 1925 968 1987 valent
991 1925 1039 1987 ad
1063 1926 1224 1997 salutem,
1262 1924 1327 1987 sed
1359 1926 1503 1987 mittunt
1534 1924 1572 1986 in
1595 1943 1755 1987 errorem
1779 1928 1818 1986 et

479 2033 566 2094 dum
588 2032 655 2094 hiis
679 2032 835 2104 student,
871 2051 994 2094 curam
1018 2032 1134 2093 anime
1159 2050 1229 2093 non
1252 2031 1412 2094 habent»
1429 2029 1450 2093 ¹.
1489 2029 1567 2093 Hec
1589 2031 1815 2104 Ambrosius.

480 2140 595 2219 primo
619 2140 851 2219 philosophus
874 2138 1040 2211 infidelis,
1065 2139 1196 2201 deinde
1220 2157 1327 2201 verus
1351 2137 1569 2218 Xpistianus.

585 2565 618 2626 α)
637 2579 671 2609 =
690 2563 836 2616 nouvelle
854 2562 988 2615 ecrfture
1006 2561 1225 2615 demi-cursivo
1242 2560 1411 2614 fortement
1428 2560 1544 2613 teintee
1558 2563 1590 2613 et
1607 2560 1672 2613 tres
1690 2574 1810 2613 menne.

586 2739 607 2805 ¹)
625 2740 656 2793 S.
674 2741 816 2793 Amos,
834 2742 870 2794 ln
888 2741 987 2808 Epist.
1006 2743 1049 2793 ad
1068 2739 1181 2793 coloss.
1201 2756 1267 2807 cap.
1288 2740 1313 2793 2.
1331 2739 1367 2792 In
1384 2739 1474 2807 Oper.
1493 2738 1622 2803 1v,451.
1640 2738 1812 2805 Inoomplet.

479 2830 556 2883 Mais
574 2830 650 2884 c'est
669 2846 710 2884 an
727 2832 839 2884 Deerat
863 2845 924 2898 qne
941 2829 1094 2883 Dominici
1121 2830 1285 2896 emprnnte
1309 2830 1514 2882 directement
1538 2844 1573 2881 sa
1591 2828 1726 2881 citation.
1762 2826 1808 2880 el.

479 2919 552 2986 eap.
571 2922 713 2989 Leglmue
731 2922 769 2972 de
787 2921 877 2973 beato
894 2921 977 2972 Hier,
996 2919 1060 2971 VII.
1082 2920 1160 2971 Dist.
1180 2918 1328 2971 XXXVII.
