4300 6117
836 1033 1024 1087 IOHANNIS
1046 1032 1226 1085 DOMINICI

807 1818 1020 1923 [CAPUT
1052 1820 1268 1926 XXXH

476 2174 658 2262 [0]portei
680 2186 847 2262 preterea
869 2184 1038 2245 solertem
1062 2202 1141 2245 esse
1172 2183 1357 2255 scolarem,
1392 2183 1544 2261 usuique
1577 2201 1660 2244 assu
1684 2174 1698 2265 ll
1717 2188 1745 2250 1.
1791 2187 1821 2247 B
1837 2187 1914 2250 60'0

368 2307 491 2351 escere
514 2290 609 2351 illius
638 2291 810 2362 doctrine,
848 2294 984 2369 quam·
1019 2291 1180 2369 invigilat
1203 2291 1399 2369 possidere,
1423 2309 1506 2351 nam
1530 2293 1606 2352 tota
1629 2309 1700 2352 me·

367 2398 481 2458 moria
505 2396 623 2458 labilis
647 2398 684 2457 in
706 2398 843 2469 iuvene,
875 2399 912 2458 in
934 2416 1017 2460 sene
1042 2397 1195 2477 perdita,
1235 2398 1306 2458 cito
1330 2398 1475 2468 ebescii,
1511 2398 1579 2457 nisi
1602 2416 1702 2459 exer·

369 2504 459 2565 cicio
483 2522 506 2564 a
528 2505 689 2585 rubigine
713 2505 901 2567 oblivionis
918 2506 1085 2584 poliatur.
1110 2504 1213 2567 quta
1236 2506 1455 2566 sentenciam
1479 2505 1572 2565 enim
1596 2500 1701 2565 Tor·

369 2612 505 2689 quati:
532 2609 722 2674 ‹Scolares
747 2613 914 2674 dicuntur
930 2631 952 2673 a
968 2612 1076 2683 scola,
1102 2631 1172 2691 que
1188 2624 1292 2693 grece
1308 2612 1486 2691 significat
1501 2612 1537 2672 in
1553 2611 1701 2673 latinum

368 2719 609 2790 vacacionem,
633 2738 656 2780 a
680 2738 751 2798 qua
776 2737 957 2798 nunquam
981 2720 1065 2781 licet
1080 2718 1233 2782 uacarel
1247 2740 1275 2781 ».
1294 2753 1332 2760 -
1355 2717 1422 2780 Est
1437 2720 1530 2780 enim
1545 2718 1702 2780 studium

369 2824 467 2903 apud
496 2823 740 2887 Ciceronem
762 2827 799 2888 in
822 2825 1050 2888 Rethorica
1075 2828 1224 2906 prima:
1257 2824 1477 2888 «Vehemens
1501 2825 1701 2905 applicacio

369 2932 477 2992 animi
500 2932 549 2993 ad
572 2932 709 3011 aliquid
732 2935 909 3013 agendum
943 2947 1070 3015 magna
1096 2953 1176 2995 cum
1199 2932 1436 2995 voluntateri.
1484 2932 1571 2994 Ideo
1595 2951 1703 2994 senex

369 3040 516 3117 quidam
540 3057 609 3118 que
627 3044 804 3119 oportuna
820 3043 938 3103 lorent
953 3042 1088 3103 semitis
1114 3041 1251 3104 sciendi
1274 3041 1469 3120 postulanti
1499 3040 1701 3118 respondit:

372 3164 387 3195 <
401 3144 504 3208 Mens
537 3147 689 3217 humilis,
722 3149 879 3209 studium
912 3149 1096 3228 querendi,
1122 3149 1199 3209 vita
1219 3150 1350 3227 quieta,
1385 3148 1594 3210 scrutinium
1618 3148 1702 3209 taci-

369 3255 454 3319 tum,
480 3257 685 3332 paupertas,
720 3258 817 3317 terra
851 3256 1012 3317 aliena».
1050 3289 1066 3297 ··
1125 3255 1224 3325 Nam,
1262 3259 1387 3317 autore
1410 3253 1620 3333 Hugone‚
1646 3272 1700 3315 sa-

370 3360 510 3438 piencie
556 3362 721 3423 thronum
760 3364 955 3442 portabant
994 3364 1156 3443 philos
1196 3366 1232 3425 et
1267 3362 1434 3441 kopos‚
1474 3361 1621 3423 lenna
1667 3364 1702 3422 et

371 3467 586 3547 agrinna,
610 3470 714 3539 idest,
739 3489 849 3539 amor,
874 3471 987 3542 labor,
1013 3490 1100 3532 cura
1125 3474 1162 3532 et
1182 3470 1302 3551 vigilia
1313 3468 1334 3531 ³.

478 3574 515 3635 Si
538 3576 604 3638 hec
629 3596 672 3638 ex
694 3581 799 3657 parte
822 3581 945 3639 nostra
969 3579 1201 3657 requiruntur
1231 3578 1280 3639 ad
1303 3578 1462 3657 perfecte
1486 3575 1701 3637 studendum
1718 3576 1749 3635 2.

370 3682 578 3745 facultatem
602 3702 872 3764 quamcumque,
898 3686 1049 3748 maxime
1073 3686 1198 3764 previa
1223 3688 1326 3746 erunt
1349 3702 1451 3745 sacre
1476 3682 1609 3762 sophie,
1635 3700 1703 3760 que

371 3912 582 3921 —————

477 4085 509 4143 u)
530 4106 560 4115 -
581 4093 683 4144 quam.

478 4249 499 4317 ¹)
518 4250 553 4301 A.
572 4247 612 4299 Μ.
631 4245 663 4299 Τ.
683 4246 780 4298 ΒοΕΤ.
817 4246 862 4295 De
886 4242 1046 4309 disciplina
1064 4238 1258 4299 scholarium,
1276 4250 1342 4301 cap.
1361 4244 1391 4286 11.
1411 4233 1512 4300 Migne
1528 4231 1630 4293 LXIV,
1649 4230 1707 4306 col,

371 4342 456 4394 1227:
484 4339 624 4391 «Dicitur
644 4337 726 4390 enim
744 4333 890 4399 dyscolus
917 4331 1043 4398 quasia
1063 4328 1167 4380 schola
1193 4326 1318 4377 divisus.
1356 4323 1466 4376 Schola
1484 4322 1567 4375 enim
1585 4328 1706 4387 graece,

370 4431 482 4483 dicitur
500 4430 621 4481 vacatio
640 4429 750 4487 latine;
768 4423 841 4475 inde
860 4422 1013 4489 dyscolus,
1033 4418 1124 4485 quasi
1142 4416 1305 4467 vacatione
1324 4413 1443 4464 divisus
1454 4433 1476 4464 2.

479 4517 502 4585 ³)
521 4519 561 4570 M.
579 4516 612 4569 T.
632 4517 695 4570 th.
713 4516 760 4567 De
778 4516 842 4567 inv.
863 4513 950 4569 Rhei.
969 4511 991 4572 Ι,
1010 4518 1086 4561 xxv.
1114 4506 1158 4558 Le
1176 4505 1258 4557 texte
1277 4505 1381 4555 exact:
1412 4500 1574 4554 «Studium
1592 4501 1703 4552 autem.

371 4613 418 4664 est
435 4610 531 4662 animi
550 4608 683 4667 assidua,
711 4607 742 4658 et
760 4604 928 4656 vehemens
947 4600 987 4651 ad
1013 4599 1150 4664 aliquam
1168 4609 1235 4646 rem
1261 4592 1415 4659 applicata
1434 4598 1544 4657 magna
1563 4603 1631 4641 cum
1650 4602 1703 4640 vo-

371 4701 488 4753 luntate
508 4696 675 4763 occupatio,
694 4696 727 4747 ut
746 4691 967 4760 philosophiae,
985 4688 1130 4755 poetices,
1150 4684 1345 4752 geometriae,
1363 4681 1558 4733 literarum».

479 4784 499 4851 ³)
519 4786 563 4840 cf.
581 4786 663 4838 Huc.
683 4800 710 4835 a.
729 4783 759 4835 S.
773 4782 859 4833 V1cT.
878 4782 998 4831 Erudit.
1019 4779 1134 4830 didusc.
1155 4776 1204 4837 ΙΙΙ,
1218 4782 1304 4825 xvm.
1323 4774 1370 4823 De
1388 4772 1542 4823 scrutinio,
1561 4767 1605 4819 Le
1621 4766 1705 4818 texte

372 4879 461 4932 exact
492 4878 552 4929 dit:
586 4874 763 4927 «Cathedra
789 4872 902 4939 quippe
927 4867 1112 4935 philologiae
1144 4865 1233 4917 sedes
1262 4864 1311 4914 est
1341 4859 1518 4927 sapientiae,
1549 4871 1629 4923 quae
1657 4854 1704 4905 his

371 4966 537 5034 suppositis
556 4964 670 5033 gestari
688 4962 810 5024 dicitur,
830 4959 975 5026 quoniam
992 4958 1024 5008 in
1042 4956 1092 5007 his
1112 4970 1145 5007 se
1171 4952 1345 5005 exercendo
1369 4950 1578 5016 promovetur.
1614 4944 1704 4997 Unde

371 5057 501 5124 pulchre
519 5056 649 5121 juvenes
677 5054 806 5120 propter
831 5051 926 5101 robur
945 5062 963 5098 a
981 5046 1085 5098 fronte
1105 5044 1246 5097 lecticam
1264 5042 1372 5093 tenere
1390 5038 1542 5098 dicuntur,
1560 5033 1705 5085 videlicet

372 5144 448 5209 φίλος
466 5162 512 5194 και
528 5142 619 5203 κόπος,
637 5144 670 5195 id
689 5144 842 5195 est-amor
859 5142 889 5191 et
912 5138 1007 5199 labor,
1032 5136 1105 5202 quia
1130 5133 1205 5185 toris
1225 5146 1301 5197 opus
1326 5128 1487 5196 peragunt,
1505 5141 1523 5179 a
1542 5122 1706 5192 posteriori

371 5236 505 5303 puellae,
517 5234 664 5287 videlicet
682 5228 813 5294 ἐπιμέλεια
830 5246 875 5277 και
894 5224 1031 5292 ἀγρυπνια,
1050 5238 1131 5291 quae
1144 5220 1387 5289 interpretantur
1398 5232 1472 5270 curu
1487 5230 1541 5268 sen
1554 5215 1707 5281 diligentia

372 5328 403 5381 et
422 5326 524 5394 vigilia
537 5344 649 5376 ......
669 5322 704 5374 In
725 5319 816 5387 Oper.
835 5320 855 5371 t.
874 5318 910 5380 ΙΙ,
929 5318 986 5370 col,
1006 5315 1115 5368 776-77.

1576 5425 1601 5466 17
