4300 6117
445 1987 474 2052 1.

987 900 1147 955 LUCULA
1170 899 1311 955 NOCTIS

941 1644 1149 1751 [CAPUT
1181 1645 1362 1752 ΧΧΠ.]

600 1985 729 2073 [N]nnc
752 2010 819 2071 pro
842 1990 1072 2052 absolucione
1095 1990 1210 2069 partis
1233 1990 1406 2070 opposite,
1445 1992 1593 2053 tercium
1622 1994 1821 2054 membrum

488 2100 703 2179 promissum
728 2102 944 2167 transcurro,
980 2097 1042 2157 ubi
1066 2097 1232 2158 dicebam
1260 2099 1357 2176 quod
1381 2098 1592 2177 gentiles
1616 2100 1822 2162 miscent

489 2206 762 2267 falsissima
785 2205 932 2276 veris,
969 2206 1013 2265 et
1037 2204 1147 2265 ideo
1181 2205 1376 2283 penitus
1406 2223 1429 2265 a
1451 2203 1822 2283 Xpistianorum

489 2314 668 2374 linibus
704 2310 1023 2391 propellendi.

596 2453 710 2516 Huius
735 2455 822 2516 dicti
845 2453 1069 2532 suppositum
1095 2457 1148 2515 est
1173 2456 1294 2514 notum
1319 2472 1361 2515 ex
1383 2455 1576 2533 premissis.
1600 2454 1822 2518 Erraverunt

489 2563 583 2624 enim
606 2562 724 2624 cuncti
748 2561 970 2622 ethnicorum
994 2560 1198 2639 scriptores,
1229 2562 1290 2639 qui
1314 2563 1360 2622 de
1382 2560 1449 2621 hiis
1475 2580 1545 2640 que
1568 2564 1751 2640 pertinent
1776 2564 1822 2624 ad

489 2670 598 2731 fidem
629 2669 766 2747 aliquid
790 2668 990 2747 tetigerunt.
1022 2664 1101 2728 Hoc
1126 2670 1245 2727 autem
1269 2667 1476 2747 dupliciter:
1508 2668 1625 2748 primo
1654 2686 1739 2747 quo
1769 2671 1822 2731 ad

487 2775 688 2848 formam,
725 2777 761 2836 et
794 2775 953 2835 secundo
980 2791 1066 2852 quo
1104 2774 1159 2834 ad
1191 2775 1433 2836 materiam.
1472 2808 1510 2815 -
1548 2772 1729 2859 Quantum
1767 2777 1822 2837 ad

489 2885 503 2943 f
509 2901 688 2953 ormam,
711 2882 796 2960 quia
818 2883 1036 2960 putaverunt
1061 2881 1180 2942 omnia
1203 2880 1451 2961 investiganda
1473 2900 1540 2961 per
1561 2882 1657 2942 viam
1679 2886 1818 2951 nature.

489 2993 525 3051 et
549 3008 618 3069 qne
642 2990 786 3051 racione
810 2988 964 3049 naturali
989 2986 1244 3067 comprehendi
1261 3006 1332 3049 non
1347 2991 1506 3067 possunt,
1531 3007 1620 3050 vera
1636 3008 1707 3051 non
1728 3008 1820 3062 esse;

488 3099 524 3158 et
545 3095 627 3157 hinc
650 3097 783 3157 iactum
808 3097 872 3166 est,
901 3097 940 3155 ut
968 3112 1150 3173 nunquam
1178 3094 1387 3156 devenerint
1409 3096 1446 3155 in
1470 3095 1641 3157 noticiam
1666 3097 1744 3158 sive
1767 3115 1821 3159 as·

488 3221 631 3265 sensum
655 3203 763 3264 trium
785 3219 1029 3281 personarum,
1054 3204 1181 3280 partus
1204 3199 1369 3281 Virginis.
1400 3204 1678 3265 resurreccionis
1703 3205 1822 3265 future

488 3315 524 3372 et
561 3308 778 3380 huiusmodi,
817 3309 910 3369 sicut
948 3309 1060 3370 tradit
1094 3307 1341 3387 Apostolus
1377 3310 1432 3370 ad
1466 3306 1728 3372 Chorintios
1763 3330 1821 3372 se·

489 3416 648 3488 cundo,
679 3417 819 3478 dicens:
859 3413 1087 3493 ‹Loquimur
1114 3413 1181 3475 Dei
1211 3416 1429 3494 sapientiam
1456 3416 1493 3476 in
1515 3416 1722 3489 ministerio,
1753 3436 1821 3497 que

488 3525 681 3585 absondita
712 3525 776 3593 est,
808 3540 916 3601 quam
943 3520 1206 3601 predestinavit
1234 3520 1331 3584 Deus
1360 3525 1444 3583 ante
1467 3523 1589 3584 secula
1612 3525 1649 3585 in
1673 3524 1820 3603 gloriam

488 3633 657 3702 nostram,
697 3648 804 3708 quam
840 3647 943 3690 nemo
966 3628 1169 3707 principum
1196 3630 1308 3690 seculi
1331 3628 1433 3690 huius
1459 3631 1650 3709 cognovit»
1667 3628 1687 3701 1,
1728 3632 1822 3693 idest

370 3739 397 3771 ‘⁰
487 3736 789 3818 philosophorum,
817 3738 926 3815 prout
948 3736 998 3797 ibi
1021 3736 1121 3815 glosa
1146 3736 1329 3797 ordinaria
1352 3726 1367 3818 ΙΙ
1392 3737 1509 3798 sentit.
1547 3735 1671 3816 Neque
1701 3740 1822 3800 obstat

442 4487 472 4549 2.

488 3845 586 3924 quod
608 3843 705 3905 idem
720 3841 900 3904 Romanos
914 3842 1111 3921 alloquens,
1139 3843 1225 3904 dicit
1251 3860 1266 3893 ι
1280 3845 1377 3921 quod
1393 3847 1519 3905 notum
1538 3847 1593 3905 est
1609 3842 1684 3915 Dei,
1711 3846 1820 3906 mani·

487 3954 616 4014 festum
634 3953 689 4012 est
704 3950 773 4011 illis
787 3972 801 4005 »
814 3950 842 4022 ²;
860 3969 952 4021 nam,
970 3950 1063 4012 sicut
1078 3950 1186 4011 docet
1202 3950 1501 4021 sanctusDoctor.
1519 3952 1634 4030 primo
1653 3949 1820 4013 Contra

488 4058 712 4127 Gentiles,
736 4055 852 4119 Deum
875 4074 954 4119 esse
978 4075 1049 4117 non
1074 4059 1129 4118 est
1153 4057 1324 4119 articulus
1349 4057 1444 4129 fidei,
1470 4058 1535 4119 sed
1558 4058 1713 4137 quedam
1728 4060 1820 4121 veri·

487 4169 543 4227 tas
567 4183 634 4245 per
655 4183 693 4226 se
718 4167 812 4235 nota.
838 4164 1017 4244 silogismo
1045 4182 1117 4225 non
1141 4175 1256 4243 egens.
1296 4165 1360 4225 sed
1383 4165 1548 4243 prebens.
1588 4163 1821 4245 Cognoscitur

487 4274 581 4335 enim
616 4273 701 4351 quia
725 4273 788 4342 est,
827 4272 892 4333 sed
915 4289 987 4333 non
1009 4270 1098 4350 quid
1115 4268 1207 4333 ‘est-⁹¹.
1248 4269 1386 4333 Scimus
1411 4271 1495 4350 quia
1518 4272 1637 4333 anima
1667 4276 1730 4343 est,
1756 4272 1821 4335 sed

487 4399 559 4441 non
582 4379 670 4458 quid
694 4378 813 4440 anima
836 4378 891 4440 sit.

595 4484 664 4547 Ubi
687 4504 775 4547 vero
798 4485 951 4546 voluerit
974 4486 1153 4564 quispiam
1176 4503 1243 4564 per
1264 4486 1445 4548 racionem
1469 4486 1671 4548 naturalem
1693 4487 1741 4548 de
1761 4486 1820 4548 ho·

488 4612 567 4654 rum
590 4592 794 4671 quidditate
811 4592 1004 4653 certificari
1019 4610 1086 4671 per
1102 4592 1197 4652 viam
1213 4595 1350 4664 nature,
1375 4593 1445 4654 tria
1460 4594 1556 4654 mala
1571 4592 1666 4654 iacit.
1687 4626 1728 4634 —
1745 4592 1818 4654 Pri·

488 4720 585 4762 mum
600 4703 665 4771 est,
683 4701 787 4779 quia
808 4699 997 4778 derogat
1017 4698 1234 4779 dignitati
1254 4698 1376 4761 fidei.
1393 4699 1458 4762 Est
1476 4700 1569 4761 enim
1583 4699 1674 4762 fides
1692 4700 1739 4762 de
1753 4700 1818 4761 hiis

596 5015 616 5081 ¹)
634 5017 664 5071 S.
683 5019 790 5080 Plus..
808 5018 827 5069 1
842 5019 885 5069 ad
904 5016 1042 5078 Corinth,
1062 5015 1097 5077 11.
1117 5017 1144 5068 7.

594 5104 615 5170 ²)
634 5107 664 5160 S.
682 5107 789 5170 Puni..
808 5108 850 5159 ad
866 5106 963 5169 Rom.,
983 5105 1005 5167 Ι,
1026 5105 1068 5158 19.

595 5191 786 5260 ⁸)S.T}10M.
808 5195 920 5248 Contra
941 5194 1035 5256 Geni„
1052 5195 1074 5257 1,
1094 5204 1124 5257 x,
1142 5204 1189 5257 xl;
1209 5193 1333 5247 Summa
1352 5195 1440 5247 theol.
1459 5194 1487 5246 1·
1502 5192 1536 5267 Q
1555 5195 1606 5259 11²,
1624 5210 1651 5248 a.
1672 5197 1698 5248 1.
