4300 6117
463 962 528 1024 146
977 970 1137 1026 LUCULA
1158 969 1299 1025 NOCTIS

460 1192 542 1256 finis
566 1195 710 1275 pietatis
733 1195 773 1256 id
794 1195 953 1275 pecierit,
977 1195 1054 1256 sive
1077 1197 1118 1256 ut
1132 1195 1286 1257 evitetur
1306 1195 1432 1268 ocium,
1456 1196 1630 1257 viciorum
1645 1195 1798 1266 sentina,

462 1321 542 1364 cum
565 1303 713 1365 meliora
751 1320 790 1364 se
816 1321 887 1363 non
918 1301 1206 1382 presentaverint
1240 1301 1409 1364 laborare
1440 1305 1570 1381 parato
1586 1292 1612 1384 li.
1644 1299 1699 1364 Sit
1732 1301 1801 1364 hec

461 1410 642 1472 conclusio
666 1409 780 1471 sancti
804 1408 1002 1472 leronimi
1025 1409 1187 1481 dicentis,
1212 1409 1274 1472 ubi
1309 1409 1535 1488 epistolam
1570 1410 1623 1471 ad
1657 1405 1802 1470 Titum

461 1518 663 1578 comentat:
689 1513 760 1576 <Si
783 1517 863 1596 quis
887 1519 1002 1578 artem
1024 1515 1256 1596 gramaticam
1280 1517 1429 1589 noverit,
1462 1517 1520 1579 vel
1549 1517 1796 1600 dyalecticam.

460 1625 500 1685 ut
523 1626 620 1685 recte
642 1623 812 1703 loquendi
835 1626 950 1686 artem
970 1622 1104 1685 habeat
1136 1626 1171 1685 et
1194 1623 1288 1684 iuter
1306 1642 1394 1685 vera
1424 1625 1460 1686 et
1488 1624 1581 1685 falsa
1613 1624 1800 1691 diiudicet.

460 1748 531 1792 non
552 1730 806 1810 improbamus.
831 1729 1036 1793 Geometria
1058 1732 1179 1792 autem
1201 1733 1238 1791 et
1260 1730 1484 1793 arismetrica
1505 1730 1639 1793 habent
1669 1731 1706 1792 iu
1731 1748 1802 1792 sua

459 1838 615 1900 sciencia
647 1838 844 1908 veritatem,
873 1837 941 1899 sed
970 1855 1040 1899 non
1075 1840 1131 1899 est
1158 1837 1314 1899 sciencia
1349 1838 1411 1899 illa
1442 1838 1598 1918 pietatis.
1634 1836 1802 1899 Sciencia

459 1945 604 2025 pietatis
629 1947 708 2006 est:
733 1963 838 2007 nosse
860 1944 978 2025 legere
1000 1941 1208 2024 Scripturas
1234 1947 1270 2006 et
1292 1945 1489 2025 intelligere
1522 1944 1730 2025 Prophetas,
1762 1944 1801 2006 in

459 2050 654 2133 Evangelio
678 2052 836 2123 credere,
861 2050 1053 2132 Apostolos
1077 2070 1149 2114 non
1170 2051 1336 2132 ignorare
1352 2072 1366 2105 »
1380 2048 1401 2113 ¹.
1415 2070 1490 2104 —‹
1510 2049 1798 2114 Gramaticorum

460 2162 581 2221 autem
617 2159 782 2220 doctriua
817 2161 936 2238 potest
971 2158 1020 2220 ad
1048 2159 1159 2220 vitam
1191 2157 1379 2238 proficere,
1413 2158 1607 2221 dummodo
1629 2157 1803 2220 fueritin

460 2267 626 2328 meliores
648 2283 733 2327 usus
756 2268 977 2345 assumpta».
1010 2264 1097 2337 Hec,
1123 2284 1203 2327 cum
1226 2264 1412 2336 leronimo.
1438 2264 1679 2338 Gratianus,
1704 2264 1797 2326 Dis·

460 2373 668 2435 tinctione
690 2381 851 2434 XXXVII
870 2373 891 2434 ².
919 2408 958 2418 -
983 2371 1134 2435 Accedit
1157 2372 1206 2433 ad
1228 2372 1324 2434 idem
1347 2371 1546 2443 Aureus,
1571 2373 1733 2452 epistola,
1758 2372 1795 2432 ni

460 2481 574 2551 iallor.
591 2480 789 2551 secunda,
807 2481 843 2541 et
858 2480 929 2541 ait:
956 2475 1139 2541 «Tamdiu
1154 2480 1363 2542 liberalibus
1379 2479 1517 2541 artibus
1534 2479 1801 2541 immorandum

460 2591 526 2658 est,
559 2587 731 2666 quamdiu
755 2587 893 2649 animus
927 2599 1033 2667 agere
1062 2587 1189 2648 melius
1214 2604 1284 2648 uon
1306 2589 1444 2666 potest;
1476 2587 1679 2649 rudimenta
1710 2588 1796 2648 sunt

460 2697 594 2766 nostra.
636 2713 707 2757 non
745 2713 881 2774 opera:
919 2695 1003 2756 sunt
1040 2697 1160 2756 autem
1198 2693 1363 2756 liberalia
1405 2693 1512 2764 dicta,
1552 2693 1638 2773 quia
1680 2693 1800 2756 libero·

460 2802 568 2882 digna
584 2799 626 2864 ›³.
652 2833 693 2842 -
717 2799 765 2862 Et
789 2801 987 2880 epistola
1009 2809 1158 2862 XXXV:
1186 2799 1530 2886 «Quemadmodum
1553 2801 1700 2863 studere
1723 2818 1800 2861 om·

460 2910 564 2971 nibus
602 2909 705 2971 anuis
743 2907 930 2970 honestum
956 2911 1033 2970 est:
1062 2908 1114 2970 iia
1136 2926 1209 2970 non
1231 2907 1395 2969 omnibus
1417 2907 1563 2970 institui.
1602 2903 1734 2986 Turpis
1758 2909 1799 2969 et

461 3016 654 3079 ridiculosa
692 3034 748 3077 res
783 3017 847 3087 est,
871 3033 980 3078 senex
1004 3015 1264 3076 elementarius.
1304 3013 1427 3076 iuveni
1467 3014 1678 3094 parandum,
1719 3014 1795 3076 seni

460 3123 631 3185 utendum
669 3126 724 3184 est
743 3120 793 3183 »⁴.
816 3154 860 3164 -
881 3119 955 3183 Sed
979 3122 1025 3183 de
1047 3122 1115 3183 hiis
1139 3120 1233 3183 intra
1255 3121 1369 3184 lacius
1392 3121 1462 3183 erit
1484 3121 1687 3192 dicendum,
1714 3139 1800 3182 cum

461 3248 635 3310 responsa
655 3231 877 3308 aptabuntur
900 3229 1061 3292 obiectis.

463 3449 676 3460 ,---

568 3621 1154 3689 ¹)S.EUSEB.H1ERON.Commeni.in
1172 3625 1272 3690 Epist.
1290 3625 1333 3676 ad
1354 3621 1460 3676 Titum.
1489 3623 1524 3676 In
1545 3622 1637 3689 Oper.
1655 3623 1720 3686 vn,
1742 3623 1799 3677 593

462 3709 545 3782 [⁶901.

567 3799 761 3868 ¹)GRAT1AN.
793 3802 865 3869 Cap.
885 3802 919 3856 Si
942 3805 1012 3868 quis
1038 3805 1137 3856 artem
1160 3805 1393 3871 grammaticum
1417 3801 1452 3853 X
1471 3801 1548 3854 Dist.
1567 3800 1714 3852 XXXVII.
1751 3801 1795 3852 La

460 3893 604 3946 derniere
622 3891 757 3958 phrase:
786 3909 799 3934 ‹
817 3891 1121 3945 Grammaticorum...
1146 3891 1219 3945 bien
1244 3905 1305 3958 que
1331 3890 1411 3944 citde
1434 3905 1493 3958 par
1520 3890 1649 3944 Grutien
1675 3905 1797 3943 comme

460 3984 545 4037 etant
564 3982 604 4034 de
622 3979 651 4034 S.
670 3980 801 4045 lemme,
820 3981 995 4048 appartient
1013 3979 1032 4033 i
1049 3981 1124 4034 Isid.
1143 3981 1183 4035 de
1201 3981 1325 4034 deille.
1344 3983 1391 4034 De
1409 3979 1534 4033 Summo
1551 3980 1639 4032 Bono
1660 3978 1712 4042 111,
1730 3989 1794 4032 xm

568 4066 589 4136 ⁸)
614 4069 725 4124 SENEC.
753 4070 852 4137 Epist.
877 4069 1056 4122 LXXXVIII
1083 4072 1125 4123 ad
1149 4070 1264 4134 Lucili.¹
1291 4069 1348 4122 1-2.
1375 4069 1419 4120 Le
1438 4070 1522 4123 texte
1545 4069 1607 4121 dii:
1636 4065 1796 4121 «Tamdiu

460 4161 542 4216 enim
560 4160 628 4212 istis
647 4159 872 4213 immorandum
891 4161 947 4224 est,
965 4159 1114 4226 quamdiu
1132 4159 1208 4213 nihii
1227 4159 1347 4212 animus
1360 4166 1452 4227 agere
1463 4158 1562 4224 majus
1572 4159 1693 4224 potest:
1713 4157 1792 4210 rudi-

460 4251 564 4304 menta
581 4250 653 4302 sunt
671 4250 786 4311 nostra,
801 4264 864 4301 non
883 4263 987 4316 opera.
1010 4247 1114 4322 Quare
1131 4249 1272 4302 liberalia
1291 4248 1392 4300 studia
1410 4247 1492 4300 dicta
1511 4246 1582 4309 sint,
1599 4247 1702 4308 videm
1720 4247 1795 4314 quia

459 4340 585 4393 homine
602 4338 701 4391 libero
719 4337 810 4406 digna
829 4339 934 4392 sunt».

567 4423 589 4492 ⁴)
608 4426 729 4491 SENEC..
746 4427 846 4494 Epist.
864 4429 906 4480 ad
923 4427 1028 4480 Lucili
1047 4425 1184 4490 XXXVI,
1203 4427 1230 4478 4.
