4300 6117
822 997 1008 1052 IOHANNIS
1031 997 1213 1051 DOMINICI
1625 987 1688 1050 145

352 1226 477 1303 potest
500 1241 582 1284 rosa
604 1222 844 1303 pulcherrima
859 1222 997 1284 florum.
1011 1258 1051 1268 -
1064 1221 1195 1284 Fertur
1208 1220 1475 1293 Demosthenes,
1497 1223 1690 1301 antequam

357 1348 438 1393 eum
475 1329 648 1409 splendor
684 1329 816 1409 eloquii
851 1329 1022 1391 redderet
1056 1329 1317 1400 venerandum,
1350 1329 1509 1390 cultioris
1547 1327 1690 1390 habitus

356 1437 575 1518 appetivisse
597 1437 750 1499 nitorem
764 1433 785 1508 ¹,
811 1455 882 1498 non
905 1437 1048 1516 ignarus
1073 1436 1172 1515 quod
1193 1454 1355 1517 purpura
1370 1435 1590 1498 causidicum
1610 1436 1691 1498 red-

358 1546 419 1608 dit.
444 1544 492 1608 Et
512 1549 705 1626 postquam
728 1547 898 1625 eloquens
921 1545 1042 1624 palam
1066 1544 1189 1615 evasit,
1215 1543 1422 1623 eloquencie
1446 1546 1528 1623 toga
1548 1546 1691 1605 conten·

357 1655 424 1724 tus,
450 1653 595 1715 dicebat
617 1671 656 1714 se
672 1653 778 1714 malle
794 1671 816 1713 a
831 1670 878 1724 se,
897 1669 1005 1731 quam
1019 1670 1042 1713 a
1057 1652 1175 1714 nitore
1185 1651 1345 1722 vestitus,
1366 1640 1380 1733 ΙΙ
1406 1650 1553 1730 gloriam
1569 1668 1691 1712 conse·

358 1761 419 1839 qui
442 1761 580 1840 pariter
603 1762 639 1821 et
661 1759 842 1822 honorem.
866 1757 949 1820 Sive
976 1759 1084 1839 igitur
1106 1758 1155 1819 hii
1188 1759 1335 1839 gentiles
1367 1776 1455 1819 vera
1489 1757 1692 1820 mendicata

358 1866 405 1928 de
419 1866 506 1938 Deo,
531 1867 608 1928 sive
624 1865 724 1938 falsa,
749 1869 812 1928 aut
836 1884 879 1929 ex
902 1869 1055 1944 utroque
1079 1864 1298 1928 confecerint
1319 1866 1466 1927 mixtum
1481 1883 1690 1938 sermonem,

354 1973 497 2054 legendi
520 1992 592 2036 non
615 1976 706 2044 sunt,
731 1973 799 2035 nisi
823 1973 916 2034 sicut
935 1971 1125 2053 prefertur.

464 2078 567 2161 Legis
592 2080 712 2141 divine
735 2083 790 2142 est
814 2097 897 2141 reus
921 2080 1083 2159 quisquis
1107 2081 1235 2158 sponte
1258 2079 1463 2158 loquentem
1479 2073 1737 2140 abscultat²⁸2.

355 2205 509 2266 quemve
533 2188 700 2267 loquatur
723 2187 783 2249 ille
806 2187 986 2266 precepit;
1019 2187 1147 2267 procul
1176 2186 1287 2248 dubio
1311 2185 1448 2265 equalis
1481 2188 1535 2247 est
1563 2181 1694 2246 nosseb

358 2313 486 2356 usuras
512 2295 683 2366 conferre,
708 2295 744 2356 et
767 2312 828 2356 eas
867 2294 1036 2373 recipere,
1071 2293 1140 2354 nisi
1176 2292 1322 2354 dantem
1354 2293 1549 2354 necessitas
1581 2296 1694 2372 cogat.

359 2399 513 2480 Agentes
537 2402 631 2462 enim
652 2404 687 2463 et
712 2401 982 2463 consencientes
998 2401 1079 2480 pari
1093 2418 1188 2479 pena
1203 2400 1280 2480 lege
1303 2399 1516 2479 plectuntur.
1544 2398 1697 2478 Propter

356 2507 471 2570 heca
494 2507 571 2569 Deo
594 2509 703 2570 exivit
727 2509 935 2570 mandatum
958 2526 1003 2569 ne
1026 2508 1106 2586 quis
1139 2505 1257 2569 fidelis
1291 2508 1498 2569 societatem
1535 2507 1696 2587 iungeret

361 2634 440 2677 cum
464 2615 594 2696 gentili,
620 2615 718 2695 quod
742 2616 802 2695 qui
826 2633 897 2676 non
919 2617 1112 2677 servarunt
1134 2614 1234 2675 mixti
1266 2616 1350 2675 sunt
1382 2614 1476 2675 inter
1507 2616 1628 2694 gentes
1662 2615 1698 2674 et

357 2722 563 2784 didicerunt
587 2740 699 2802 opera
722 2740 845 2784 eorum
869 2724 905 2783 et
927 2721 1129 2783 servierunt
1151 2721 1349 2783 scultilibus
1373 2739 1495 2782 eorum
1512 2723 1547 2782 et
1563 2722 1698 2781 lactum

358 2832 415 2891 est
437 2829 506 2890 illis
530 2829 566 2890 in
589 2829 814 2901 scandalum
839 2830 909 2890 nisi
930 2831 1023 2890 forte
1048 2829 1180 2890 dixerit
1203 2828 1381 2907 quispiam
1404 2846 1595 2906 corporum
1618 2845 1697 2889 esse

359 2938 568 2999 societatem
601 2936 808 3007 cavendam,
832 2954 904 2996 non
935 2937 1145 3007 animarum,
1170 2936 1273 3015 quasi
1301 2934 1399 3014 apud
1428 2934 1619 2995 Dominum
1651 2935 1699 2996 sit

358 3045 485 3123 pocior
507 3061 593 3104 cura
618 3061 808 3122 corporum
829 3060 937 3121 quam
961 3043 1168 3114 animarum,
1195 3045 1231 3104 et
1254 3041 1356 3104 nobis
1389 3042 1546 3102 insinuat
1573 3044 1698 3104 contra

358 3151 472 3230 pluris
496 3150 652 3211 animam
675 3167 754 3211 esse
777 3167 885 3228 quam
908 3167 1048 3229 corpus.
1073 3148 1145 3210 Per
1167 3149 1325 3210 studium
1340 3148 1473 3228 quippe
1496 3148 1697 3210 intellectus

362 3257 557 3319 intellectui
581 3255 685 3329 fatur,
711 3256 776 3317 sed
799 3257 836 3317 in
858 3256 1020 3317 convivio
1043 3274 1168 3318 sensus
1200 3256 1320 3317 sensui
1353 3255 1549 3334 copulatur.
1574 3253 1699 3317 Voluit

362 3367 491 3434 autem,
517 3367 556 3424 ut
579 3365 692 3425 omnis
718 3363 864 3425 tollatur
887 3363 934 3424 de
956 3363 1075 3424 medio
1092 3363 1313 3444 ambiguitas,
1337 3365 1568 3425 sacrosancta
1583 3363 1699 3423 mater

359 3469 535 3542 Ecclesia,
559 3471 596 3533 in
619 3470 736 3533 solida
759 3473 863 3550 petra
885 3468 1045 3540 fundata,
1071 3470 1164 3532 sicut
1186 3471 1224 3530 in
1255 3469 1614 3532 Distinctionibus
1639 3477 1698 3528 xv

363 3580 403 3639 et
424 3586 501 3638 xvl
524 3578 802 3641 combrobaturc
829 3576 969 3648 diffuse,
994 3579 1034 3638 ut
1055 3577 1170 3639 solum
1192 3576 1243 3637 illi
1267 3577 1357 3638 certi
1381 3579 1525 3638 autores
1553 3578 1588 3637 et
1611 3573 1698 3636 fidei

363 3686 472 3746 testes
495 3683 723 3757 haberentur,
749 3685 809 3764 qui
833 3683 907 3745 noti
929 3685 1049 3746 essent
1071 3684 1146 3745 vita
1169 3686 1205 3745 et
1229 3683 1394 3746 doctrina
1416 3682 1561 3755 salubri,
1583 3685 1619 3744 et
1638 3681 1699 3743 ille

362 3793 543 3863 veritates,
569 3809 721 3870 quarum
744 3792 1000 3872 ignorabantur
1034 3791 1237 3870 scriptores,
1274 3791 1367 3852 inter
1397 3788 1558 3871 apocrifa
1588 3789 1698 3851 conti·

363 3896 521 3960 nentur³.
548 3896 642 3960 Sane
666 3898 742 3979 lege
776 3901 920 3960 cautum
950 3901 1006 3960 est
1034 3916 1079 3959 ne
1109 3897 1265 3959 infidelis
1287 3897 1438 3959 hominis
1459 3897 1699 3959 testimonium

363 4005 536 4066 adversus
560 4004 786 4084 Xpistianum
808 4005 1003 4084 recipiatur
1025 4005 1082 4066 vel
1105 4022 1172 4084 pro
1201 4004 1337 4077 eodem,
1361 4004 1430 4065 nisi
1452 4005 1546 4066 foret
1573 4005 1699 4064 contra

362 4112 539 4192 gentilem.
564 4110 706 4197 Quanto
729 4113 840 4192 magis
865 4111 1036 4173 audiendi
1059 4130 1130 4172 non
1154 4114 1246 4184 sunt,
1270 4111 1331 4172 ubi
1366 4109 1453 4172 fidei
1485 4111 1632 4191 negocia
1662 4112 1698 4172 et

364 4219 486 4281 divina
510 4220 725 4280 tractantur!

470 4325 568 4388 Duas
592 4344 678 4387 vero
701 4327 790 4388 alias
812 4326 916 4389 huius
939 4325 1092 4387 humane
1105 4325 1329 4406 philosophie
1350 4328 1473 4404 partes
1488 4323 1696 4404 Xpistianus
1710 4326 1741 4391 3.

364 4434 497 4513 poterit
521 4433 757 4497 discurrendo
780 4433 913 4506 videre,
939 4451 1019 4494 cum
1040 4433 1089 4494 ad
1113 4433 1189 4495 eius
1212 4431 1369 4495 officium
1391 4432 1612 4511 pertinuerit,
1636 4433 1698 4492 aut

471 4815 503 4876 α)
523 4827 557 4858 =
576 4813 737 4865 auscultat.
775 4813 806 4877 b)
825 4828 860 4858 =
878 4827 967 4865 noxe.
1004 4823 1033 4877 c)
1051 4829 1087 4859 =
1106 4813 1332 4879 comprobatur.

475 4987 496 5055 ¹)
516 4988 560 5042 cf.
580 4990 614 5042 Α.
629 4988 724 5042 GELL.
743 4989 831 5042 Noot.
851 4991 932 5042 uttlc.
951 4989 973 5053 1,
992 4999 1022 5054 v,
1041 4992 1072 5042 ln
1086 4991 1218 5056 princtp.
1246 4988 1291 5042 Cf.
1310 4991 1393 5043 aussi
1411 4991 1629 5056 Polycratlcns,
1647 4989 1699 5042 lib.

368 5076 444 5142 vm,
464 5094 529 5145 cap.
550 5087 614 5130 xtv.

477 5163 498 5230 ⁷)
516 5168 599 5220 Pour
617 5168 779 5220 auscultat.

476 5253 496 5322 ¹¹)
517 5256 614 5308 GRAT.
633 5257 752 5310 Decret.
772 5256 844 5309 ibid.
