4300 6117
401 2941 430 3005 1.

399 3368 432 3430 2.

950 981 1109 1036 LUCULA
1130 981 1270 1036 NOCTIS

880 1782 1083 1888 [CAPUT
1127 1783 1351 1890 XLVII]

556 2184 811 2251 Tenendum
836 2192 904 2251 est
933 2201 1053 2269 ergo,
1085 2190 1201 2269 qnod
1229 2192 1353 2251 recte
1375 2192 1445 2252 vel
1474 2165 1658 2270 oblique
1696 2211 1779 2253 om·

445 2297 561 2357 nium
585 2296 857 2365 falsitatum.
883 2296 1159 2369 illusionum,
1185 2314 1401 2369 errorum,
1425 2296 1645 2370 heresum,
1668 2299 1774 2360 scis·

445 2405 622 2475 matum,
658 2405 700 2465 et
727 2403 918 2464 aliorum
951 2403 1166 2464 malorum
1201 2404 1362 2465 saltem
1400 2404 1778 2476 ennnciabilium,

445 2511 500 2571 ad
522 2508 855 2571 intellectivam
886 2511 1146 2590 porcionem
1177 2510 1524 2589 pertinencium,
1549 2513 1771 2573 machina·

445 2620 517 2679 tor
539 2619 607 2678 est
628 2616 724 2688 ille,
749 2617 823 2695 qui
846 2619 914 2678 est
937 2617 1124 2679 mendax
1148 2618 1190 2678 et
1213 2620 1345 2696 pater
1368 2619 1479 2690 eius,
1503 2618 1623 2680 sicut
1646 2619 1779 2680 omni·

444 2727 603 2804 potens
627 2723 744 2785 Deus
767 2724 972 2785 universe
993 2724 1212 2785 veritatis
1242 2726 1315 2812 est
1337 2724 1614 2804 spiracionis
1638 2726 1770 2805 origo.

552 2937 634 2998 Dixi
657 2939 806 3009 recte,
842 2937 926 3015 quia
949 2936 1127 2998 mentibus
1156 2938 1351 3015 persuadet
1380 2955 1539 3012 errores;
1577 2938 1771 3016 oblique

444 3062 532 3106 vero
555 3044 742 3116 subiiunxi,
767 3044 852 3123 quia
875 3045 1037 3106 timorem
1061 3045 1118 3105 vel
1141 3044 1450 3123 presumpcionem
1472 3047 1668 3123 presentat,
1699 3046 1771 3124 qui·

348 3183 351 3186 ⁴
444 3153 512 3214 bus
541 3151 744 3213 intellectus
767 3151 888 3212 linitus
910 3151 947 3211 in
970 3169 1101 3230 penam
1127 3151 1267 3230 peccati
1295 3152 1527 3230 perseipsum,
1556 3152 1697 3213 nemine
1722 3153 1773 3212 in·

446 3259 556 3320 terius
578 3259 637 3320 vel
660 3258 815 3319 exterius
839 3257 1080 3336 protrahente,
1105 3258 1142 3318 in
1164 3257 1340 3319 falsitates
1364 3260 1574 3320 tenebrosus
1597 3259 1768 3339 impingit.

556 3362 651 3426 Audi
674 3365 711 3425 in
732 3365 825 3426 libro
859 3363 1047 3443 Sapiencie
1081 3367 1267 3443 expertum
1303 3363 1537 3438 Salomonem,
1570 3365 1773 3428 dicentem:

446 3471 575 3534 «Vani
598 3475 679 3533 sunt
702 3474 821 3533 antem
843 3490 966 3533 omnes
997 3471 1170 3562 homines,
1191 3471 1228 3532 iu
1261 3473 1391 3551 quibus
1427 3490 1498 3533 non
1531 3474 1584 3534 est
1620 3474 1776 3535 sciencia

443 3578 519 3641 Dei.
543 3578 590 3641 Et
614 3579 660 3640 de
682 3578 737 3640 his
760 3597 831 3658 que
852 3578 1021 3640 videntur
1042 3580 1139 3640 bona
1161 3597 1232 3640 non
1255 3569 1447 3658 potuerunt
1472 3579 1669 3658 intelligere
1694 3597 1774 3641 enm

444 3687 505 3765 qui
528 3687 592 3758 est,
617 3704 733 3765 neque
756 3687 925 3764 operibus
940 3685 1167 3747 attendentes
1183 3688 1403 3765 agnoverunt
1422 3685 1501 3764 quis
1517 3689 1613 3748 esset
1627 3687 1774 3760 artiie13

443 3794 509 3855 sed
531 3796 594 3855 aut
623 3793 748 3873 ignem,
774 3795 836 3854 aut
874 3792 1047 3871 spiritum,
1088 3795 1179 3853 aut·
1213 3793 1361 3854 citatum
1395 3811 1525 3864 aerem,
1565 3796 1627 3854 ant
1662 3793 1776 3873 girum

443 3901 636 3972 stellarum,
661 3901 725 3961 ant
747 3900 891 3960 nimiam
914 3918 1054 3978 aquam,
1080 3901 1144 3960 aut
1166 3899 1279 3960 solem
1302 3901 1338 3961 et
1353 3900 1483 3972 lunam,
1501 3903 1661 3962 rectores
1677 3901 1775 3963 orbis

443 4011 620 4070 terrarum
644 4007 732 4068 deos
754 4008 971 4085 putaverunt
987 4004 1029 4077 ›1,
1054 4009 1091 4068 et
1107 4009 1228 4068 cetera
1244 4025 1313 4086 que
1329 4006 1506 4068 habentur
1523 4007 1680 4086 capitulo
1696 4016 1779 4068 xm..

442 4111 567 4176 Turris
590 4115 712 4193 itaque
743 4112 962 4175 tortitudinis
995 4116 1126 4185 nostre,
1152 4131 1223 4192 qua
1257 4114 1411 4192 protecti
1446 4132 1468 4174 a
1502 4113 1592 4175 tanti
1623 4113 1734 4176 hostis
1758 4104 1772 4196 Ι

444 4220 702 4284 communimur
734 4219 882 4292 insidiis,
920 4221 973 4281 est
1002 4220 1119 4299 primo
1154 4239 1176 4281 a
1207 4221 1366 4299 peccatis
1390 4220 1550 4282 totaliter
1583 4221 1773 4292 abstinere,

444 4331 481 4391 et
504 4329 646 4390 demum
669 4329 787 4389 mente
809 4328 922 4389 sacris
945 4325 1090 4389 Litteris
1118 4327 1310 4390 immorari.
1358 4325 1473 4411 Quam
1506 4327 1774 4407 reprobandum

444 4436 629 4498 consilium
663 4433 730 4496 init
762 4433 879 4496 Saulis
907 4453 947 4496 se
980 4434 1188 4506 occidentis,
1224 4453 1269 4496 ne
1304 4435 1531 4496 occideretur
1565 4436 1612 4496 ab
1647 4435 1773 4497 hoste!

443 4542 500 4604 An
524 4543 674 4622 quilibet
698 4541 793 4603 civili
815 4542 932 4621 rigore
958 4541 1172 4620 dampnatus
1206 4541 1254 4613 ad
1292 4542 1442 4603 mortem
1479 4541 1637 4620 seipsum
1671 4559 1773 4604 neca·

442 4651 504 4721 bit,
534 4650 619 4729 qnia
647 4649 744 4710 necis
768 4667 897 4728 penam
921 4651 1088 4728 expectat
1111 4649 1158 4710 ab
1187 4646 1316 4710 extra?
1349 4646 1461 4728 Virgo
1494 4648 1629 4728 pudica
1664 4649 1778 4710 intrat,

549 5064 581 5127 u)
601 5090 634 5100 -
656 5063 719 5116 aut.

550 5237 572 5303 ¹)
591 5239 636 5293 ci.
658 5239 800 5307 Sapient,
818 5241 896 5304 xm,
915 5241 971 5294 1-2.
