4300 6117
971 935 1130 992 LUCULA
1152 934 1292 991 NOCTIS

889 1710 1101 1817 [CAPUT
1132 1712 1397 1821 XXVIH.l

427 2064 458 2126 1·
582 2065 764 2154 [A]dduco
801 2074 908 2154 igitur
941 2075 1024 2137 novi
1059 2070 1280 2137 Testamenti
1318 2094 1434 2155 panca
1471 2042 1683 2146 testimonia,
1724 2094 1807 2137 cum

406 2210 409 2214 ·
475 2178 731 2241 catholicorum
747 2179 934 2242 doctorum
948 2182 1112 2261 probatis
1129 2182 1329 2255 sentenciis,
1347 2185 1387 2243 ut
1398 2182 1555 2244 medium
1571 2182 1691 2262 quarti
1701 2195 1807 2264 argu·

475 2287 584 2348 menti
607 2290 731 2366 pateat
754 2288 915 2350 totaliter
936 2286 1190 2350 adnullatum1.

581 2446 693 2509 Iaciat
716 2450 857 2527 petram
879 2449 1037 2528 priorem
1057 2446 1230 2511 Dominus
1246 2448 1379 2521 Ihesus.
1403 2466 1560 2511 summus
1584 2450 1676 2529 lapis
1699 2461 1807 2530 angu-

473 2552 569 2626 laris,
587 2557 624 2616 et
640 2555 739 2616 dicat
754 2556 962 2618 doctoribus
974 2555 1217 2618 Hebreorum:
1245 2554 1455 2636 ‹Ypocrite.
1472 2557 1565 2617 bene
1576 2556 1807 2636 prophetavit

475 2660 521 2722 de
543 2660 646 2723 vobis
668 2660 820 2743 Ysayas‚
845 2662 985 2725 dicens:
1024 2662 1182 2743 Populus
1218 2662 1277 2725 hic
1308 2662 1413 2724 labiis
1437 2655 1521 2744 [me]
1539 2662 1706 2735 honorat,
1743 2682 1807 2726 cor

474 2769 594 2830 autem
617 2786 741 2831 eornm
763 2770 865 2851 longe
889 2773 944 2832 est
968 2789 990 2831 a
1012 2788 1079 2832 me.
1119 2768 1205 2832 Sine
1228 2788 1338 2832 causa
1361 2773 1481 2831 autem
1504 2770 1626 2832 colunt
1648 2788 1713 2842 me,
1742 2769 1806 2832 do·

475 2878 594 2938 centes
609 2875 792 2938 doctrinas
808 2880 843 2939 et
857 2877 1029 2939 mandata
1044 2876 1225 2939 hominum
1238 2898 1253 2933 2
1267 2876 1287 2939 ².
1302 2910 1344 2919 —-
1362 2875 1418 2949 Et,
1440 2880 1477 2939 ut
1493 2895 1564 2938 non
1580 2877 1702 2939 sileret
1717 2877 1807 2956 quid

475 2986 570 3045 esset
605 3001 685 3045 cum
720 2984 852 3046 talibus
886 2984 1064 3065 magistris
1100 2983 1285 3065 agendum,
1333 3001 1414 3046 mox
1451 2984 1567 3046 turbis
1606 2984 1805 3056 subiunxit:

477 3087 617 3151 ‹Sinite
640 3090 736 3151 illos:
763 3090 839 3152 ceci
861 3093 952 3163 sunt,
977 3091 1088 3153 duces
1113 3082 1340 3153 cecorum»³.

428 3186 458 3247 2·
582 3196 689 3259 Certe
711 3198 853 3259 letalius
876 3216 1019 3260 sacrum
1043 3198 1225 3277 eloquium
1249 3200 1457 3278 pervertere
1480 3198 1642 3260 nituntur
1665 3197 1806 3271 ethnici,

473 3303 775 3383 blasphemantes.
811 3303 951 3367 Eadem
974 3303 1161 3385 Scriptura
1185 3308 1294 3368 teste:
1322 3303 1523 3385 «Exiguum
1546 3308 1582 3366 et
1605 3323 1685 3366 cum
1708 3304 1807 3366 tedio

474 3412 529 3471 est
552 3413 692 3491 tempus
715 3412 789 3474 vite
812 3415 942 3484 nostre,
980 3416 1016 3474 et
1038 3431 1110 3474 non
1134 3415 1189 3474 est
1223 3410 1446 3492 refrigerium
1478 3412 1515 3473 in
1537 3409 1610 3474 fine
1643 3411 1805 3485 hominis,

474 3520 511 3578 et
533 3536 604 3579 non
626 3520 682 3581 est
704 3519 766 3598 qui
789 3520 929 3599 agnitus
944 3520 991 3582 sit
1013 3537 1180 3582 reversus
1197 3520 1243 3581 ab
1260 3520 1392 3581 inieris.
1422 3517 1514 3603 Quia
1529 3537 1572 3580 ex
1584 3518 1715 3581 nichilo
1731 3518 1807 3581 nati

473 3642 604 3697 sumus,
642 3629 677 3688 et
700 3629 783 3706 post
805 3626 872 3689 hec
903 3627 1035 3689 erimus
1058 3629 1231 3705 tanquam
1261 3626 1291 3687 si
1316 3645 1387 3688 non
1408 3624 1589 3687 fuerimus.
1630 3624 1807 3710 Quoniam

472 3733 591 3793 fumus
615 3730 761 3794 aiilatus
785 3737 839 3796 est
853 3738 868 3768 ⁸
890 3734 928 3795 in
949 3734 1098 3802 naribus
1114 3734 1255 3806 nostris,
1281 3736 1317 3795 et
1338 3751 1455 3795 sermo
1472 3732 1626 3795 scintilla
1642 3733 1690 3793 ad
1713 3750 1808 3794 com·

473 3839 689 3902 movendum
714 3858 777 3902 cor
799 3844 976 3903 nostrum:
1001 3841 1087 3920 quia
1104 3841 1269 3913 extincta¹
1294 3840 1383 3901 cinis
1400 3840 1468 3902 erit
1489 3858 1619 3920 corpus
1634 3841 1806 3911 nostrum,

474 3948 511 4008 et
530 3946 678 4026 spiritus
703 3946 926 4010 diffundetur
944 3951 1117 4027 tanquam
1140 3947 1255 4009 mollis
1284 3965 1348 4011 aer
1377 3950 1413 4009 et
1428 3946 1579 4009 transiet
1593 3946 1669 4008 vita
1684 3948 1809 4007 nostra

472 4055 646 4133 tanquam
682 4054 799 4117 mollis
836 4073 913 4127 aer,
958 4058 993 4117 et
1031 4055 1182 4117 transiet
1216 4054 1291 4116 vita
1329 4056 1453 4116 nostra
1486 4055 1658 4132 tanquam
1701 4052 1808 4114 vesti·

472 4161 567 4241 ginm
590 4162 704 4235 nubis,
729 4165 765 4224 et
787 4162 880 4224 sicut
903 4162 1034 4224 nebula
1050 4160 1276 4234 dissolvetur,
1302 4178 1372 4239 que
1394 4159 1552 4241 effugata
1575 4162 1628 4222 est
1652 4178 1674 4221 a
1694 4160 1808 4221 radiis

473 4268 568 4342 solis.
606 4271 644 4330 et
665 4287 688 4330 a
723 4269 843 4331 calore
865 4268 960 4330 illius
995 4271 1198 4349 aggravata,
1236 4265 1364 4329 etc.»⁴.
1403 4267 1580 4352 Quoniam
1616 4267 1678 4347 qui
1711 4266 1808 4328 dice·

473 4378 562 4439 bant
584 4377 680 4456 patri
694 4375 754 4438 vel
772 4376 896 4439 matri:
919 4374 1051 4437 Munus
1074 4374 1326 4454 quodcumque
1342 4376 1396 4437 est
1413 4392 1455 4436 ex
1470 4392 1536 4446 me,
1553 4374 1619 4436 tibi
1635 4373 1808 4455 proderit,

580 4768 613 4829 a)
634 4792 666 4801 -
684 4765 718 4817 in
735 4764 862 4818 naribus
880 4764 995 4818 nostris
1014 4765 1046 4817 et
1064 4778 1167 4817 sermo
1186 4762 1318 4817 scintille
1336 4763 1376 4817 ad
1394 4762 1660 4817 commovendum.

580 4940 602 5009 ¹)
622 4942 666 4996 Ci.
685 4958 783 5010 supra
803 4957 832 5009 p.
850 4941 886 4995 ³⁶
905 4942 937 4995 et
953 4941 1016 4995 155.

583 5030 604 5098 ¹)
623 5031 654 5085 S.
675 5033 809 5095 Mam..
826 5031 890 5095 XV,
908 5032 934 5083 7.

584 5118 678 5186 ⁶)1n.,
697 5122 776 5185 ibid„
795 5122 838 5174 14.

580 5208 604 5277 ⁴)
626 5210 672 5265 Ci.
691 5211 826 5279 supleat.
846 5211 883 5276 11,
902 5212 917 5264 1
936 5225 982 5277 sq.
