4300 6117
871 1580 1212 1689 INDEXl

1583 1964 1690 2015 Picus

354 2062 602 2127 PROLOGUS
605 2110 874 2125 .............
891 2114 894 2120 .
912 2109 1454 2127 .........................
1602 2064 1687 2125 1-5

356 2203 511 2269 CAPUT
526 2207 551 2269 1.
570 2206 834 2287 -Reipublice
857 2207 1081 2268 salutiferum
1105 2210 1169 2279 est,
1186 2208 1325 2286 pariter
1347 2210 1384 2267 et
1406 2208 1467 2268 de-

464 2334 596 2388 corum,
636 2333 720 2376 suos
763 2308 926 2375 'rectores
972 2317 1009 2375 et
1054 2315 1276 2376 consultores
1322 2314 1465 2384 habere,

463 2423 628 2484 scienciis
651 2422 874 2484 secularibus
898 2421 1069 2483 eruditos.
1095 2419 1168 2482 Sed
1192 2419 1402 2483 Christianis
1426 2420 1467 2482 ii·

461 2529 603 2591 delibus
626 2529 800 2591 incumbit
823 2529 1082 2607 rempublicam
1106 2540 1230 2608 regere
1253 2532 1288 2591 et
1310 2529 1466 2591 consiliis

468 2637 632 2716 dirigere.
670 2635 782 2716 Igitur
814 2636 864 2697 eis
898 2654 970 2697 non
1004 2636 1118 2697 solum
1150 2635 1286 2698 licitum
1311 2638 1373 2705 est,
1397 2637 1463 2698 sed

467 2747 592 2806 contra
609 2747 645 2805 et
661 2746 717 2805 est
732 2762 879 2806 necesse
895 2743 1025 2804 studiis
1037 2744 1238 2804 litterarum
1254 2743 1469 2804 secularium

461 2851 634 2912 solercius
659 2852 829 2912 insudare
832 2895 1458 2912 .............................
1580 2848 1691 2911 6-10

362 2989 511 3053 CAPUT
534 2992 577 3054 11.
603 3029 643 3037 -
673 2991 872 3073 Xpistianis
905 2993 988 3054 licet
1022 2992 1208 3054 catholicis
1245 2992 1325 3053 illos
1356 2993 1467 3054 libros

462 3101 618 3172 studere,
644 3100 706 3179 qui
730 3118 853 3160 eorum
875 3097 986 3161 fidem
1010 3099 1188 3161 sinceram
1212 3100 1369 3172 tradunt,
1394 3100 1468 3161 lau·

463 3207 551 3269 dant
577 3211 613 3269 et
637 3207 861 3268 confirmant.
886 3204 959 3268 Sed
991 3206 1075 3267 libri
1112 3206 1295 3285 gentilium
1329 3208 1470 3286 sapien·

463 3316 555 3376 cium
594 3315 691 3376 istud
728 3312 864 3375 faciunt
902 3314 952 3374 ad
990 3312 1199 3393 perfectum.
1239 3312 1350 3393 Igitur
1385 3314 1470 3375 licet

463 3420 671 3502 Xpistianos
704 3422 896 3484 scienciam
931 3424 967 3481 et
1007 3421 1146 3482 litteras
1181 3421 1362 3482 seculares
1397 3423 1469 3483 stu·

462 3530 548 3591 dere
561 3572 1461 3590 .........................................
1560 3527 1599 3587 11
1613 3526 1689 3589 --27

362 3667 511 3732 CAPUT
533 3670 596 3732 111.
621 3702 660 3710 -—
687 3669 910 3732 Catholicum
933 3671 1038 3733 decet
1061 3668 1177 3731 Deum
1200 3670 1342 3742 imitari,
1361 3688 1470 3749 quan·

463 3781 538 3840 tum
562 3780 692 3857 potest.
717 3775 790 3838 Sed
813 3776 910 3838 Deus
934 3796 1005 3838 non
1040 3778 1150 3838 habet
1181 3777 1296 3838 solum
1330 3796 1470 3838 omnem

461 3886 660 3955 veritatem,
685 3884 751 3945 sed
775 3886 829 3945 est
866 3885 981 3945 omnis
1018 3885 1162 3945 veritas.
1186 3882 1280 3963 Ergo
1305 3885 1470 3945 convenit

467 3992 681 4054 catholicum
705 4009 846 4052 omnem
870 3992 1059 4052 veritatem
1075 3990 1231 4061 studere,
1250 3992 1473 4069 inquantum

465 4100 570 4161 valet.
597 4133 638 4141 -
662 4096 709 4160 Et
732 4098 846 4159 ultra:
871 4098 908 4158 in
938 4098 1161 4159 secularibus
1196 4098 1359 4159 scienciis
1390 4100 1472 4159 sunt

464 4207 575 4268 multe
597 4205 780 4276 veritates¹
805 4206 912 4284 igitur
934 4205 1044 4266 debet
1059 4203 1268 4283 Xpistianus
1296 4206 1470 4266 seleucias

469 4314 657 4393 acquirere
681 4313 861 4374 seculares
876 4356 1462 4373 ...........................
1561 4308 1691 4371 28-35

314 4454 321 4467 “
365 4449 512 4515 CAPUT
533 4453 597 4516 IV.
626 4492 667 4500 -
701 4454 889 4534 Xpistiano
918 4455 1004 4516 licet
1032 4472 1155 4515 omnes
1194 4454 1304 4515 libros
1337 4454 1468 4533 legere,

467 4563 604 4640 pariter
626 4565 663 4623 et
686 4562 841 4633 studere,
877 4562 939 4640 qui
982 4562 1051 4623 sibi
1082 4580 1152 4622 non
1177 4563 1260 4621 sunt
1289 4559 1469 4639 prohibiti,

471 4670 636 4749 explicite
659 4669 717 4731 vel
741 4668 1023 4747 interpretativa.
1055 4666 1128 4728 Sed
1152 4668 1235 4728 libri
1258 4668 1473 4729 secularium

474 4777 709 4839 scienciarum
740 4794 812 4836 non
844 4778 926 4837 sunt
950 4775 1001 4836 eis
1040 4774 1211 4854 prohibiti
1246 4775 1297 4836 sic
1324 4774 1381 4835 vel
1409 4775 1470 4835 sic.

468 4882 587 4963 Igitur,
614 4883 794 4946 conclusio
817 4901 905 4944 vera
921 4926 1462 4943 .........................
1560 4877 1693 4940 36-40

368 5050 572 5062 R·—

469 5153 488 5219 ¹)
506 5156 589 5210 Nous
619 5155 840 5223 reproduisons
867 5155 1006 5207 l'c‘nonce'
1025 5152 1087 5207 'des
1116 5153 1222 5207 theses
1248 5154 1291 5205 tel
1309 5148 1390 5219 squ'il
1417 5154 1465 5204 est
1490 5154 1593 5205 donni
1618 5152 1696 5205 dans

369 5241 400 5292 le
417 5242 504 5296 texte.
523 5246 581 5298 Les
599 5247 715 5313 parties
735 5245 914 5313 etrangdres
933 5259 973 5296 au
991 5245 1075 5296 texte
1095 5245 1165 5296 sont
1183 5243 1278 5295 mises
1297 5244 1385 5295 entre
1404 5242 1552 5295 crochets.
