4300 6117
410 1188 441 1254 8.

966 952 1125 1007 LUCULA
1148 951 1287 1007 NOCTIS

569 1174 666 1237 Satis
690 1180 844 1255 apparet
865 1180 991 1257 aperte
1015 1195 1059 1238 ex
1082 1176 1150 1238 hiis
1175 1180 1210 1239 et
1227 1177 1404 1238 similibus
1419 1177 1577 1249 infinitis,
1596 1176 1694 1256 quod
1713 1177 1790 1256 pbi-

457 1283 532 1344 sica
555 1284 767 1345 naturaliter
791 1286 844 1345 est
867 1284 1065 1353 brutorum,
1091 1284 1140 1345 ad
1155 1284 1316 1346 homines
1333 1285 1579 1363 contingenter
1596 1282 1789 1354 transfusa,

456 1407 565 1468 quum
600 1391 669 1452 illis
694 1392 907 1461 necessaria,
943 1392 1022 1453 istis
1044 1409 1132 1453 vero
1157 1395 1211 1452 est
1236 1391 1341 1470 quasi
1369 1392 1563 1471 superflua.
1602 1390 1640 1452 Si
1663 1391 1790 1453 dixero

456 1515 527 1576 qua
543 1501 663 1559 mente
679 1498 851 1578 concipio,
875 1498 1136 1560 venerabilium
1152 1498 1375 1560 medicorum
1391 1499 1543 1559 maxime
1559 1498 1789 1577 phisicorum,

455 1605 624 1666 cerusicis
649 1624 672 1666 a
688 1623 793 1666 sacra
809 1604 996 1685 Scriptura
1019 1606 1203 1684 protectis.
1228 1604 1314 1666 mihi
1334 1605 1468 1668 bellum
1491 1624 1559 1684 par
1581 1605 1789 1675 timendum,

455 1712 516 1790 qui
540 1712 747 1774 racionibus
769 1712 1038 1792 apparentibus,
1063 1712 1204 1774 diviciis
1232 1713 1453 1792 congregatis
1470 1713 1600 1791 quibus
1615 1713 1792 1775 obediunt

454 1817 604 1891 omnia¹,
631 1822 667 1881 et
692 1822 938 1899 magnatorum
960 1819 1097 1881 viribus
1122 1836 1276 1898 quorum
1301 1819 1458 1899 dirigunt
1474 1820 1596 1892 vitam,
1620 1821 1703 1881 sunt
1726 1837 1790 1899 po·

453 1928 570 1987 tentes
594 1945 616 1987 a
640 1928 816 1988 seculo...
841 1922 973 1988 Tucius
996 1928 1084 2005 puto
1109 1946 1189 1988 cnm
1215 1925 1406 1988 Psalmista
1428 1944 1564 2005 ponere
1588 1927 1790 1989 custodiam

456 2034 509 2094 ori
533 2052 612 2095 meo
638 2036 673 2095 et
689 2034 829 2095 abonis
846 2034 952 2095 silere
979 2052 1052 2095 «ne
1077 2034 1251 2095 consistat
1273 2035 1447 2115 peccator
1469 2034 1644 2096 adversus
1667 2032 1789 2095 mest.

455 2139 593 2202 Natura
614 2159 699 2202 vero
723 2159 795 2201 non
819 2141 908 2211 silet,
932 2140 997 2202 sed
1022 2141 1154 2202 clamat
1177 2141 1345 2221 Anglicos
1369 2144 1405 2202 et
1428 2141 1558 2203 multas
1582 2141 1670 2203 alias
1691 2140 1790 2202 naci·

456 2265 542 2309 ones
566 2248 656 2309 tales
680 2247 835 2326 phisicos
860 2265 932 2308 non
954 2247 1098 2317 habere,
1136 2251 1172 2309 et
1195 2249 1270 2309 vita
1293 2248 1462 2309 diuturna
1493 2251 1602 2327 atque
1625 2266 1714 2309 sana
1737 2248 1790 2308 vi·

454 2367 546 2435 gere.
571 2353 708 2416 Rustici
724 2356 837 2416 nostri
861 2358 897 2416 et
918 2355 1031 2415 eciam
1052 2354 1186 2434 ubique
1202 2374 1224 2416 a
1241 2356 1371 2434 regulis
1389 2356 1610 2417 medicorum
1625 2353 1789 2416 forenses

455 2462 685 2541 paucioribus
708 2462 842 2524 morbis
867 2452 880 2543 l:
906 2461 1111 2523 subduntur
1135 2480 1242 2541 quam
1267 2463 1388 2524 ceteri.
1421 2460 1612 2542 Bragmani
1635 2462 1682 2522 ad
1706 2459 1789 2522 Ale·

454 2569 630 2630 xandrum
653 2566 896 2648 scripserunt³
919 2586 958 2630 se
973 2569 1133 2630 medicos
1157 2588 1228 2631 non
1244 2568 1387 2638 habere,
1413 2588 1529 2648 neque
1550 2569 1603 2630 uti
1627 2568 1787 2639 medelis,

455 2677 584 2755 quibus
608 2676 686 2737 sola
709 2676 926 2755 parsimonia
950 2677 1095 2738 morbos
1119 2694 1222 2737 raros
1246 2680 1349 2738 curat
1372 2676 1531 2755 illapsos,
1555 2679 1590 2737 et
1612 2694 1634 2736 a
1657 2674 1788 2736 tuturis

454 2785 651 2862 preservat.
689 2780 763 2862 Ego
787 2785 877 2863 puto
898 2782 1019 2861 plures
1051 2784 1141 2845 mori
1166 2775 1179 2866 ΙΙ
1205 2786 1267 2844 aut
1300 2784 1337 2844 in
1361 2783 1620 2863 egritudinibus
1644 2782 1787 2862 prolon-

455 2890 530 2969 gari
564 2891 631 2951 sub
666 2890 850 2971 pedagogo
873 2886 1239 2970 Amphorisinorum⁵‚
1279 2908 1387 2969 quam
1417 2891 1595 2952 veraciter
1629 2889 1786 2959 liberari,

456 3016 535 3057 cum
560 2998 795 3059 communiter
830 2997 902 3058 sint
924 2998 1035 3077 magis
1070 2998 1149 3058 sani
1182 3000 1217 3058 et
1241 2997 1391 3058 medelis
1426 2998 1648 3059 abstinentes
1679 3014 1788 3075 qnam

455 3104 582 3165 crebro
605 3104 693 3184 ipsis
717 3105 867 3165 utentes.
906 3101 1074 3165 Profecto
1099 3104 1282 3184 principes
1304 3107 1402 3166 terre
1425 3107 1499 3166 tam
1534 3104 1656 3165 clerici
1679 3121 1789 3182 qnam

454 3210 556 3291 layci,
584 3210 713 3289 quibus
735 3211 866 3273 medici
889 3210 1135 3272 indesinenter
1157 3211 1354 3281 assistunt,¹
1370 3212 1519 3272 multam
1543 3211 1716 3273 caniciem
1739 3210 1788 3289 ig·

454 3335 583 3378 norare
617 3317 797 3397 contingit,
837 3320 874 3379 et
906 3318 1096 3397 peregrina
1134 3318 1308 3396 sospitate
1331 3318 1446 3380 letari.
1485 3317 1665 3380 Fortassis
1694 3318 1788 3377 enim

453 3442 573 3486 rerum
596 3426 744 3486 auctore
781 3425 983 3505 perspicaci
1016 3428 1052 3486 et
1075 3443 1165 3486 sano
1189 3426 1377 3503 permissu,
1412 3425 1540 3488 horum
1566 3425 1662 3487 oculi
1682 3422 1788 3486 lasci·

452 3535 592 3603 nantur‚
618 3535 657 3593 ut
681 3532 742 3611 qui
757 3532 920 3610 pluribus
945 3528 1075 3594 obs'unt
1099 3534 1135 3592 et
1152 3532 1285 3594 debent
1307 3533 1481 3612 prodesse
1491 3534 1638 3594 brevius
1652 3533 1787 3593 vivant.

441 3636 526 3699 Sed
550 3641 636 3711 esto,
661 3639 741 3717 quis
764 3639 980 3700 contendere
1002 3638 1090 3700 velit
1114 3639 1266 3700 istorum
1289 3640 1461 3719 periciam
1489 3640 1642 3701 humano
1666 3639 1789 3718 generi

451 3746 601 3807 multum
635 3744 714 3807 iore
737 3747 918 3808 salubrem
942 3764 1013 3825 quo
1037 3745 1088 3806 ad
1110 3746 1287 3807 theoriam
1312 3749 1349 3808 et
1370 3748 1520 3825 praxim,
1557 3749 1593 3809 et
1615 3766 1681 3809 nos
1706 3765 1789 3808 con·

452 3853 608 3914 tencioni
633 3853 812 3925 cedamus,
839 3854 1007 3914 studeant
1030 3854 1251 3914 medicinam
1275 3854 1499 3933 corporalem
1522 3858 1605 3934 post
1619 3854 1789 3934 spiritua·

441 3960 530 4025 lem,
555 3960 616 4039 qui
641 3960 753 4021 futuri
776 3964 859 4022 sunt
882 3961 1022 4022 medici.
1048 3958 1185 4040 Legant
1202 3959 1251 4020 hii
1268 3980 1338 4040 que
1361 3960 1442 4024 huic
1459 3962 1560 4041 operi
1583 3965 1667 4023 sunt
1682 3981 1787 4042 opor·

452 4069 547 4137 tuna,
573 4070 613 4128 ut
635 4068 729 4129 bene
752 4068 916 4129 noverint
939 4067 1009 4139 illa,
1028 4070 1158 4163 cetera
1177 4069 1323 4132 veritati
1338 4070 1521 4131 contraria
1545 4070 1787 4131 obmittentes.

451 4397 481 4447 et
499 4394 678 4447 colandi-ae.
700 4393 787 4447 Cette
804 4394 935 4462 legende
954 4408 971 4445 a
991 4394 1076 4447 servi
1101 4396 1184 4447 aussi
1209 4394 1248 4447 de
1268 4395 1371 4449 theme
1386 4395 1646 4463 iconographiqne
1664 4411 1726 4448 anx
1738 4412 1787 4448 ar·

451 4484 538 4536 tistes
564 4483 607 4537 du
631 4482 747 4553 Moyen
759 4482 832 4551 Age,
857 4498 936 4550 pour
961 4484 992 4536 la
1017 4484 1267 4550 representation
1292 4484 1487 4553 symbolique
1518 4485 1558 4537 de
1587 4483 1787 4537 l'Ascension

452 4572 496 4626 cl.
514 4572 576 4625 EM.
595 4573 698 4637 MALE,
718 4573 815 4626 L'Art
833 4573 975 4641 religieux
992 4576 1033 4625 du
1052 4574 1142 4625 me
1160 4570 1256 4627 Ste'cle
1274 4589 1311 4626 en
1329 4574 1458 4637 Franco,
1482 4574 1582 4641 grand
1599 4574 1671 4637 in-tl,
1689 4574 1788 4637 Paris,

452 4662 530 4725 1902,
549 4677 578 4729 p.
599 4662 642 4715 59.

560 4750 580 4815 ¹)
599 4752 683 4805 Ponr
702 4753 886 4819 chirurglcts.

560 4837 581 4905 ²)
600 4841 702 4894 Eccle.
723 4840 759 4904 Χ,
779 4840 820 4893 19.

560 4928 580 4996 ³)
599 4930 643 4983 Cf.
663 4931 777 4983 Psalm.
796 4929 956 4994 XXXVIII,
975 4931 1001 4982 2.

558 5017 579 5084 ⁴)
600 5019 659 5073 Sur
677 5020 723 5071 les
736 5034 852 5071 moenrs
871 5019 927 5072 des
938 5019 1131 5072 Brahmanes
1150 5020 1181 5072 et
1199 5022 1249 5073 les
1267 5020 1418 5075 relations
1437 5020 1528 5087 qu'on
1547 5019 1631 5072 avait
1649 5034 1705 5072 sur
1717 5032 1787 5084 eux,

451 5110 520 5163 voir
531 5110 562 5162 le
576 5109 667 5162 truite
680 5109 706 5161 si
721 5109 849 5162 curieux
866 5110 912 5160 De
932 5109 1073 5161 Moribus
1091 5110 1363 5173 Brachmanorum,
1384 5110 1437 5177 qni
1447 5108 1494 5163 int
1511 5110 1685 5177 longtemps
1700 5108 1788 5161 attri-

450 5199 511 5252 bue
530 5198 548 5251 a
567 5197 598 5251 S.
619 5198 791 5250 Austorsn.
810 5196 846 5249 In
867 5196 958 5264 oper.
976 5197 1082 5250 Amor.
1101 5200 1122 5250 t.
1141 5198 1190 5260 Ν,
1209 5199 1265 5252 col.
1285 5199 1447 5252 1167-1184.

559 5284 580 5352 ⁶)
601 5287 680 5341 Sans
699 5288 791 5341 doute
811 5301 890 5354 pour
909 5288 1173 5353 Amphrtslorum:
1190 5288 1237 5341 les
1255 5288 1401 5355 disciples
1420 5288 1606 5355 d’Apollon?
