4300 6117
466 836 532 900 328
966 846 1126 901 LUCULA
1148 844 1289 899 NOCTIS

466 1070 505 1129 in
528 1081 637 1150 regno
661 1070 778 1132 anime
802 1071 904 1149 quasi
929 1070 1059 1149 regina,
1093 1070 1177 1149 quia
1200 1069 1363 1149 imperat,
1387 1071 1503 1132 libera
1527 1088 1675 1132 manens
1686 1068 1706 1143 ¹,
1731 1088 1802 1131 nou

466 1177 535 1238 nisi
559 1180 680 1239 tamen
702 1179 749 1239 ab
773 1178 956 1239 intellectu
983 1178 1205 1250 «basileon»,
1236 1178 1272 1238 in
1289 1178 1415 1239 eodem
1430 1179 1595 1257 primitus
1612 1178 1800 1239 illustrata.

466 1282 572 1345 Hunc
596 1285 627 1345 si
649 1286 820 1364 sequitur,
846 1303 1027 1364 nunquam
1051 1286 1170 1357 errat;
1210 1284 1288 1345 sine
1311 1303 1383 1364 quo
1405 1297 1566 1364 pergens,
1600 1284 1802 1364 prolabitur

465 1392 504 1451 in
528 1392 720 1471 obliquum.
760 1392 944 1453 Audacter
968 1392 1089 1453 dicam
1114 1391 1332 1453 intellectum
1359 1411 1540 1471 nunquam
1565 1410 1698 1464 errare,
1734 1392 1800 1452 nisi

469 1499 533 1559 ubi
555 1498 717 1578 sequitur
741 1499 970 1570 voluntatem,
995 1499 1057 1559 ubi
1082 1502 1166 1577 post
1187 1497 1302 1559 Evam
1325 1497 1452 1570 Adam,
1483 1518 1557 1560 non
1579 1501 1662 1579 post
1685 1498 1801 1559 Adam

466 1604 546 1666 Eva
569 1606 786 1685 pedissequa
808 1605 919 1667 vadit.
957 1604 1054 1667 Hinc
1080 1624 1163 1667 reor
1185 1607 1262 1667 tore
1285 1624 1373 1667 saue
1396 1606 1587 1668 dicendum
1616 1605 1801 1685 quodlibet

467 1713 602 1773 crimen
624 1714 762 1792 prolem
797 1732 999 1792 expuream‚
1040 1716 1077 1775 et
1100 1714 1268 1774 virtutem
1292 1714 1501 1792 legitimam
1541 1732 1624 1774 nam
1646 1713 1737 1774 illud
1759 1730 1801 1773 ex

470 1837 593 1881 errore
627 1806 753 1893 rivalis
778 1838 884 1899 quem
919 1820 980 1881 illa
1014 1820 1180 1900 petulans
1204 1821 1327 1882 volens
1362 1820 1516 1890 admisit.
1552 1821 1623 1882 ista
1645 1839 1732 1881 vero
1759 1837 1801 1880 ex

467 1928 567 2006 prius
592 1928 687 1989 iacto
711 1928 845 1988 semiue
868 1928 1009 2007 ingenui
1035 1928 1105 1988 viri
1127 1928 1251 2007 prodit
1274 1928 1455 2007 eleganter
1478 1928 1526 1989 ad
1549 1931 1741 1989 ortum...

420 2026 451 2088 2·
575 2032 634 2096 Sic
659 2035 809 2095 solvitur
831 2034 1065 2107 laberinlalis
1092 2053 1163 2113 quo
1187 2037 1234 2097 ab
1257 2035 1414 2114 antiquis
1429 2035 1675 2114 multipliciter
1690 2034 1800 2094 venti·

467 2142 551 2212 lata¹
577 2142 722 2220 quando
747 2142 812 2202 sub
837 2142 931 2203 iusto
953 2141 1073 2203 iudice
1089 2140 1166 2202 Deo
1189 2160 1293 2221 pena,
1318 2145 1425 2222 prout
1448 2142 1592 2203 videtur
1614 2143 1651 2202 in
1675 2141 1800 2221 priori·

467 2250 544 2321 bus,
570 2250 722 2309 duarum
746 2252 954 2310 naturarum
971 2249 1111 2311 duobus
1126 2250 1285 2330 peccatis
1302 2250 1443 2329 culpam
1458 2250 1650 2328 procedat:
1675 2251 1801 2309 neuter

468 2355 562 2417 enim
586 2355 632 2418 de
656 2356 791 2435 angelo,
816 2356 953 2435 loquor.
979 2359 1015 2417 et
1038 2356 1181 2417 homine
1204 2356 1358 2418 assensit
1380 2358 1505 2417 contra
1524 2354 1714 2416 Dominum
1738 2355 1799 2424 ire.

467 2464 536 2524 nisi
560 2464 743 2541 deceptus,
770 2482 849 2524 cum
873 2464 952 2543 ipsa
966 2463 1143 2533 voluntas,
1169 2464 1357 2525 criminum
1372 2466 1497 2536 mater,
1521 2464 1654 2524 bonum
1669 2462 1801 2523 habeat

468 2589 534 2650 pro
558 2571 699 2632 obiecto
723 2573 942 2650 apparenter
964 2570 1022 2631 vel
1045 2570 1269 2641 existenler²‚
1307 2572 1373 2632 sub
1397 2588 1468 2649 quo
1492 2568 1606 2631 fertur
1629 2570 1665 2630 in
1690 2569 1800 2648 quod·

466 2678 557 2739 libet
580 2678 788 2757 appetitum.
814 2676 852 2738 Si
868 2689 952 2756 ergo
967 2680 1074 2749 errat,
1101 2696 1205 2739 error
1229 2678 1371 2758 culpam
1390 2678 1563 2758 precedit.
1587 2675 1702 2739 Error
1715 2695 1800 2738 vero

468 2784 645 2846 diffinitur
668 2804 689 2845 a
713 2785 846 2845 sanctis
881 2803 975 2864 pena
999 2786 1152 2864 peccati.
1184 2788 1221 2846 et
1243 2786 1280 2846 in
1303 2789 1408 2865 parte
1441 2784 1643 2846 intellectus
1678 2784 1800 2845 locari.

467 2890 668 2953 Dicendum
691 2893 755 2964 est,
781 2892 878 2970 quod
902 2891 963 2953 illa
986 2893 1181 2953 scortatrix
1205 2911 1275 2953 non
1299 2892 1502 2971 expectavit
1524 2892 1579 2953 sui
1594 2892 1662 2952 viri
1683 2892 1803 2952 lumen

466 3000 601 3071 videre,
639 2999 703 3060 sed
728 2999 913 3060 cecuciens
942 2999 979 3059 in
1013 2999 1189 3078 parietem
1216 3018 1288 3060 non
1310 3000 1433 3061 volens
1456 2999 1603 3079 impegit
1625 2998 1730 3068 elata.
1767 3001 1802 3060 et

468 3108 546 3167 viro
581 3124 647 3167 suo
682 3124 827 3185 pomum
859 3106 1028 3167 furtivum
1064 3107 1227 3185 porrexit
1261 3105 1449 3169 edendum.
1487 3104 1592 3168 Unde
1615 3106 1801 3184 utriusque

469 3214 563 3275 oculi
586 3214 841 3293 magistraliter
863 3215 1057 3274 narrantur
1081 3214 1207 3292 aperti.
1238 3214 1452 3293 acquisitiva
1475 3214 1580 3275 simul
1603 3217 1639 3276 et
1661 3231 1801 3293 posses-

468 3322 554 3382 sive.
579 3318 639 3382 Sic
662 3320 760 3400 apud
780 3320 1015 3400 Augustinum
1041 3321 1155 3382 elacio
1179 3321 1334 3400 quedam
1357 3320 1503 3383 volitive
1526 3322 1648 3400 ipsius,
1662 3338 1802 3382 omnem

468 3428 573 3489 aliam
612 3428 754 3507 culpam
788 3428 997 3507 precedens,
1038 3446 1200 3489 errorem
1234 3429 1382 3500 induxit,
1421 3446 1551 3507 penam
1575 3427 1694 3507 culpa,
1731 3445 1802 3488 non

469 3535 611 3614 culpam
634 3536 900 3613 prevenientem
924 3532 1049 3614 pena’l
1077 3533 1181 3601 Hunc
1205 3536 1463 3597 nobilissimum
1480 3534 1709 3619 intellectum,
1731 3553 1802 3595 nou

467 3642 697 3713 voluntatem,
729 3659 796 3720 per
823 3643 923 3721 prius
959 3661 1031 3703 non
1056 3645 1227 3721 tempore,
1263 3642 1329 3704 sed
1352 3646 1490 3713 natura,
1525 3640 1688 3703 Verbum
1711 3645 1801 3704 eter-

468 3768 552 3810 num
576 3748 793 3810 intellectivo
817 3750 910 3820 actu,
951 3750 1154 3828 procedens
1178 3768 1201 3810 a
1222 3748 1341 3822 Patre,
1380 3750 1499 3811 lumen
1522 3749 1569 3811 de
1603 3749 1734 3810 lumine
1765 3750 1801 3810 in

467 3856 610 3917 bomine
647 3856 849 3917 nasciturus
886 3857 1090 3941 assumpsit,
1131 3857 1169 3918 id
1205 3857 1370 3936 apercius
1406 3856 1535 3918 ceteris
1564 3855 1800 3928 tradentibus,

466 3960 757 4042 Augustino*
792 3966 828 4024 et
861 3961 1211 4025 Sentenciarum
1247 3961 1502 4044 Magistro⁵.
1544 3962 1585 4024 Iu
1612 3962 1716 4024 huius
1740 3980 1801 4043 po·

466 4071 583 4133 tencie
617 4072 701 4132 actu
724 4068 869 4131 Veritas
904 4071 1021 4149 prima
1052 4071 1231 4150 presentis
1254 4071 1327 4132 vite
1350 4071 1489 4149 pariter
1511 4073 1547 4133 et
1570 4072 1698 4142 future.
1730 4089 1800 4132 uno

469 4179 667 4257 eodemque
691 4194 854 4238 sermone
878 4177 1143 4249 determinavit,
1179 4178 1340 4239 ultimam
1363 4175 1572 4239 felicitatem
1594 4179 1799 4251 consistere,

468 4284 591 4346 dicens
614 4286 651 4345 in
674 4285 892 4365 evangelista
916 4283 1136 4346 Iohanne:
1177 4283 1287 4346 «Hec
1311 4286 1405 4346 enim
1429 4287 1484 4346 est
1506 4285 1582 4346 vita
1605 4287 1739 4358 eterna,
1762 4288 1801 4346 ut

467 4480 680 4489 --—-————-

575 4660 594 4726 ¹)
615 4663 643 4716 S.
663 4662 743 4715 AUG.
762 4663 808 4713 De
827 4662 922 4714 libero
940 4662 1069 4715 arbitrio
1087 4662 1137 4726 111,
1157 4672 1198 4725 111,
1217 4663 1242 4716 8.
1261 4664 1314 4715 Ad
1330 4678 1410 4715 sens.
1429 4662 1464 4715 In
1486 4661 1576 4729 Oper.
1595 4664 1619 4724 1,
1641 4664 1718 4717 1275.

575 4749 595 4817 ²)
622 4750 666 4805 ef.
691 4750 794 4804 AmsT.
819 4751 855 4804 11.
874 4752 993 4817 Pity-stc.
1020 4767 1088 4818 cap.
1106 4762 1148 4814 111,
1175 4767 1206 4804 n.
1226 4752 1259 4815 33
1285 4752 1314 4805 S.
1332 4749 1438 4805 mont.
1465 4753 1536 4805 lect.
1554 4752 1589 4805 V.
1624 4751 1668 4805 Ct.
1687 4753 1716 4805 1⁸
1736 4753 1800 4805 11⁸0.

496 4841 598 4903 .vn1‚
617 4858 643 4894 a.
665 4842 688 4892 l.

466 4840 493 4913 Q
575 4928 595 4995 π)
613 4929 643 4982 8.
664 4930 745 4983 Aue.
767 4928 903 4994 Confess.
922 4931 943 4993 1,
963 4940 1014 4993 ΧΠ,
1034 4934 1064 4984 tn
1077 4929 1136 4995 sin.
1155 4932 1192 4983 In
1209 4930 1299 4999 Oper.
1317 4932 1340 4994 1,
1356 4931 1417 4985 670.

573 5017 595 5085 *Ι
614 5020 657 5071 ln.
677 5018 784 5073 Sermo
802 5019 998 5083 ccxxxvn,
1018 5023 1049 5073 tn
1067 5021 1174 5073 diebus
1191 5022 1302 5073 Pascit.
1319 5021 1345 5073 ln
1363 5021 1400 5073 In
1421 5019 1511 5087 Oper.
1529 5022 1580 5085 Ψ,
1599 5022 1680 5074 1124.

574 5104 595 5172 ὗ)
613 5108 698 5160 Mno.
717 5108 869 5161 surram.
888 5108 910 5173 Ι,
928 5108 967 5161 D.
986 5108 1037 5172 lx,
1056 5108 1090 5182 Q.
1109 5120 1128 5172 1,
1148 5110 1173 5162 1.
