4300 6117
453 864 519 927 428
958 874 1119 929 LUCULA
1143 873 1283 929 NOCTIS

453 1095 610 1159 famosos
640 1098 833 1178 scriptores
863 1098 1107 1160 subintrantes
1136 1099 1273 1160 senciat
1307 1099 1425 1170 silens,
1460 1099 1708 1161 dubitaciones
1740 1097 1789 1159 de

453 1204 597 1276 sanctis,
621 1222 734 1284 poes
745 1205 757 1266 i
768 1224 834 1267 am
857 1205 981 1284 utique
996 1205 1176 1268 illecebris
1190 1207 1344 1286 plenam,
1362 1224 1434 1267 non
1445 1205 1560 1267 solum
1575 1206 1786 1278 comicam,

454 1311 519 1372 sed
543 1311 656 1373 eciam
692 1329 800 1390 quam
833 1316 965 1374 vocant
998 1312 1221 1394 heroycam
1253 1312 1429 1393 dyabolus
1462 1313 1656 1384 adinvenit,
1670 1363 1675 1372 .
1691 1314 1788 1391 post·

453 1435 562 1496 quam
593 1419 732 1480 audivit
760 1417 911 1500 Moysen
939 1422 975 1481 et
991 1410 1005 1502 l!
1045 1417 1200 1482 Mariam
1226 1418 1379 1482 Domino
1408 1420 1580 1482 cecinisse
1608 1437 1753 1480 carmen
1766 1416 1786 1487 ¹,

453 1527 493 1586 ut
541 1544 685 1587 carmen
716 1527 911 1604 aliquando
947 1529 1137 1589 caneretur
1178 1527 1304 1599 eidem,
1340 1527 1499 1607 previdit
1536 1528 1660 1606 utique
1693 1525 1786 1604 quia,

453 1632 484 1692 si
507 1633 605 1693 nulla
627 1633 752 1712 poesia
774 1631 900 1695 fuisset
922 1633 1082 1706 honesta,
1106 1633 1285 1696 illecebris
1308 1635 1534 1697 auditoribus
1558 1633 1741 1696 caruisset.

402 1736 434 1798 9.
566 1738 744 1801 Paulatim
771 1741 873 1814 enim,
908 1743 944 1803 et
975 1760 1047 1803 non
1077 1744 1235 1821 repente,
1260 1741 1415 1803 hnmana
1447 1741 1620 1812 condicio,
1644 1739 1789 1802 inimica

455 1846 568 1918 malis,
593 1847 777 1908 seducitur
799 1848 848 1909 ad
871 1865 1094 1927 quecumque
1116 1847 1304 1911 inhonesta
1331 1849 1493 1928 profana.
1528 1847 1634 1932 Quod
1668 1849 1788 1908 autem

456 1953 571 2033 primo
617 1954 729 2016 divini
774 1957 810 2016 et
854 1955 998 2017 demum
1044 1955 1176 2018 ethnici
1221 1956 1416 2018 cecinerint
1461 1974 1630 2028 carmen,
1676 1955 1787 2033 patet,

454 2080 537 2122 cum
566 2060 770 2141 Ysopus‚
802 2063 939 2142 primus
973 2061 1177 2125 fabularum
1211 2064 1385 2135 inventor,
1421 2063 1566 2143 scripsit
1599 2079 1718 2142 prosa,
1752 2062 1790 2122 et

455 2173 617 2249 tempore
640 2168 810 2242 Iudicum‚
835 2170 939 2248 longe
960 2173 1044 2250 post
1065 2168 1226 2251 Moysen,
1267 2169 1506 2232 Homerus
1539 2173 1577 2232 et
1612 2169 1668 2231 sui
1700 2168 1790 2230 clari

454 2276 674 2339 haberentur
707 2279 814 2356 poete
832 2276 853 2338 ².
900 2275 939 2337 Si
972 2276 1145 2338 Dominus
1176 2277 1283 2350 Deus,
1323 2279 1485 2356 quamvis
1509 2278 1576 2339 sub
1601 2279 1785 2358 enigmate,

454 2402 607 2463 namque
621 2402 660 2446 se
683 2384 809 2446 hostiis
831 2386 869 2446 et
883 2384 1071 2446 sacrificiis
1087 2384 1210 2446 docuit
1225 2385 1303 2457 coli,
1318 2383 1423 2447 affuit
1437 2388 1473 2446 et
1489 2382 1635 2458 Sathan,
1660 2383 1788 2446 similia

455 2503 646 2572 suggerens
669 2491 813 2553 mundo.
837 2489 930 2553 Hinc
953 2490 1036 2553 libri
1060 2491 1245 2572 gentilium
1275 2494 1359 2554 sunt
1391 2492 1508 2554 hebrii
1529 2491 1786 2572 pulvinaribus,

456 2599 755 2679 processionibus,
787 2599 938 2671 coronis,
967 2598 1103 2670 hostiis,
1137 2598 1408 2679 placacionibus
1439 2599 1662 2679 inspectione
1692 2617 1787 2660 esca·

455 2725 544 2777 rum,
569 2705 711 2785 templis
733 2705 793 2767 vel
814 2706 984 2777 delubris,
1011 2705 1125 2778 thure,
1152 2706 1358 2787 virginibus,
1376 2705 1590 2779 flaminibus,
1613 2709 1650 2768 et
1671 2707 1787 2768 huius·

455 2813 552 2875 modi
585 2812 900 2874 obsecracionibus
930 2813 1088 2886 infinitis,
1117 2815 1154 2874 in
1191 2814 1322 2893 quibus
1352 2814 1577 2894 specietenus
1611 2814 1788 2894 prevaluit

455 2921 601 2983 nimium
632 2921 822 2982 demonum
850 2921 975 2981 cultus.
1022 2918 1136 2994 Unde,
1179 2921 1226 2982 de
1261 2921 1390 2983 ritibus
1421 2920 1573 2983 hominis
1606 2921 1705 2984 circa
1730 2939 1787 2984 ve·

455 3029 684 3090 neracionem
705 3028 888 3088 numinum
911 3027 1150 3107 interrogatus
1174 3027 1326 3108 Appolo,
1351 3028 1538 3108 respondit
1566 3026 1643 3090 Deo
1679 3030 1788 3110 magis

455 3137 601 3217 placere
624 3133 804 3196 sacrificia
827 3133 1035 3196 Grecorum.
1083 3133 1199 3196 Credo
1223 3153 1267 3196 ex
1289 3153 1332 3197 eo
1356 3135 1454 3213 quod
1482 3136 1592 3197 ceteri
1619 3135 1787 3207 illiterati,

455 3243 508 3304 illi
529 3261 616 3304 vero
639 3242 860 3321 putabantur
883 3242 1046 3303 scientes.
1094 3241 1180 3303 Ideo
1208 3242 1324 3303 minus
1358 3244 1531 3304 errabant
1564 3241 1690 3306 Grecis
1723 3241 1788 3306 Ro·

456 3351 562 3412 mani.
585 3348 725 3411 Demon
740 3357 844 3421 vero,
867 3348 917 3410 ad
938 3349 1076 3410 maiora
1099 3349 1194 3410 mala
1217 3367 1359 3429 semper
1382 3349 1578 3430 impellens,
1608 3349 1789 3414 deteriora

455 3459 523 3521 sub
547 3456 717 3536 religione
739 3456 896 3535 petebat,
920 3455 1006 3534 quia
1028 3454 1200 3518 Dominus
1225 3456 1415 3518 auxiliatus
1439 3458 1493 3519 est
1508 3475 1592 3519 suos
1607 3459 1708 3520 miris
1723 3459 1790 3521 viis

455 3569 492 3628 et
515 3582 663 3626 numero
687 3580 782 3642 sepe,
806 3564 855 3624 ad
877 3562 916 3623 id
934 3562 1168 3644 ‚effigiendum
1191 3582 1274 3626 suas
1298 3563 1480 3626 machinas
1503 3583 1626 3627 omnes
1649 3566 1788 3638 demon,

455 3675 505 3736 ad
527 3673 642 3734 instar
663 3671 828 3750 potencie
850 3669 1013 3742 Deitatis,
1037 3670 1161 3732 erexit.
1185 3668 1278 3732 Hinc
1301 3672 1396 3751 leges
1417 3669 1552 3734 factum
1587 3673 1644 3736 vel
1667 3674 1790 3736 fictum

456 3784 554 3843 terre
576 3778 715 3860 hyatus,
739 3775 897 3850 flumina,
921 3777 1071 3850 nimbos,
1096 3777 1221 3857 ignem,
1246 3778 1403 3849 fulmina,
1439 3779 1570 3852 sidera,
1595 3778 1788 3855 Castorem,

457 3886 649 3957 Pollucem,
674 3885 869 3964 pluresque
892 3884 983 3945 tales
1006 3882 1201 3946 infernales
1225 3885 1323 3957 deos,
1347 3904 1414 3965 pro
1447 3904 1487 3948 se
1520 3887 1720 3950 colentibus
1755 3890 1790 3950 in

456 3996 577 4057 hostes
600 4003 788 4073 pugnasse,
813 3992 849 4052 et
872 3991 1089 4069 quibusdam
1111 3990 1312 4053 hominibus
1334 3992 1372 4053 in
1387 3993 1516 4054 similia
1531 3994 1659 4056 miram
1672 3999 1790 4076 potes·

456 4105 568 4165 tatem
592 4100 746 4171 dedisse,
771 4098 855 4176 quia
878 4097 1056 4159 nonnullis
1079 4099 1158 4177 ipse
1180 4098 1277 4160 Deus
1300 4099 1524 4180 omnipotens
1534 4101 1685 4166 virtutes
1710 4122 1790 4165 con·

449 4209 579 4273 ›tulerit
615 4206 856 4269 admirandas.
896 4199 1023 4269 Testes
1048 4208 1130 4267 sunt
1153 4203 1307 4287 Moyses,
1332 4204 1518 4287 Sampson,
1542 4207 1671 4282 David,
1694 4209 1790 4272 Heli·

456 4335 551 4389 zeus,
576 4333 657 4378 cum
679 4313 820 4387 multis3
846 4316 890 4386 et,
914 4315 954 4374 ut
978 4313 1024 4375 de
1047 4313 1176 4375 ceteris
1200 4311 1406 4375 infidelibus
1430 4333 1469 4376 se
1484 4313 1542 4377 hic
1558 4314 1790 4380 offerentibus

457 4425 591 4496 sileam,
616 4422 661 4483 de
685 4419 818 4483 femina
842 4421 999 4499 quadam
1020 4418 1272 4482 Mantuani
1294 4439 1419 4482 versus
1443 4422 1492 4483 ad
1514 4424 1722 4486 memoriam
1737 4444 1791 4487 re·

457 4532 561 4604 duco,
586 4528 771 4593 canentis:

459 4764 672 4773 ——--——

564 4968 585 5034 ¹)
604 4969 649 5023 Cf.
674 4971 772 5022 Exod.
790 4967 853 5032 XV,
872 4970 904 5030 13
928 4967 957 5020 S.
975 4967 1051 5021 Luc,
1070 4967 1093 5030 1,
1110 4967 1154 5020 46.

565 5057 585 5124 ⁷)
607 5057 666 5113 Sur
686 5060 768 5112 cette
785 5057 915 5125 priorite'
932 5058 973 5110 de
988 5056 1097 5126 Moyse
1116 5071 1170 5110 sur
1187 5057 1234 5109 les
1251 5057 1404 5124 premiers
1426 5056 1589 5122 ecrivains,
1609 5056 1647 5111 cf.
1666 5057 1698 5112 S.
1713 5057 1794 5113 Aue.

457 5151 504 5202 De
526 5149 611 5202 Civtt.
631 5151 698 5211 Det,
716 5147 824 5210 XVIII,
841 5156 962 5211 mvn,
981 5155 1090 5198 xxm.
