4300 6117
840 973 1029 1027 IOHANNIS
1052 973 1234 1027 DOMINICI
1662 965 1704 1026 21

371 1196 536 1267 tenciam,
561 1213 670 1274 quam
693 1196 731 1257 id
755 1195 945 1269 senece,
970 1196 1187 1276 epistola
1211 1195 1270 1258 83:
1298 1192 1417 1258 «Tunc
1434 1196 1571 1257 animus
1588 1200 1711 1259 noster

375 1300 532 1373 habebit,
558 1302 656 1381 quod
679 1304 877 1383 gratuletur
899 1303 978 1376 sibi,
1004 1323 1083 1366 cum
1108 1304 1256 1365 emissus
1280 1303 1348 1365 hiis
1372 1304 1541 1373 tenebris,
1572 1304 1609 1363 in
1633 1304 1709 1383 qui·

373 1409 441 1469 bus
466 1410 682 1489 voluptatur,
707 1429 778 1471 non
802 1411 899 1472 tenui
914 1411 994 1471 visu
1018 1412 1117 1472 clara
1136 1411 1370 1491 prospexerit,
1396 1411 1461 1472 sed
1477 1413 1590 1471 totum
1615 1411 1709 1472 diem

375 1516 573 1584 admiserit,
599 1519 634 1578 et
657 1517 820 1579 redditus
838 1518 914 1579 celo
938 1536 1003 1579 suo
1019 1518 1136 1589 inerit,
1162 1536 1242 1579 cum
1257 1517 1434 1597 receperit
1449 1517 1576 1589 locum,
1603 1536 1708 1595 quem

372 1623 566 1702 occupavit
589 1627 686 1685 sorte
709 1626 892 1686 nascendi.
918 1623 1070 1686 Sursum
1093 1625 1192 1685 illum
1215 1627 1346 1687 vocant
1370 1625 1476 1685 inicia
1500 1644 1564 1685 sua
1583 1623 1631 1685 »¹.

483 1729 542 1791 Ad
578 1729 787 1793 Ciceronem
820 1731 883 1793 De
922 1730 1189 1794 Senectute
1223 1730 1461 1793 scribentem²
1504 1734 1539 1793 et
1580 1731 1709 1792 multos
1726 1730 1778 1793 14.

376 1837 467 1897 alios
491 1838 604 1908 mitto,
640 1840 702 1916 qui
725 1839 849 1901 volunt
885 1839 988 1901 huius
1023 1838 1076 1899 rei
1100 1840 1328 1917 antiquorum
1352 1838 1563 1918 oppiniones
1585 1838 1711 1899 videre

374 1941 533 2005 futuram
556 1944 668 2006 vitam
695 1946 966 2024 animarumque
1001 1946 1314 2007 immortalitatem.
1356 1944 1478 2007 Omnis
1502 1964 1637 2006 summe
1660 1943 1710 2005 te-

376 2050 522 2112 licitatis
559 2052 748 2131 inquisicio
784 2052 880 2114 circa
914 2071 1023 2131 quam
1058 2052 1202 2113 maximi
1224 2053 1294 2113 viri
1327 2052 1466 2131 generis
1501 2051 1604 2112 huius
1636 2054 1710 2112 tam

374 2168 545 2236 generose
569 2176 677 2237 quam
692 2160 874 2221 fructuose
899 2162 934 2220 et
955 2160 1096 2221 curiose
1112 2162 1312 2232 versantur,
1337 2159 1446 2221 talem
1462 2159 1560 2219 illam
1576 2157 1708 2219 diffini-

374 2268 485 2337 entes,
510 2266 626 2344 qualis
650 2267 686 2326 in
709 2265 776 2328 hac
799 2267 875 2328 vita
898 2267 1040 2327 mortali
1064 2266 1193 2327 haberi
1217 2285 1288 2327 non
1311 2268 1439 2347 potest,
1463 2266 1603 2344 plenius
1626 2283 1709 2344 pro-

374 2372 562 2433 testantur.
601 2373 759 2434 Auctore
783 2374 876 2434 enim
899 2372 1094 2444 Aristotile,
1126 2374 1221 2435 libro
1244 2372 1308 2434 De
1331 2371 1708 2452 Vegetabilibus

375 2480 418 2539 et
441 2477 651 2553 Plantis,
677 2481 746 2541 tria
770 2482 861 2550 sunt,
886 2483 926 2541 ut
949 2481 1000 2542 ait
1020 2479 1267 2560 Empedocles,
1293 2481 1328 2540 in
1352 2482 1428 2541 tota
1452 2498 1571 2540 rerum
1594 2478 1708 2539 varie·

375 2588 451 2647 tate
484 2587 677 2666 precipua:
717 2588 845 2648 nobilis
880 2587 1072 2650 affluencie
1108 2590 1342 2668 contemptus,
1381 2588 1501 2647 future
1528 2586 1708 2647 felicitatis

376 2694 568 2772 appetitus,
609 2696 645 2755 et
667 2695 795 2755 mentis
819 2695 1032 2769 illustracio;
1065 2713 1217 2773 quorum
1239 2695 1355 2774 primo
1383 2693 1491 2755 nichil
1513 2692 1706 2761 honestius,

372 2800 532 2861 secundo
569 2800 677 2862 nichil
714 2802 862 2875 felicius,
899 2803 1012 2863 tercio
1041 2802 1091 2863 ad
1129 2802 1314 2863 amborum
1349 2801 1565 2880 adepciones
1601 2798 1708 2860 nichil

377 2906 561 2968 efficacius
574 2906 595 2967 ³.
638 2898 656 2990 {l
697 2907 880 2988 Proponat
914 2909 971 2970 hic
1006 2927 1072 2989 pro
1106 2910 1234 2970 ceteris
1268 2928 1357 2969 unus
1394 2909 1506 2969 verba
1534 2906 1706 2977 veritatis,

376 3016 411 3074 et
447 3011 631 3076 Seneca
671 3015 778 3087 dicat,
817 3017 879 3094 qui
917 3016 1067 3077 aliorum
1106 3016 1306 3077 sentencias
1341 3016 1478 3094 redegit
1515 3015 1552 3074 in
1589 3031 1707 3074 unum.

372 3117 600 3200 Epistola
625 3120 817 3195 enim102,
856 3123 949 3184 inter
972 3124 1084 3184 multa
1107 3123 1159 3183 sic
1183 3123 1249 3183 ait:
1283 3117 1401 3181 «Tam
1425 3123 1533 3192 disce,
1561 3119 1707 3191 Lucille,

382 3244 491 3306 quam
514 3229 680 3290 naturale
702 3230 801 3291 sitin
823 3230 1033 3291 immensum
1048 3234 1204 3291 mentem
1227 3247 1328 3290 suam
1345 3228 1553 3290 extendere!
1578 3225 1710 3305 Magna

377 3336 413 3395 et
436 3347 610 3414 generosa
634 3354 692 3397 res
717 3340 771 3398 est
794 3336 968 3398 humanus
993 3338 1147 3397 animus:
1182 3337 1298 3398 nullos
1322 3336 1390 3397 sibi
1417 3336 1501 3415 poni
1525 3335 1592 3396 nisi
1616 3351 1709 3394 com·

377 3460 503 3501 munes
528 3461 608 3503 cum
631 3441 708 3504 Deo
732 3445 902 3505 terminos
925 3445 1070 3523 patitur.
1100 3442 1267 3512 Primum,
1292 3461 1363 3503 non
1387 3441 1555 3502 humilem
1577 3440 1709 3519 accipit

373 3549 539 3626 patriam,
565 3568 636 3610 non
657 3548 850 3627 Ephesum,
874 3570 945 3612 non
968 3550 1233 3620 Alexandriam,
1259 3552 1322 3610 aut
1345 3549 1375 3609 si
1400 3548 1498 3627 qnod
1516 3549 1708 3608 etiamnum

375 3652 603 3733 frequencius
618 3657 754 3730 incolis,
775 3659 885 3719 lecius
902 3658 1006 3719 tectis
1022 3658 1173 3718 solum».
1193 3654 1416 3735 -Sequitur
1432 3656 1580 3717 deinde:
1600 3651 1708 3713 «Cum

374 3763 512 3823 venerit
550 3763 626 3824 dies
658 3764 728 3834 ille,
769 3765 830 3842 qui
865 3766 1013 3825 mixtum
1046 3763 1113 3824 hoc
1137 3763 1248 3824 divini
1284 3762 1500 3841 humanique
1533 3763 1705 3831 secernat,

374 3869 451 3940 hoc,
478 3870 539 3931 ubi
563 3872 719 3933 venerit:
744 3872 822 3950 ipse
844 3890 901 3932 me
925 3872 994 3932 diis
1017 3871 1178 3933 reddam.
1211 3869 1284 3931 Nec
1308 3888 1401 3931 nunc
1425 3869 1501 3930 sine
1524 3868 1593 3929 illis
1618 3886 1705 3939 sum,

373 3977 440 4038 sed
462 3978 562 4056 gravi
587 3980 682 4038 terre
715 3979 808 4040 mole
832 3979 1005 4040 detineor.
1044 3976 1115 4039 Per
1137 3977 1202 4038 has
1226 3976 1386 4038 mortalis
1409 3976 1467 4037 evi
1490 3993 1619 4045 moras,
1655 3973 1708 4033 illi

376 4084 514 4144 meliori
538 4084 611 4145 vite
635 4085 855 4164 longiorique
879 4085 1099 4163 preluditur.
1118 4105 1184 4145 ..»
1212 4116 1253 4124 —
1278 4082 1325 4145 Et
1348 4084 1451 4161 post:
1479 4080 1706 4159 «Aliquando

374 4190 438 4250 tibi
463 4188 621 4251 archana
645 4192 865 4271 detegentur,
895 4192 1184 4269 discucieturque
1216 4191 1287 4251 ista
1310 4179 1329 4272 ΙΙ
1354 4190 1477 4268 caligo,
1502 4190 1538 4250 et
1561 4188 1621 4248 lux
1644 4205 1706 4247 un·

374 4296 484 4375 dique
508 4298 607 4358 clara
629 4299 822 4376 percuciet.
855 4297 1072 4377 Ymaginare
1096 4300 1224 4370 tecum,
1250 4298 1403 4375 quantus
1427 4296 1486 4356 ille
1511 4296 1557 4356 sit
1581 4294 1705 4372 fulgor,

373 4405 428 4464 tot
451 4404 642 4484 syderibus
665 4406 759 4466 inter
782 4423 820 4466 se
843 4405 962 4466 lumen
984 4405 1226 4465 miscentibus.
1261 4402 1367 4464 Nulla
1391 4420 1555 4463 serenum
1579 4401 1708 4462 umbra

372 4510 552 4583 turbabit;
579 4512 755 4590 equaliter
777 4512 981 4591 splendebit
1004 4531 1108 4573 omne
1133 4511 1198 4572 celi
1222 4512 1332 4583 latus;
1358 4509 1435 4570 dies
1459 4511 1495 4570 et
1520 4527 1590 4569 nox
1612 4506 1706 4567 aeris

373 4617 487 4678 intimi
513 4618 714 4679 cessabunt.
760 4614 861 4679 Tunc
883 4620 921 4680 in
944 4619 1103 4680 tenebris
1125 4618 1257 4679 vixisse
1279 4619 1315 4678 te
1340 4616 1448 4687 dices,
1490 4634 1570 4677 curn
1595 4616 1707 4676 totam

370 4863 585 4872 -—-———

480 5063 501 5131 ¹)
521 5065 631 5118 smne.
659 5066 758 5133 Epist.
783 5065 914 5117 Lxxm
935 5066 976 5117 12.

480 5152 501 5218 ¹)
520 5154 565 5207 ci.
587 5155 649 5208 Cle.
668 5157 715 5208 De
734 5154 850 5207 Senect.
868 5153 946 5206 xxl.

481 5241 624 5308 ³)AR18T.
648 5246 695 5297 De
719 5246 815 5312 Veget.
834 5247 865 5296 et
882 5244 981 5296 Plant.
999 5243 1050 5295 lib.
1069 5243 1095 5305 1,
1113 5258 1178 5309 cap.
1197 5252 1215 5293 Ι.
