4300 6117
472 880 536 944 176
971 898 1130 953 LUCULA
1152 897 1292 953 NOCTIS

470 1115 567 1192 quod
589 1117 713 1179 melius
737 1118 806 1180 sibi
830 1138 909 1181 esse
931 1121 1085 1191 videtur,
1122 1124 1161 1183 ut
1195 1121 1398 1201 philosophi
1431 1123 1668 1203 peripatetici,
1694 1123 1801 1185 acha·

469 1220 608 1294 demici,
637 1225 770 1303 epicuri
794 1228 830 1287 et
850 1228 978 1288 stoici.
997 1274 1003 1289 .
1021 1250 1035 1283 ›
1052 1226 1072 1289 ¹.

423 1324 453 1385 6.
580 1327 610 1390 O
634 1332 768 1392 utinam
791 1334 903 1394 nostri
927 1353 1079 1413 quoque,
1116 1336 1178 1414 qui
1200 1335 1410 1416 dyalectica,
1435 1336 1583 1415 phisica,
1615 1337 1741 1416 poesia
1763 1340 1800 1399 et

468 1434 567 1497 fonte
589 1437 751 1500 redolent
766 1440 923 1512 tulliano,
947 1442 1137 1503 mixturam
1165 1460 1308 1521 quoque
1331 1461 1402 1504 non
1425 1443 1643 1506 confecerint
1663 1444 1800 1523 opinio·

469 1562 553 1603 num
568 1544 778 1606 multarum!
802 1544 893 1620 Scio,
914 1548 1148 1627 prochdolor!
1174 1548 1256 1611 Scio
1272 1568 1343 1628 que
1358 1551 1545 1628 proferant
1568 1552 1605 1612 in
1639 1552 1798 1622 secretis,

471 1649 557 1728 quid
580 1650 780 1729 loquantur,
806 1673 885 1715 cum
908 1656 1044 1717 arbiter
1067 1659 1257 1717 extraneus
1287 1675 1358 1718 non
1380 1661 1542 1736 apparet,
1568 1658 1724 1719 exterius
1746 1658 1799 1717 in·

472 1775 580 1835 quam
594 1761 608 1790 ²
630 1760 749 1821 multis
760 1760 780 1821 ².
819 1759 903 1823 Solo
926 1763 1067 1823 nomine
1101 1765 1221 1824 tamen
1243 1763 1338 1842 viget
1362 1764 1485 1844 religio
1508 1763 1627 1844 Xpisti
1650 1765 1687 1825 in
1712 1783 1798 1844 quo·

473 1883 551 1925 rum
567 1857 581 1947 ΙΙ
598 1867 775 1928 mentibus
797 1887 868 1929 non
883 1871 939 1930 est
952 1867 1101 1948 Xpistus
1125 1889 1190 1949 per
1204 1869 1323 1941 fidem,
1349 1874 1385 1932 et
1407 1890 1474 1950 per
1496 1872 1653 1951 graciam
1669 1872 1797 1933 minus.

471 1970 547 2031 Iam
568 1973 734 2051 equidem
754 1993 825 2035 non
841 1976 1010 2056 contingit
1024 1977 1150 2038 videre
1173 1978 1329 2056 aliquem
1351 1979 1389 2038 in
1404 1979 1567 2040 amicicia
1582 1974 1796 2047 Tullianum,

470 2080 640 2140 moralem
662 2081 699 2141 in
723 2080 867 2154 Seneca,
893 2101 973 2143 cum
996 2082 1153 2162 Epicuro
1176 2083 1297 2146 herbis
1322 2088 1536 2156 contentum,
1567 2086 1691 2147 mundi
1716 2103 1797 2147 con-

468 2188 679 2265 temptorem
702 2206 782 2249 cum
804 2188 981 2270 Dyogene,
1006 2209 1087 2251 cum
1107 2191 1292 2252 Aristotile
1315 2192 1483 2254 solertem
1506 2193 1795 2263 raciocinantem,

467 2293 667 2374 theologum
690 2313 769 2356 cum
792 2295 950 2368 Platone,
986 2315 1066 2358 cum
1089 2296 1231 2359 Zenone
1264 2302 1498 2371 constantem,
1534 2299 1645 2361 letum
1671 2300 1710 2360 in
1733 2300 1795 2360 ad·

464 2401 579 2462 versis
615 2420 696 2463 cum
718 2400 875 2475 Socrate,
917 2423 996 2465 cum
1021 2402 1156 2465 Catone
1180 2409 1437 2485 expectantem
1472 2408 1642 2469 alacriter
1676 2406 1796 2468 dulce-

466 2506 585 2569 dinem
618 2509 752 2580 mortiS,
789 2528 905 2589 neque
939 2529 1019 2571 cum
1041 2510 1170 2590 Xpisto
1207 2513 1323 2573 virum
1354 2514 1396 2573 in
1420 2513 1557 2575 cunctis
1585 2512 1795 2592 perfectum.

466 2613 539 2677 Sed
570 2617 688 2677 omnia
724 2617 872 2678 contusa
906 2618 942 2679 in
967 2618 1150 2696 quoddam
1184 2620 1312 2680 falsum
1339 2621 1618 2682 vetustissimum
1654 2621 1795 2682 rediere

466 2722 584 2794 cahos,
609 2723 640 2783 si
656 2726 775 2784 tamen
797 2726 891 2786 bona
907 2728 1100 2803 supersunt
1114 2726 1245 2804 aliqua,
1270 2727 1477 2805 patentibus
1497 2728 1600 2788 malis
1618 2728 1793 2788 admixta!

465 2828 591 2890 Audeo
615 2829 736 2891 dicere
759 2832 876 2892 omnia
899 2831 965 2893 hec
989 2821 1004 2913 ΙΙ
1030 2833 1226 2894 accessisse
1250 2852 1293 2894 ex
1317 2833 1554 2896 immoderato
1570 2835 1724 2896 sciencie
1741 2853 1794 2895 se·

394 2972 398 2980 ι
466 2935 596 2997 cularis
620 2937 760 2998 ardore.
785 2932 876 2999 Tum
900 2939 1054 3017 quidem,
1081 2940 1165 3018 quia
1199 2941 1441 3002 convertibilis
1466 2941 1668 3003 intellectus
1696 2960 1794 3003 crea·

465 3047 522 3105 tus
546 3043 628 3105 talis
651 3042 815 3117 eflicitur,
841 3046 983 3124 qualem
1007 3046 1091 3107 sinit
1114 3066 1193 3108 esse
1216 3048 1442 3125 predicatum
1466 3049 1635 3110 eiusdem.
1660 3047 1794 3111 Volun-

464 3152 520 3211 tas
545 3170 834 3231 eorumquoque
867 3154 1003 3232 fragrat
1026 3172 1158 3226 amore,
1198 3172 1349 3232 quorum
1384 3156 1420 3215 in
1453 3155 1637 3217 intellectu
1671 3157 1793 3218 radios

464 3258 587 3327 sentit;
612 3262 687 3320 tum
711 3260 834 3331 eciam,
859 3262 945 3338 quia
968 3260 1179 3321 clericorum
1195 3260 1279 3332 vita,
1299 3262 1513 3323 secularium
1529 3263 1714 3333 directiva,
1733 3265 1793 3325 de·

463 3361 557 3436 iecit,
582 3384 625 3425 ex
641 3383 721 3443 quo,
746 3365 833 3428 fidei
848 3366 1077 3446 simplicitate
1092 3368 1226 3440 relicta,
1252 3370 1353 3429 vanis
1368 3370 1496 3430 litteris
1517 3388 1665 3448 operam
1681 3371 1792 3432 dedit.

461 3469 681 3533 Profitentur
704 3472 770 3533 hec
793 3491 864 3534 non
887 3474 1002 3535 solum
1026 3474 1169 3536 codices
1194 3473 1357 3537 fidelium
1380 3477 1591 3547 litterarum,
1618 3477 1683 3538 sed
1706 3496 1792 3556 quo·

463 3579 627 3639 rumdam
642 3580 894 3641 modernorum
913 3581 1142 3659 simplicitate
1165 3583 1374 3654 vivencium,
1400 3585 1463 3644 aut
1485 3584 1561 3645 sine
1584 3584 1793 3665 dyalecticis

461 3686 730 3762 predicancium
753 3689 890 3749 tructus
914 3688 1025 3766 aliqui
1048 3690 1257 3762 animarum,
1283 3690 1344 3767 qui
1368 3708 1438 3750 non
1460 3691 1623 3752 oriuntur
1646 3710 1690 3752 ex
1709 3692 1791 3753 doc-

462 3794 579 3853 torum
602 3793 755 3855 humane
778 3795 959 3874 sapiencie
982 3796 1113 3857 verbis.
1137 3795 1393 3876 Argumentum
1416 3797 1463 3858 ab
1494 3799 1719 3876 experiencia
1742 3799 1791 3860 lo·

462 3918 584 3961 corum
607 3901 798 3961 maximum
821 3904 918 3963 tenet
942 3905 978 3963 et
1000 3902 1346 3965 demonstracionem
1370 3908 1517 3983 generat
1534 3904 1745 3967 evidentem.

567 4226 712 4288 a)÷in.

567 4374 588 4439 ¹)
607 4376 730 4439 lsmon,
750 4378 924 4443 ibid.,V111,
943 4390 984 4442 111,
1004 4380 1028 4431 1.
1048 4380 1084 4431 ln
1105 4380 1194 4446 oper.
1214 4380 1264 4442 111,
1283 4380 1344 4433 296.

569 4462 589 4529 2)
607 4466 724 4534 Malgre'
742 4468 816 4530 tout,
835 4468 857 4519 il
875 4470 994 4520 semble
1012 4469 1085 4521 bien
1103 4485 1161 4536 par
1174 4485 1209 4522 ce
1222 4478 1351 4538 passage
1365 4472 1396 4523 et
1411 4487 1469 4538 par
1481 4474 1641 4539 beaucoup
1655 4474 1793 4528 d'autres

460 4555 503 4607 du
519 4556 620 4608 meme
638 4557 795 4609 caractere
813 4573 873 4622 que
891 4558 922 4608 le
940 4558 1021 4610 culte
1040 4559 1096 4611 des
1115 4559 1231 4623 lettres,
1258 4560 1454 4625 aFlorence,
1483 4562 1599 4615 n'allait
1627 4578 1691 4628 pas,
1720 4565 1793 4631 deja

461 4660 500 4696 au
526 4646 626 4710 temps
652 4645 692 4698 de
717 4646 876 4708 Dominici,
903 4662 975 4698 sans
1001 4648 1135 4713 quelque
1160 4648 1285 4701 licence.
1313 4650 1486 4711 D'ailleurs,
1511 4652 1614 4703 mieux
1640 4653 1792 4719 qu'aucun

460 4736 556 4796 autre,
574 4734 605 4785 le
622 4735 818 4800 predicateur
832 4735 938 4787 assidu
950 4738 990 4789 de
1002 4735 1360 4801 Santa-Maria-Novella,
1379 4740 1409 4791 le
1428 4739 1606 4806 proicsseur
1620 4741 1662 4793 du
1677 4741 1793 4807 Studio,

460 4823 490 4874 le
508 4822 688 4876 contesseur
705 4823 883 4892 infatigable
900 4826 1029 4891 ponvait
1048 4827 1114 4879 etre
1133 4828 1296 4894 renseigne'
1313 4842 1366 4880 sur
1384 4828 1430 4880 les
1450 4828 1541 4882 eiiets
1560 4830 1652 4883 d'une
1671 4833 1793 4885 culture

460 4913 514 4979 qut
531 4914 645 4965 n'avait
663 4928 720 4979 pas
739 4928 852 4966 encore
869 4915 995 4979 produit
1012 4914 1053 4966 de
1070 4917 1199 4981 rupture
1219 4916 1378 4983 complete.
1394 4917 1453 4970 Ces
1472 4920 1607 4985 plaintes
1627 4921 1667 4973 de
1687 4922 1792 4975 Domi·

459 5002 520 5053 nici
538 5004 609 5054 sont
626 5002 723 5055 l’echo
742 5003 782 5056 de
800 5002 997 5055 confidences
1017 5018 1123 5067 regnes
1142 5004 1277 5056 ailleurs.

1019 5201 1229 5212 ————
