4300 6117
630 1254 1006 1419 Lucum
1067 1256 1424 1416 Noctis

362 1564 709 1686 DOMINI
760 1563 1199 1688 IOHANNIS
1247 1565 1690 1689 DOMINICI

748 1850 1067 1930 clientulus
1098 1826 1134 1929 s'.
1165 1851 1305 1930 SIXTl

847 2304 1200 2459 [Prologus]

475 2665 620 2753 ‹[L]ux
643 2675 685 2734 in
708 2676 901 2736 tenebris
929 2675 1057 2746 lucet,
1088 2677 1129 2736 et
1156 2676 1333 2736 tenebre
1365 2692 1453 2736 eam
1482 2694 1562 2736 non
1590 2694 1692 2737 com·
1722 2681 1972 2745 Ι,1’1“’-Β1το

361 2788 733 2868 prehenderunt›t

468 2974 561 3036 Hinc
595 2975 711 3037 lucem
743 2975 893 3036 dixerim
927 2976 1118 3054 quemdam
1154 2976 1274 3036 divine
1301 2976 1476 3037 claritatis
1510 2977 1691 3049 influxum‚
1730 2985 1759 3047 1,

362 3078 410 3143 ad
433 3082 651 3143 cernendum
676 3082 924 3162 disponentem
947 3083 1150 3161 potenciam
1173 3082 1427 3144 intellectivam
1451 3085 1617 3153 creatam,
1648 3086 1694 3145 de

363 3206 443 3267 quo,
467 3207 534 3267 pro
558 3191 751 3249 statutam
774 3190 832 3250 vie
857 3208 965 3267 quam
987 3189 1113 3267 patrie,
1138 3188 1236 3249 illum
1253 3168 1469 3250 versiculum
1493 3191 1693 3268 capiamus:

366 3294 424 3355 ‹In
447 3295 580 3355 lumine
603 3297 663 3355 tuo
687 3295 888 3356 videbimus
911 3295 1049 3356 lumen»
1062 3295 1083 3355 ².
1116 3294 1196 3356 Non
1211 3298 1332 3356 tamen
1349 3297 1475 3357 eodem
1492 3296 1693 3375 splendore,

363 3400 419 3462 hic
452 3404 487 3462 et
511 3401 570 3472 ibi.
608 3403 703 3462 vires
735 3402 936 3463 intellectus
970 3402 1145 3462 illustrat:
1180 3405 1353 3480 quantum
1390 3403 1440 3464 ibi
1464 3421 1530 3481 per
1561 3422 1599 3464 se
1631 3404 1694 3464 im·

363 3509 518 3569 mediate
532 3526 640 3587 super
654 3508 907 3569 intellectivam
922 3511 1133 3580 transfusus,
1152 3527 1291 3569 omnem
1307 3509 1402 3570 illius
1428 3511 1666 3588 capacitatem
1680 3514 1694 3544 ²

364 3615 529 3676 terminat
541 3605 588 3675 'et
611 3615 783 3687 excludit;
807 3615 866 3676 hic
882 3634 977 3685 vero,
998 3616 1102 3693 quasi
1119 3614 1310 3696 dyaphana
1328 3594 1541 3714 egnilnatum
1558 3619 1593 3677 et
1609 3618 1695 3697 ligu-

363 3740 483 3783 rarum
512 3722 653 3783 delatus
677 3741 742 3801 per
766 3723 934 3783 abstrusa
957 3740 1108 3800 querere
1132 3723 1247 3793 docet,
1279 3723 1378 3784 ducit
1401 3724 1546 3801 pariter,
1579 3726 1615 3785 et
1643 3725 1694 3784 in·

362 3829 451 3890 vitat
468 3829 516 3889 ad
533 3829 667 3890 alciora
683 3829 857 3890 scandere
872 3847 1022 3907 semper,
1049 3830 1164 3890 donec
1181 3830 1234 3889 vis
1251 3828 1312 3889 illa
1329 3830 1514 3908 percipiat,
1531 3829 1568 3890 in
1584 3849 1694 3909 quan·

364 3938 437 3997 tum
467 3937 596 4014 potest,
629 3936 916 4015 limpidissimum
948 3936 1069 4007 solem,
1111 3937 1207 3997 unde
1240 3937 1388 3998 nuncius
1422 3938 1518 3998 idem
1554 3937 1694 3998 luminis

363 4042 530 4104 eternalis
555 4044 707 4103 emanat.
737 4041 867 4122 Sicque
890 4043 1051 4121 pervium
1073 4044 1120 4103 sit
1136 4043 1445 4105 considerantibus
1462 4045 1575 4116 nobis,
1599 4046 1695 4106 unde

362 4149 526 4228 procedit
564 4150 662 4227 quod
693 4148 1025 4230 Metaphisicus
1061 4151 1129 4211 ait:
1174 4148 1333 4211 «Omnes
1368 4150 1527 4213 homines
1566 4154 1695 4213 natura

363 4242 454 4317 sc'ire
494 4256 721 4317 desiderant»
736 4254 757 4328 ³,
804 4257 919 4317 donec
957 4257 1126 4318 videlicet
1164 4259 1306 4336 oportet
1338 4257 1418 4319 illos
1446 4277 1512 4339 per
1539 4258 1695 4319 medium

362 4363 502 4423 intueri.

469 4669 502 4729 a)
519 4666 555 4717 B.
573 4682 608 4712 =
626 4666 865 4719 mendicitatem.
899 4668 967 4721 Une
985 4668 1044 4721 fois
1063 4684 1142 4736 pour
1161 4671 1262 4722 toules
1281 4686 1358 4722 nous
1379 4672 1567 4723 avertissons
1586 4672 1616 4723 le
1634 4672 1693 4724 lec-

364 4753 431 4807 tenr
451 4770 511 4821 que
529 4754 575 4808 les
594 4755 751 4810 variantes
771 4758 1008 4824 appartiennent
1027 4774 1067 4810 au
1086 4758 1141 4809 Ms.
1160 4759 1199 4811 de
1218 4758 1334 4812 Berlin.
1370 4760 1413 4811 Le
1434 4762 1518 4814 texte
1537 4774 1597 4827 que
1615 4775 1693 4813 nous

364 4844 515 4910 adoptons
534 4845 583 4896 est
601 4844 681 4896 celui
699 4846 739 4897 de
761 4847 791 4897 la
810 4848 1032 4899 Laurenztana.

470 4991 491 5056 ¹)
510 4993 540 5046 s.
560 4995 671 5047 tonsu.
690 5006 709 5059 1,
727 4997 752 5048 5.

472 5078 493 5147 ²)
512 5082 557 5135 ct.
576 5085 690 5136 Psalm.
710 5094 808 5147 xxxv,
827 5086 870 5138 10.

471 5168 491 5234 ⁸)
510 5170 613 5225 ARIST.
633 5174 770 5241 Metuph.
789 5173 811 5235 1,
829 5175 900 5227 lect.
920 5184 939 5227 Ι.
958 5174 1062 5238 Didot‚
1082 5191 1147 5242 cap.
1166 5186 1184 5237 Ι,
1203 5190 1233 5227 n.
1253 5177 1277 5229 1.
