4300 6117
867 906 1054 960 IOHANNIS
1078 904 1259 959 DOMINICI
1663 890 1728 954 205

395 1133 560 1205 versalia,
576 1135 674 1194 recte
690 1131 880 1210 loquendo,
898 1130 1008 1192 nichil
1023 1132 1114 1200 sunt,
1142 1131 1205 1190 aut
1219 1147 1242 1191 a
1258 1126 1496 1207 singularibus
1512 1126 1729 1187 indistincta.

352 1215 355 1221 Ι
396 1276 439 1285 -
463 1239 701 1301 Particularia
725 1256 811 1300 vero
835 1256 906 1299 non
932 1239 1015 1298 sunt
1038 1237 1258 1316 sempiterna
1281 1237 1316 1296 et
1339 1232 1634 1314 incorruptibilia,
1666 1231 1731 1294 sed

396 1349 480 1410 sunt
509 1350 741 1426 temporanea
771 1347 808 1406 et
838 1342 1068 1415 defectibilia,
1101 1360 1171 1421 que
1199 1345 1359 1421 tempore
1389 1343 1561 1420 ceperunt
1590 1343 1626 1402 et
1650 1358 1731 1401 con·

395 1456 495 1517 tinue
528 1454 748 1523 defecerunt,
786 1453 900 1514 eciam
935 1469 1006 1530 que
1033 1450 1144 1529 magis
1176 1450 1292 1511 solida
1319 1449 1496 1519 videntur,
1528 1449 1621 1510 sicut
1649 1448 1732 1509 sunt

396 1562 544 1642 spiritus
572 1563 607 1622 et
631 1578 784 1641 corpora
807 1558 1004 1638 superiora,
1039 1557 1108 1619 nisi
1131 1554 1364 1635 Omnipotens
1388 1556 1450 1617 illa
1473 1556 1731 1617 manuteneret.

398 1666 476 1729 Hoc
489 1686 560 1729 non
574 1669 815 1747 cognoverunt
826 1666 986 1727 homines
1000 1664 1120 1736 seculi,
1129 1667 1165 1725 et
1176 1664 1206 1725 si
1219 1664 1280 1742 qui
1291 1681 1371 1724 cum
1380 1663 1564 1724 catholicis
1571 1662 1732 1724 credide·

399 1778 491 1847 runt,
506 1793 577 1836 non
592 1776 712 1836 tamen
723 1774 881 1836 scierunt
891 1773 1047 1836 sciencia
1057 1772 1204 1851 proprie
1217 1771 1324 1833 dicta.
1349 1769 1427 1832 Non
1440 1772 1534 1832 enim
1547 1770 1628 1831 talis
1644 1771 1733 1831 noti·

398 1883 456 1943 cia
467 1900 511 1943 cx
523 1881 739 1943 immediatis
755 1883 792 1942 ei
806 1899 873 1959 per
888 1898 927 1942 se
943 1880 1037 1941 notis
1053 1878 1227 1958 procedit,
1241 1877 1307 1940 sed
1317 1895 1360 1938 ex
1369 1878 1538 1939 revelatis
1553 1881 1590 1939 et
1604 1878 1684 1940 aliis
1697 1882 1734 1937 a²

397 1990 502 2051 nobis
525 1989 664 2068 ignotis.
681 2020 724 2029 -
737 1986 886 2048 Dimitto
902 1985 1083 2065 quandam
1095 1986 1431 2065 tergiversacionem
1454 1985 1658 2064 ignorancie
1682 1984 1734 2045 di·

399 2097 570 2167 cencium,
608 2094 706 2174 quod
731 2093 906 2155 diffinicio
930 2093 1094 2163 sciencie,
1133 2110 1240 2171 quam
1263 2093 1327 2154 dat
1351 2092 1572 2165 Aristoteles,
1603 2096 1657 2154 est
1681 2110 1734 2153 se·

311 2188 316 2194 ⁴
399 2203 556 2264 cundum
579 2204 754 2264 naturam.
794 2200 999 2262 Secundum
1034 2204 1201 2262 naturam
1233 2203 1354 2262 autem
1377 2200 1603 2265 universalia.
1627 2202 1735 2280 prout

398 2313 483 2372 sunt
516 2310 553 2369 in
589 2310 662 2370 suis
686 2309 973 2387 particularibus,
999 2310 1083 2369 sunt
1104 2308 1401 2387 incorruptibilia,
1441 2302 1521 2367 cum
1544 2326 1610 2386 per
1632 2319 1735 2387 gene-

400 2417 581 2478 racionem
614 2416 856 2478 successivam
892 2418 1150 2477 conserventur
1185 2416 1221 2475 in
1249 2432 1336 2476 esse.
1377 2412 1547 2475 Similiter
1582 2432 1736 2493 corpora

400 2525 587 2603 superiora
611 2524 647 2583 et
670 2523 816 2602 spiritus
840 2523 1049 2584 intellectivi
1073 2525 1156 2583 sunt
1193 2521 1389 2583 secundum
1424 2524 1590 2582 naturam
1613 2540 1635 2581 a
1660 2540 1735 2582 cor-

402 2632 574 2712 rupcione
609 2630 733 2701 libera,
771 2647 850 2691 cum
886 2629 1132 2708 corrupcionis
1167 2629 1382 2708 principium
1417 2648 1488 2689 non
1519 2628 1677 2690 habeant
1699 2628 1737 2689 in

403 2737 614 2817 semetipsis.
639 2734 716 2798 Hec
740 2738 834 2798 enim
856 2736 986 2798 frivola
1005 2740 1097 2808 sunt,
1122 2754 1205 2796 nam
1229 2739 1359 2797 natura
1383 2736 1661 2813 uniuscuiusque
1684 2735 1736 2795 rei

402 2847 523 2905 create
556 2847 611 2905 est
644 2844 715 2915 illa,
752 2862 823 2905 non
858 2862 966 2922 quam
996 2843 1199 2923 philosophi
1223 2843 1383 2914 credunt,
1419 2844 1485 2904 sed
1509 2862 1617 2923 quarn
1634 2842 1735 2913 ¹Deus

401 2952 587 3013 concessit.
626 2949 704 3011 Non
728 2951 822 3012 enim
856 2953 986 3011 natura
1019 2951 1103 3012 solis
1129 2952 1184 3011 est
1206 2951 1395 3012 comedere
1420 2953 1456 3011 et
1478 2951 1613 3021 bibere,
1638 2948 1736 3028 quod

401 3058 522 3137 plures
540 3057 741 3137 philosophi
768 3058 836 3119 hoc
864 3058 999 3137 opinati
1020 3061 1111 3129 sunt,
1129 3076 1194 3119 nec
1210 3060 1339 3119 natura
1355 3059 1527 3137 magnetis
1544 3060 1599 3119 est
1614 3058 1735 3117 vivere

400 3165 539 3243 spiritu,
575 3165 661 3243 quia
695 3164 763 3226 lroc
784 3160 892 3226 Tales
925 3163 1088 3226 Milesius
1124 3163 1361 3226 affirmaverit
1372 3161 1391 3225 ¹.
1431 3162 1574 3227 Vocare
1601 3164 1733 3244 quippe

401 3275 567 3333 naturam
590 3271 689 3331 illam
714 3273 959 3333 condicionem
983 3261 1011 3354 ΙΙ.
1037 3290 1146 3350 quam
1167 3271 1326 3333 homines
1343 3272 1489 3351 proprio
1505 3272 1638 3332 lumine
1652 3269 1735 3332 freti

402 3396 521 3439 rerum
545 3378 847 3457 speculativarum
871 3380 917 3441 ab
942 3380 993 3440 eis
1021 3380 1188 3441 arbitrati
1211 3382 1304 3449 sunt,
1321 3382 1375 3440 est
1391 3379 1512 3440 dicere
1531 3396 1656 3475 perum
1672 3378 1736 3439 ial-

404 3504 482 3546 sum
506 3488 542 3547 et
564 3485 694 3547 falsum
717 3504 851 3558 verum,
888 3487 986 3565 quod
1010 3505 1082 3547 non
1110 3486 1158 3547 ad
1188 3486 1390 3557 scienciam,
1426 3486 1490 3547 sed
1515 3485 1563 3546 ad
1598 3486 1737 3547 teterri-

404 3611 499 3653 mam
514 3594 756 3672 ignoranciam
772 3594 924 3655 nominis
936 3594 1128 3673 pertinere.
1155 3592 1213 3654 Sic
1230 3593 1440 3655 extimantes
1456 3596 1615 3672 pugnant
1634 3592 1737 3671 phi·

404 3700 612 3761 sicorum
649 3700 756 3771 scole,
793 3718 872 3762 sese
912 3704 1035 3762 mutuo
1068 3719 1172 3763 cecos
1204 3703 1383 3770 vocantes,
1416 3700 1513 3762 acsi
1543 3700 1736 3761 dixerimus

403 3806 546 3867 obiecta
569 3807 722 3869 sciencie
754 3825 833 3869 esse
864 3827 983 3870 rerum
1013 3808 1246 3887 incomplexa,
1271 3810 1311 3868 ut
1344 3808 1588 3868 modernis
1612 3808 1737 3887 magis·

405 3931 475 3992 que
496 3914 625 3992 placet.
651 3914 681 3975 si
704 3914 972 3993 particulariter
1000 3933 1081 3976 esse
1106 3916 1281 3985 desinant,
1307 3915 1493 3976 desinente
1517 3913 1679 3976 subiecto
1704 3914 1740 3973 in

406 4038 477 4099 quo
501 4023 591 4092 sunt,
617 4021 679 4081 illa
702 4024 822 4082 tamen
852 4040 923 4083 non
938 4022 1116 4091 desinunt,
1131 4041 1212 4083 cum
1235 4024 1306 4083 sint
1330 4039 1452 4083 eorum
1477 4022 1614 4101 species
1638 4021 1741 4083 intel·

404 4126 556 4189 lectibus
581 4128 708 4196 iuncte.
734 4130 856 4190 creato
879 4129 937 4190 vel
961 4130 1132 4200 increato,
1159 4132 1194 4190 et
1218 4132 1319 4190 actus
1343 4129 1497 4191 sciencie
1517 4131 1738 4207 generantes.

517 4232 597 4295 Duo
613 4237 801 4296 secuntur:
825 4236 1016 4315 primum,
1042 4236 1154 4314 quod
1178 4254 1311 4315 neque
1336 4237 1385 4297 de
1409 4210 1504 4305 hiis.
1529 4253 1664 4313 neque
1689 4229 1785 4295 de4.

406 4339 665 4420 significatis
702 4361 777 4421 per
811 4362 867 4415 ea,
905 4347 968 4404 est
1004 4344 1150 4421 aliqua
1184 4343 1371 4404 sciencia
1405 4344 1579 4422 proprie
1614 4342 1738 4412 dicta.

407 4466 487 4508 cum
510 4466 581 4509 non
605 4450 675 4509 sint
699 4450 814 4511 minus
846 4450 1045 4521 variabilia,
1072 4468 1179 4528 quam
1204 4451 1275 4511 sint
1298 4468 1421 4511 eorum
1445 4450 1616 4511 subiecta.
1640 4448 1688 4510 Et
1711 4449 1741 4510 si

406 4556 589 4616 tortuosus
623 4557 747 4636 anguis
783 4561 818 4618 et
854 4557 1001 4618 coluber
1037 4561 1226 4629 versutus,
1262 4558 1456 4637 perniciter
1498 4557 1647 4619 tendens
1694 4558 1741 4617 ad

411 4786 621 4795 ———.

516 4986 647 5046 a)-a.

518 5161 538 5229 ¹)
558 5163 603 5216 Ct.
624 5164 728 5217 AmsT.
749 5166 796 5217 De
813 5167 926 5218 Anima
945 5166 966 5229 1,
985 5168 1055 5219 lect.
1076 5168 1105 5218 V
1122 5167 1220 5221 medo.
