4300 6117
809 924 997 977 IOHANNIS
1020 924 1203 977 DOMINICI
1635 913 1678 977 27

454 1145 492 1208 Si
516 1166 581 1209 sno
597 1148 753 1227 denique
769 1147 978 1227 Iosepho
1007 1148 1173 1209 crederet
1197 1132 1339 1221 Iudeus,
1357 1148 1545 1210 scribenti:
1572 1146 1681 1208 «Fuit
1697 1146 1748 1209 18.

343 1254 394 1315 eis
417 1255 640 1333 temporibus
664 1256 807 1334 sapiens
829 1255 895 1325 vir,
931 1255 962 1315 si
984 1255 1101 1315 virum
1125 1255 1242 1333 ipsum
1266 1255 1387 1316 dicere
1411 1253 1466 1315 fas
1491 1257 1555 1316 est.
1592 1253 1681 1315 Erat

343 1360 438 1422 enim
460 1361 663 1423 mirabilum
686 1380 836 1441 operum
871 1359 1021 1423 effector
1046 1363 1081 1422 et
1105 1361 1243 1432 doctor,
1281 1364 1316 1422 et
1339 1362 1460 1440 plnres
1490 1361 1682 1423 Iudeorum

344 1469 380 1528 et
403 1467 533 1529 multos
568 1468 614 1529 de
637 1470 800 1547 gentibus
829 1468 897 1530 sibi
920 1468 1092 1541 adiunxit,
1133 1466 1282 1547 Xpistus
1313 1467 1370 1530 hic
1399 1471 1487 1540 erat,
1514 1471 1570 1529 etc
1588 1514 1594 1529 .
1613 1466 1681 1539 .1»,

343 1574 381 1634 in
412 1591 479 1635 sua
513 1575 759 1637 obstinacione
794 1593 865 1636 non
898 1575 1115 1655 perduraret
1144 1575 1369 1654 dampnatus.
1417 1574 1533 1647 Hunc,
1571 1574 1683 1654 philo·

345 1679 538 1759 sophorum
554 1682 756 1761 precipuus,
774 1683 949 1744 recitante
964 1680 1171 1761 Augustino,
1196 1681 1256 1743 lib.
1274 1680 1374 1741 ΙΙΙΧο
1388 1680 1451 1742 De
1481 1680 1567 1742 Civ.
1584 1680 1615 1740 D
1626 1681 1681 1753 ei,

346 1805 424 1866 cap.
454 1796 537 1849 xxn
568 1791 603 1850 et
631 1797 743 1860 xxm,
778 1787 944 1868 Xpistnm
975 1789 1183 1868 piissimum,
1223 1787 1442 1867 Porphirins,
1476 1806 1684 1867 quanquam

344 1891 614 1973 Xpistianornm
638 1897 833 1957 acerrimus
855 1896 1029 1968 inimicus,
1055 1896 1205 1957 deorum
1229 1894 1382 1957 oraculis
1407 1897 1629 1975 protestatur
1639 1893 1659 1955 Ι.

457 2001 533 2062 Iam
549 2002 579 2063 si
595 2003 718 2064 mundi
734 2000 851 2074 finem,
876 2004 913 2064 et
926 2005 1123 2064 extremum
1142 2002 1321 2077 iudicium,
1346 2002 1523 2075 mirabile,
1547 2020 1682 2073 verum,
1700 1998 1752 2061 19.

344 2109 633 2188 stupendumque
665 2109 876 2171 miraculum
909 2128 974 2171 nos
1006 2112 1150 2189 oportet
1173 2110 1384 2171 inconcussa
1418 2107 1493 2171 fide
1524 2108 1683 2179 credere,

346 2216 484 2293 pariter
500 2218 536 2277 et
550 2214 667 2288 fateri,
686 2214 812 2278 Sibilla
827 2217 936 2287 vivat,
956 2215 1091 2278 clarum
1108 2216 1349 2278 testimoninm
1365 2216 1594 2295 apponendo,
1615 2232 1685 2293 que

347 2322 413 2384 ait:
441 2322 589 2384 «ludicii
611 2324 748 2403 signnm
769 2324 874 2385 tellus
898 2324 1032 2385 sudore
1048 2324 1243 2397 madescet,
1270 2342 1312 2385 ex
1336 2323 1413 2385 celo
1437 2342 1499 2385 rex
1517 2322 1687 2384 adveniet

348 2446 413 2508 per
436 2430 558 2491 secula
581 2428 731 2502 tuturus,
755 2431 901 2503 scilicet,
925 2432 962 2491 in
987 2449 1096 2492 carne
1120 2448 1280 2510 presens,
1316 2432 1356 2491 ut
1392 2429 1527 2491 iudicet
1543 2410 1685 2490 orbem.

349 2534 451 2598 Unde
470 2535 585 2598 Deum
609 2539 755 2598 cernent
777 2537 984 2599 incredulus
1008 2539 1120 2617 atque
1144 2536 1273 2609 fidelis,
1298 2540 1334 2599 et
1350 2539 1472 2599 cetera
1486 2538 1559 2598 iam
1579 2536 1687 2596 notis·

349 2643 439 2704 sima
462 2644 551 2704 orbi.
576 2642 645 2728 Qui
667 2644 752 2723 legit
770 2640 969 2724 Tragicum,
994 2645 1032 2705 in
1045 2640 1201 2717 Thieste,
1236 2662 1354 2705 nonne
1376 2645 1423 2706 de
1446 2643 1542 2705 hora
1564 2642 1687 2703 mundi

349 2768 526 2829 suprema,
567 2768 637 2829 qua
671 2751 709 2812 in
741 2752 896 2830 primum
929 2751 1039 2812 habet
1075 2752 1196 2813 redire
1230 2751 1347 2823 chaos,
1395 2752 1505 2813 clavis
1535 2751 1688 2811 venatur

350 2855 595 2918 sermonem³i
640 2856 719 2918 Non
748 2858 861 2919 tacuit
903 2858 999 2919 idem
1029 2856 1178 2920 Ovidius
1215 2859 1366 2937 primo
1398 2856 1688 2936 Metaphor-

349 2964 580 3042 phoseon,
606 2965 749 3026 dicens:

566 3128 666 3181 «Esse
684 3143 808 3196 qnoque
825 3129 858 3181 in
875 3128 949 3181 fatis
968 3130 1187 3193 reminiscitur,
1206 3128 1305 3182 affore
1324 3131 1457 3196 tempus,

563 3217 630 3291 Quo
647 3233 742 3281 mare,
760 3233 823 3285 qno
841 3219 943 3282 tellus,
962 3220 1172 3285 correptaque
1192 3219 1275 3285 regia
1294 3219 1353 3272 celi

563 3307 695 3371 Ardeat;
714 3308 746 3360 et
763 3307 871 3361 mnndi
892 3309 993 3360 moles
1012 3323 1146 3375 operosa
1166 3306 1351 3360 laboret⁴?»

459 3688 481 3756 ¹)
506 3689 574 3742 cite
598 3704 656 3756 par
674 3690 806 3751 Eusebe,
831 3692 911 3742 Hist.
930 3690 1018 3741 Eocl.
1037 3689 1059 3752 1,
1078 3705 1145 3756 cap.
1165 3699 1206 3753 x1,
1224 3691 1250 3742 7.
1287 3688 1346 3742 Snr
1365 3703 1401 3741 ce
1420 3696 1555 3757 passage
1573 3688 1694 3741 discute

352 3782 392 3833 de
410 3779 553 3846 Iosephe,
573 3779 642 3832 voir
660 3778 821 3840 Schnerer,
843 3780 950 3832 Gesch.
968 3781 1025 3831 des
1042 3781 1109 3843 frid.
1137 3780 1252 3842 Voikes,
1270 3779 1292 3841 1,
1310 3794 1339 3845 p.
1359 3778 1412 3831 544
1430 3779 1510 3830 suiv.
1542 3778 1695 3831 Dominici

353 3871 411 3922 cite
429 3869 554 3935 d'apres
572 3868 650 3922 Jean
668 3868 709 3920 de
728 3868 899 3936 Salisbnry,
918 3868 1144 3934 Polycraticns,
1162 3868 1198 3931 11,
1217 3883 1283 3934 cap.
1301 3878 1342 3919 lx.

460 3964 482 4031 Ι)
501 3967 530 4019 S.
548 3967 639 4029 AUG,
656 3968 703 4018 De
725 3966 811 4019 crvn.
827 3968 894 4029 Dei,
912 3966 992 4030 XIX,
1011 3976 1081 4017 xxn
1099 3968 1142 4017 nd
1158 3964 1213 4029 ftn.
1243 3966 1424 4018 «Postremo
1446 3966 1513 4032 ipse
1533 3966 1581 4018 est
1600 3966 1693 4028 Dens,

353 4072 446 4123 quem
463 4055 661 4109 doctissimus
678 4054 941 4122 philosophorum,
967 4055 1111 4120 quamvis
1130 4054 1375 4107 Christianorum
1400 4055 1571 4106 acerrimus
1593 4054 1693 4105 inimi-

353 4160 416 4208 cns,
436 4146 529 4198 etiam
546 4159 604 4212 per
623 4158 730 4197 eornm
748 4146 882 4205 oracula,
909 4159 987 4211 qnos
1006 4144 1083 4197 deos
1103 4145 1199 4210 putat,
1218 4144 1318 4196 Deum
1336 4152 1481 4211 magnum
1499 4143 1692 4212 Porphyrius

354 4234 553 4288 confitetur».
589 4234 626 4286 In
645 4232 736 4301 Oper.
755 4234 818 4297 VII,
836 4234 897 4287 650.
935 4233 983 4286 Ct.
1002 4234 1086 4286 aussi
1104 4234 1227 4295 EUSEB,
1248 4235 1295 4285 De
1314 4234 1583 4285 Demonstratione
1602 4247 1691 4285 evan·

351 4325 457 4394 getica,
475 4324 529 4375 lib.
547 4323 598 4386 111,
616 4338 683 4389 cap.
701 4333 744 4375 v1.

462 4410 546 4476 ³)Ci.
566 4413 677 4465 SENEc.
695 4410 794 4465 TRAG.
825 4411 977 4479 Thyestes,
996 4412 1031 4476 V,
1051 4411 1122 4465 1003
1142 4426 1188 4477 sq.

461 4499 484 4567 ⁴)
503 4501 593 4554 Ovm.
620 4502 745 4555 Metam.
765 4502 788 4566 1,
807 4500 936 4554 256-258.
