4300 6117
440 897 510 959 416
956 905 1117 960 LUCULA
1137 903 1278 959 NOCTIS

440 1130 611 1192 mundum
633 1128 785 1191 tradidit
806 1129 1048 1208 disputacioni
1071 1147 1203 1202 eorum,
1229 1131 1355 1192 utnon
1371 1129 1531 1192 inveniat
1550 1128 1656 1191 homo
1673 1129 1776 1209 quod

442 1240 610 1317 operatus
633 1237 680 1298 sit
694 1235 828 1298 Densa
842 1237 1019 1316 principio
1042 1253 1158 1315 usque
1180 1236 1217 1297 in
1232 1236 1341 1297 tinem
1357 1256 1384 1310 r,
1408 1236 1495 1315 quia
1513 1254 1587 1297 non
1609 1236 1775 1298 subiacet

441 1343 667 1424 inquisicioni
681 1343 836 1405 naturali
851 1344 932 1405 talis
948 1343 1090 1406 noticia.
1108 1377 1150 1387 -
1170 1342 1250 1405 Non
1265 1341 1333 1406 fuit
1352 1342 1481 1406 Plato
1505 1343 1641 1424 primns
1664 1341 1773 1404 fictor

440 1450 555 1513 Deum
588 1469 660 1513 non
684 1455 813 1513 cuncta
834 1468 978 1512 creasse
990 1448 1010 1523 ¹,
1045 1451 1112 1513 sed
1134 1451 1293 1531 prescise
1327 1469 1399 1530 que
1422 1451 1555 1513 durant
1577 1469 1682 1512 omne
1703 1467 1773 1529 per

441 1576 554 1631 evum,
580 1575 688 1636 quum
711 1558 748 1619 in
769 1557 870 1619 tibris
892 1557 1013 1619 multis
1036 1558 1166 1620 seculis
1190 1557 1336 1637 scriptis
1358 1559 1443 1620 ante
1465 1556 1653 1619 Platonem
1670 1555 1772 1618 Salo·

440 1683 523 1726 mon
538 1665 638 1745 legit:
666 1663 816 1726 ‹Didici
838 1663 937 1744 quod
959 1664 1079 1726 omnia
1100 1681 1222 1743 opera,
1238 1682 1309 1744 que
1324 1662 1411 1727 fecit
1423 1663 1521 1726 Deus
1537 1665 1773 1744 perseverent

440 1790 506 1852 per
519 1776 534 1806 ⁸
548 1771 585 1833 in
601 1774 777 1846 eternum;
799 1789 870 1834 non
883 1788 1071 1851 possumus
1087 1771 1139 1833 eis
1156 1770 1353 1850 quidquam
1368 1771 1514 1842 addere.
1532 1789 1598 1834 nec
1617 1773 1772 1842 auterre,

441 1897 511 1957 que
531 1876 617 1940 fecit
638 1877 746 1952 Deus,
769 1881 810 1939 ut
831 1879 1000 1941 timeatur
1013 1899 1028 1932 ›
1041 1877 1063 1940 ².
1087 1910 1130 1920 —
1166 1877 1286 1958 Longe
1308 1881 1391 1940 ante
1415 1877 1771 1958 Picthagoram‚

441 1985 487 2047 de
511 1986 777 2047 immortalitate
799 1985 918 2048 anime
940 1985 1233 2064 mortalitateque
1266 1986 1333 2048 tuit
1356 1986 1403 2048 ab
1427 1985 1496 2048 illis
1531 1985 1677 2066 phisicis
1700 1985 1772 2047 dis·

439 2095 614 2172 putatum,
644 2094 681 2155 et
702 2094 750 2154 ab
773 2091 979 2155 infidelibus
1002 2092 1117 2154 solum
1141 2092 1380 2172 capacitatem
1401 2093 1580 2155 brutalem
1604 2093 1774 2155 sectanti·

439 2200 507 2262 bus
530 2200 804 2261 determinative
825 2200 1022 2280 vulgatum:
1061 2197 1189 2262 «Unus
1213 2200 1377 2263 interitus
1401 2203 1457 2262 est
1479 2199 1631 2261 hominis
1662 2202 1699 2261 et
1720 2199 1772 2261 iu·

440 2309 648 2378 mentorum,
682 2308 718 2368 et
741 2324 835 2386 equa
857 2307 1044 2385 utriusque
1067 2307 1241 2368 condicio.
1281 2304 1382 2368 Sicut
1404 2307 1556 2368 moritur
1578 2306 1694 2378 homo,
1718 2307 1772 2368 sic

440 2414 476 2475 et
498 2413 560 2475 illa
582 2414 790 2475 moriuntur.
829 2411 1001 2476 Similiter
1023 2414 1163 2493 spirant
1193 2413 1314 2475 omnia
1336 2415 1372 2476 et
1394 2412 1503 2476 nichil
1533 2413 1644 2477 habet
1666 2414 1774 2476 homo

439 2520 597 2583 iumento
621 2521 783 2601 amplius,
808 2524 844 2582 et
868 2522 989 2583 cetera
1004 2542 1031 2594 ,η
1055 2521 1150 2583 sicut
1172 2521 1344 2582 scribitur
1365 2521 1402 2582 in
1426 2521 1584 2601 capitulo
1604 2529 1664 2582 1110
1672 2517 1693 2582 ³.

372 2620 424 2684 10.
546 2625 711 2690 Divinam
734 2627 1004 2709 providenciam
1030 2629 1204 2707 negarunt
1237 2626 1385 2706 quidam
1422 2626 1624 2707 philosophi
1660 2626 1770 2706 prisci

440 2736 488 2797 ab
512 2735 780 2797 elementalibus
804 2735 922 2808 rebus,
947 2733 1045 2813 quod
1057 2733 1154 2795 idem
1181 2731 1350 2795 Salomon
1371 2737 1519 2814 tangens
1534 2737 1646 2814 atque
1668 2731 1771 2794 refel-

440 2839 527 2914 lens,
551 2842 684 2922 promit
705 2842 863 2904 ibidem:
890 2859 905 2894 ‹
924 2839 1011 2902 Vidi
1033 2843 1102 2903 sub
1125 2841 1202 2902 sole
1223 2841 1261 2901 in
1282 2841 1362 2903 loco
1385 2840 1508 2902 iudicii
1539 2840 1770 2920 impietatem,

442 2952 478 3011 et
501 2949 537 3010 in
560 2949 640 3012 loco
662 2949 803 3012 iusticie
825 2948 1059 3028 iniquitatem,
1085 2951 1121 3010 et
1144 2948 1218 3010 dixi
1250 2949 1288 3008 in
1312 2948 1421 3010 corde
1437 2966 1541 3010 meo:
1576 2946 1713 3010 Iustum
1736 2949 1770 3009 et

441 3056 589 3136 impium
622 3056 796 3118 iudicabit
832 3055 1014 3126 Dominus,
1039 3057 1075 3117 et
1110 3056 1249 3134 tempus
1284 3055 1397 3116 omnis
1429 3055 1482 3117 rei
1516 3057 1601 3117 tunc
1635 3055 1704 3118 erit
1722 3055 1772 3118 ³⁴.

441 3161 521 3224 Non
542 3160 720 3237 Socrates,
756 3182 828 3225 non
852 3161 973 3244 Stoyci
996 3162 1113 3241 primo
1150 3165 1338 3224 senserunt
1374 3161 1554 3241 sapientes
1592 3180 1673 3225 cum
1708 3160 1772 3224 Ca·

441 3267 558 3342 thone,
594 3271 640 3332 ob
664 3270 838 3332 malorum
860 3269 1111 3349 temporalium
1147 3267 1267 3349 fugam
1290 3286 1370 3331 sese
1408 3287 1489 3331 cum
1525 3269 1633 3331 laude
1666 3286 1774 3348 posse

441 3394 581 3440 necare.
603 3375 707 3440 Vidit
728 3378 822 3440 enim
846 3375 1015 3438 Salomon
1037 3376 1076 3438 id
1097 3375 1301 3454 sophisticis
1323 3375 1529 3438 racionibus
1552 3375 1775 3456 persuadere

440 3484 611 3554 volentes,
636 3487 672 3548 et
693 3485 745 3548 ait
781 3485 819 3545 in
857 3502 934 3564 cap.
958 3489 1027 3544 1111⁰
1053 3501 1060 3543 :
1087 3480 1285 3544 «Laudari
1323 3483 1434 3563 magis
1469 3485 1638 3556 mortuos,
1664 3499 1772 3562 quam

440 3591 619 3667 viventes;
644 3594 681 3655 et
702 3591 898 3654 feliciorem
920 3592 1074 3670 utroque
1097 3589 1263 3662 iudicavi,
1302 3589 1364 3668 qui
1402 3589 1555 3651 necdum
1578 3591 1773 3663 natusest,

441 3717 507 3761 nec
529 3699 621 3762 vidit
643 3699 748 3771 mala,
773 3717 843 3778 que
865 3700 948 3760 sunt
972 3698 1039 3759 sub
1063 3693 1199 3760 sole»⁵.
1216 3695 1385 3758 —Fuere
1407 3695 1560 3776 plurimi,
1578 3698 1641 3776 qui
1656 3715 1774 3759 sense-

442 3808 523 3867 runt
555 3807 673 3868 ocium
710 3824 782 3889 non
818 3805 1028 3875 litterarum,
1053 3804 1120 3867 sed
1154 3804 1408 3882 cuiuscumque
1443 3803 1669 3884 operacionis
1699 3821 1774 3866 sec·

441 3913 599 3986 tandum,
622 3916 773 3993 propter
795 3912 973 3974 maliciam
996 3911 1249 3991 proximorum,
1266 3927 1418 3990 quorum
1430 3913 1596 3973 auctores
1608 3928 1681 3972 non
1695 3910 1775 3990 legi,

442 4020 508 4083 sed
543 4022 741 4083 sectatores
774 4020 948 4100 plurimos
990 4018 1075 4080 vidi.
1109 4016 1164 4079 De
1195 4016 1325 4096 quibus
1367 4011 1418 4078 ait
1456 4033 1605 4080 rursus:
1652 4015 1776 4079 ‹Con-

441 4128 634 4208 templatus
657 4145 736 4189 sum
758 4145 881 4190 omnes
908 4127 1053 4188 labores
1090 4125 1272 4186 hominum
1311 4126 1347 4187 et
1384 4123 1581 4186 industrias
1615 4125 1776 4187 animad-

442 4361 656 4370 ----

459 4598 463 4606 .
548 4544 581 4606 α)
600 4555 718 4608 ‘Per-

549 4717 728 4785 1ΗΜΘΝ,
751 4713 863 4781 Ttme'e;
888 4716 957 4769 Did.
977 4718 1050 4771 tom.
1070 4717 1107 4780 11,
1125 4732 1155 4784 p.
1174 4716 1227 4768 212
1245 4730 1290 4783 sq.
1309 4715 1461 4770 Domtnlci
1479 4730 1521 4768 ne
1539 4716 1665 4769 connatt
1683 4716 1778 4785 gutte

438 4809 586 4877 l'opinion
603 4808 644 4860 de
662 4809 784 4868 Platon,
802 4795 874 4873 qu'i
891 4807 1014 4860 travers
1031 4806 1063 4858 la
1085 4803 1147 4858 Ctte'
1165 4808 1202 4858 de
1220 4806 1308 4868 Dteu,
1323 4803 1361 4859 cf.
1375 4804 1412 4870 Χ,
1424 4813 1511 4857 xxxl.

548 4895 569 4962 ²)
588 4895 633 4950 Cf.
651 4897 752 4950 Eccle.
771 4896 821 4961 III,
841 4896 885 4948 14.

549 4984 672 5054 unu..
693 4986 737 5040 19.

548 5074 676 5141 ⁴)1bfd.,
695 5075 738 5139 16,
759 5076 805 5129 17.

549 5161 570 5231 ⁵)
588 5165 674 5230 ruta,
692 5165 742 5228 1v,
759 5164 786 5217 2.
