4300 6117
863 929 1050 983 IOHANNIS
1072 928 1253 983 DOMINICI
1658 918 1720 981 115

383 1151 626 1222 audiencium,
651 1153 823 1213 formaret
847 1154 1061 1232 conceptum
1085 1152 1192 1230 quod,
1218 1152 1386 1213 neumate
1408 1150 1529 1212 divino
1551 1151 1721 1223 dictante,

389 1276 519 1320 novam
535 1259 649 1338 legem
664 1259 815 1320 turbulis
832 1257 1043 1320 disserebat.
1062 1291 1101 1298 —
1120 1256 1261 1320 Recitat
1277 1258 1424 1338 insuper
1439 1256 1607 1337 Agellius,
1629 1259 1722 1321 libro

388 1363 420 1425 N
432 1383 454 1427 o
466 1384 485 1427 c
498 1367 513 1427 t
525 1365 536 1425 i
550 1385 575 1427 u
585 1385 621 1426 m
643 1367 691 1427 at
705 1365 753 1426 hi
766 1385 785 1427 c
798 1384 820 1427 a
832 1384 852 1426 r
863 1384 887 1426 u
897 1385 949 1436 m,
974 1365 1116 1427 dicens:
1143 1363 1362 1426 «Favorinus
1378 1347 1610 1444 philosophus
1625 1363 1722 1426 astir-

383 1475 463 1534 mat
491 1472 720 1534 simulacrum
748 1473 921 1540 columbe,
947 1490 967 1533 e
990 1472 1085 1551 ligno
1108 1472 1254 1534 racione
1286 1471 1444 1550 quadam
1473 1473 1510 1533 et
1532 1471 1723 1552 disciplina

383 1578 596 1641 mechanica
612 1577 755 1650 factum,
774 1581 822 1640 ad
837 1578 1046 1640 Archetam⁸
1060 1580 1221 1640 volasse»
1238 1575 1259 1638 ¹.
1271 1577 1493 1640 —Faciliter
1507 1579 1723 1657 illaqueatus

382 1685 505 1747 iFarao
529 1684 597 1748 tuit
619 1704 642 1746 a
664 1686 786 1765 magis,
816 1687 901 1764 quia
924 1687 1076 1747 nescivit
1101 1685 1199 1764 quod
1221 1686 1411 1747 interesset
1433 1686 1527 1747 inter
1549 1684 1723 1746 miracula

383 1793 511 1854 divina
533 1793 700 1873 potencia
725 1796 760 1854 et
777 1793 992 1873 operacione
1007 1792 1201 1873 dyabolica
1216 1784 1352 1864 factal,
1374 1792 1411 1852 in
1426 1792 1565 1854 tantum
1580 1793 1621 1853 ut
1634 1809 1723 1854 vera

382 1899 531 1960 demum
565 1898 657 1961 falsa
680 1901 834 1978 putaret,
870 1900 1096 1979 inpossessus
1120 1898 1376 1960 obstinacionis
1398 1899 1529 1977 inique.
1570 1897 1723 1962 Prodest

383 2006 482 2067 enim
497 2007 645 2067 multum
662 2007 844 2068 distinctio
860 2010 945 2068 nota
962 2007 1057 2068 inter
1071 2024 1176 2077 vana,
1193 2006 1293 2076 mira,
1310 2005 1483 2086 prodigia,
1508 2005 1722 2086 supersticia

387 2115 424 2174 et
447 2112 630 2184 miracula,
655 2113 784 2192 quibus
807 2111 936 2176 tarsati
959 2115 1041 2175 sunt
1066 2113 1212 2174 codices
1236 2111 1468 2174 ethnicorum.
1491 2111 1571 2173 Non
1586 2130 1721 2192 paucos

387 2219 565 2298 siquidem
587 2219 777 2299 simplices,
810 2220 918 2281 talem
942 2220 1157 2282 distanciam
1180 2219 1394 2299 ignorantes,
1429 2218 1613 2299 decipiunt
1634 2236 1721 2300 ypo-

389 2327 486 2398 crite,
526 2327 628 2406 magi,
664 2324 909 2396 fascinatores,
945 2326 1196 2396 mathematici,
1234 2325 1371 2405 phisici,
1408 2326 1659 2396 incantatores,
1685 2327 1720 2388 et

388 2431 589 2494 huiusmodi
613 2432 773 2495 homines
797 2434 889 2506 vani,
916 2451 1067 2512 quorum
1091 2433 1202 2512 aliqui
1226 2434 1308 2493 sunt
1324 2431 1477 2493 Domino
1500 2433 1537 2493 in
1552 2450 1719 2513 supremo

389 2540 447 2601 die
470 2539 619 2601 dicturi:
661 2539 813 2602 «Nonne
836 2541 873 2600 in
895 2541 1037 2602 nomine
1060 2543 1122 2602 tuo
1147 2539 1313 2601 demonia
1337 2539 1515 2611 eiecirnus,
1540 2539 1636 2600 etin
1659 2557 1719 2600 no·

382 2646 481 2707 mine
504 2649 566 2707 tuo
589 2645 737 2708 fecimus
762 2647 891 2709 multas
908 2647 1109 2709 virtutes?›
1123 2645 1144 2707 ².
1168 2644 1257 2718 Hiis,
1283 2646 1368 2724 quia
1388 2645 1622 2708 infernalibus
1638 2646 1719 2708 telis

382 2755 556 2825 armatus,
597 2754 779 2834 copiosam
816 2757 970 2834 stragem
994 2753 1194 2815 animarum
1222 2752 1331 2815 taciet
1353 2751 1593 2814 Antichristus
1616 2753 1717 2833 ipse⁹,

381 2860 510 2921 ¹valens
546 2863 685 2921 tantum
719 2861 861 2941 ydiotas
886 2879 1026 2941 capere,
1052 2860 1123 2939 qui,
1153 2879 1219 2940 per
1242 2858 1467 2922 Salomonem
1501 2859 1718 2940 reprehensi,

387 2966 490 3027 nimis
515 2967 587 3028 cito
610 2967 761 3029 credunt
771 2965 794 3028 ³.

492 3071 619 3135 Restat
635 3074 742 3154 igitur
756 3073 831 3135 has
847 3074 1027 3145 litteras,
1042 3073 1090 3134 de
1105 3074 1235 3152 quibus
1250 3092 1399 3153 presens
1414 3074 1574 3135 tediosus
1587 3074 1719 3135 texitur
1734 3069 1785 3133 18.

381 3197 513 3250 sermo,
531 3198 611 3241 non
627 3180 759 3242 solum
775 3180 919 3242 licitas
937 3198 1039 3251 esse,
1060 3180 1136 3242 sed
1152 3199 1256 3261 pene
1273 3181 1539 3242 necessarias
1555 3181 1717 3241 univer·

387 3280 569 3359 saliterd,
595 3289 873 3366 quemcumquee
893 3287 1001 3349 tinem
1022 3286 1175 3347 intendit
1196 3287 1263 3348 hiis
1285 3287 1423 3359 studiis,
1445 3288 1507 3349 aut
1527 3288 1631 3349 unius
1651 3286 1718 3348 Dei

381 3393 521 3454 cultum
544 3412 625 3455 cum
648 3394 803 3474 gloriosa
826 3394 968 3466 noticia,
993 3413 1016 3454 a
1041 3382 1230 3456 mundanis
1246 3393 1375 3456 litteris
1392 3412 1463 3455 non
1478 3396 1533 3456 est
1552 3394 1716 3455 alienum.

386 3497 485 3572 Nam,
504 3502 543 3562 ut
566 3501 603 3562 in
618 3503 695 3562 tota
711 3500 937 3581 philosophia
952 3499 1149 3562 ArIstotilis
1165 3503 1275 3581 patet,
1293 3501 1418 3562 similis
1436 3501 1617 3563 conclusio
1633 3499 1716 3564 tuit:

387 3603 485 3668 Unus
509 3619 593 3687 ergo
616 3607 784 3688 princeps
796 3605 817 3668 ⁴.
844 3638 883 3648 -
910 3605 1013 3669 Plato
1038 3625 1181 3686 quoque
1205 3607 1293 3669 dIcit
1316 3607 1515 3687 sapientem
1539 3625 1617 3669 esse
1645 3607 1717 3669 cul·

387 3715 500 3775 torem
523 3713 599 3786 Dei,
630 3715 771 3793 inquo,
796 3713 1064 3794 Augustino,
1089 3715 1256 3776 tradente
1278 3723 1372 3776 V111⁰
1399 3714 1464 3776 De
1494 3713 1587 3776 Civ.
1611 3713 1715 3786 Dei,

383 3818 571 3883 Platonem
595 3824 728 3894 secuto,
756 3821 935 3882 invenitur
958 3838 1068 3883 causa
1094 3821 1313 3883 subsistendi
1333 3821 1392 3883 vel
1414 3813 1652 3901 intelligendif
1682 3823 1719 3883 et

388 3927 476 3990 ordo
498 3928 654 4000 vivendi,
688 3927 726 3990 in
756 3928 885 4006 quibus
913 3925 1035 3990 rectal
1061 3927 1288 4008 philosophia
1319 3928 1489 3990 consistit.
1525 3927 1573 3991 Et
1595 3928 1718 3991 subdit

382 4031 611 4113 Augustinus,
629 4037 665 4096 et
689 4035 770 4096 ideo
797 4051 898 4096 ‹„,‚
913 4027 1029 4096 nulli¹¹
1045 4035 1149 4096 nobis
1174 4053 1282 4114 quarn
1305 4035 1365 4096 isti
1387 4035 1535 4114 propius
1558 4053 1716 4097 accesse-

387 4273 596 4285 ———

490 4475 522 4536 a)
535 4489 569 4519 =
588 4472 755 4526 Architam.
792 4474 824 4537 b)
839 4490 873 4519 =
891 4473 972 4526 inter
991 4474 1141 4527 miracula
1171 4473 1287 4538 divina,
1321 4475 1501 4542 operatione
1528 4473 1580 4538 (en
1596 4484 1716 4544 mange:

380 4560 547 4625 diabolica)
565 4563 597 4614 et
614 4563 753 4628 potentia
771 4562 877 4615 dlvina
895 4561 985 4616 tacta.
1022 4566 1051 4627 c)
1071 4589 1104 4598 —·
1122 4564 1199 4630 ipse.
1230 4565 1263 4626 d)
1282 4581 1316 4609 Ξ
1334 4564 1497 4617 universis.
1530 4568 1560 4629 e)
1578 4565 1717 4632 quintum

381 4652 475 4717 quod.
509 4649 595 4715 sl:
614 4651 694 4704 ratio
711 4651 911 4720 Intelligendi.
944 4655 978 4720 g)
997 4668 1031 4698 =
1050 4654 1124 4705 tota.
1160 4653 1193 4716 h)
1213 4681 1246 4689 —
1266 4653 1350 4706 nulli

490 4825 511 4892 ¹)
531 4827 575 4881 CI.
593 4827 737 4882 A.GE1.1.
757 4830 845 4882 Noct.
867 4832 950 4882 attic.
969 4829 1005 4891 X,
1025 4839 1084 4882 xn:
1106 4848 1140 4879 ι.
1157 4831 1417 4884 ...simulacrum
1430 4832 1590 4886 columbae
1603 4847 1621 4885 e
1634 4833 1716 4901 ligno

382 4917 423 4968 ab
441 4916 578 4987 Archyta
597 4918 718 4972 ratione
736 4919 870 4986 quadarn
888 4919 1111 4986 disciplinaque
1129 4919 1309 4972 mechanica
1325 4919 1439 4972 lactum
1458 4921 1614 4975 volasse».

491 5003 512 5072 ¹)
531 5006 794 5071 S.ht.¹lrru.,V11,
814 5007 857 5059 22.

490 5092 511 5160 ⁸)
530 5094 625 5147 Ecolt.
643 5095 721 5160 XIX,
740 5097 765 5149 t.

489 5181 511 5251 ⁴)
531 5183 576 5237 CI.
594 5183 698 5238 AmsT.
717 5186 855 5252 Metapa.
876 5184 940 5238 XII.
959 5185 1028 5240 lect.
1046 5187 1088 5251 νς
1107 5186 1202 5239 Didot
1220 5187 1272 5240 XI.
