4300 6117
466 904 510 966 30
984 913 1144 967 LUCULA
1167 911 1308 966 NOCTIS

466 1138 501 1198 in
525 1137 670 1216 populo,
708 1139 743 1198 et
766 1137 864 1198 stulti
898 1137 1093 1215 aliquando
1123 1137 1249 1216 sapite.
1297 1136 1366 1222 Qui
1396 1137 1573 1216 plantavit
1604 1155 1710 1198 aures
1734 1155 1804 1197 non

466 1244 612 1306 audiet?
657 1242 729 1304 Aut
762 1244 824 1322 qui
855 1242 958 1304 finxit
992 1243 1137 1305 oculum
1173 1263 1244 1305 non
1273 1244 1499 1306 considerat?
1553 1243 1622 1329 Qui
1657 1244 1803 1322 corripit

466 1354 599 1430 gentes,
636 1369 706 1412 non
739 1351 887 1430 arguet?
933 1349 1001 1435 Qui
1030 1351 1138 1412 docet
1169 1350 1328 1412 homines
1363 1351 1579 1413 scienciam?
1633 1350 1803 1413 Dominus

466 1459 535 1519 scit
559 1458 798 1537 cogitaciones
832 1457 1022 1529 hominum,
1058 1458 1143 1536 quia
1165 1476 1258 1519 vane
1291 1461 1373 1520 sunt
1389 1456 1399 1493 ¹
1418 1478 1444 1518 ».
1491 1456 1557 1519 Est
1581 1459 1674 1519 enirn
1697 1457 1803 1527 Deus,

469 1565 626 1625 omnium
660 1565 707 1626 de
741 1564 808 1626 hoc
841 1565 1068 1643 loquencium
1103 1566 1316 1635 testImonio,
1351 1565 1508 1643 quedam
1542 1584 1641 1626 mens
1664 1564 1722 1625 vel
1754 1566 1804 1624 in·

466 1671 630 1733 tellectus
675 1670 845 1745 infinitae,
884 1672 1018 1751 ubique
1058 1690 1217 1751 presens
1254 1672 1413 1733 omnium
1445 1673 1669 1750 possibilium
1707 1672 1804 1732 racio

467 1797 614 1855 summa,
640 1778 748 1839 nichil
777 1779 953 1858 ignorans,
980 1779 1046 1840 sed
1069 1779 1188 1839 omnia
1220 1782 1303 1840 actu
1327 1779 1432 1839 unico
1455 1778 1592 1840 videns.
1638 1777 1707 1840 Hic
1740 1780 1803 1848 est,

467 1886 566 1963 apud
589 1884 788 1957 Platonem,
813 1904 912 1948 mens
936 1886 1092 1946 maxima
1116 1886 1224 1964 plena
1248 1904 1367 1947 rerum
1390 1885 1492 1966 ydeIs
1507 1884 1536 1958 ²;
1576 1885 1674 1964 apud
1698 1884 1805 1965 Cyce·

467 1990 615 2053 ronem³
638 1995 673 2053 et
699 1990 900 2055 Maronem:
940 1993 1060 2053 anima
1084 1993 1216 2064 mundi,
1241 1994 1317 2053 tota
1340 2010 1488 2071 presens
1512 1993 1644 2071 ubique
1659 1990 1680 2053 ⁴.
1727 1990 1804 2052 Hoc

466 2099 639 2161 intellexit
679 2098 912 2180 philosophus
941 2098 1115 2169 Clemens,
1155 2099 1294 2161 dicens:
1338 2098 1553 2161 «Nobiliore
1592 2100 1629 2160 in
1665 2100 1805 2160 entibus

467 2209 549 2267 sunt
591 2207 706 2268 minus
741 2208 912 2269 nobilium
945 2207 1210 2285 exemplaria».
1241 2238 1285 2247 —
1308 2204 1367 2267 Ad
1405 2206 1444 2267 id
1484 2204 1641 2267 refertur
1671 2203 1805 2267 Senece

468 2312 612 2385 dictum,
638 2314 838 2392 epistola
853 2312 906 2385 40,
934 2313 996 2374 ubi
1016 2315 1081 2373 ait:
1113 2312 1255 2392 «Prope
1270 2312 1367 2374 Deus
1392 2315 1446 2374 est
1469 2316 1596 2385 tecum,
1622 2314 1716 2374 intus
1741 2314 1804 2373 est.

467 2418 522 2480 Ita
545 2420 637 2493 dico,
661 2419 796 2490 Lucilli,
829 2440 934 2482 sacer
967 2421 1064 2481 intra
1092 2438 1156 2481 nos
1183 2420 1330 2498 spiritus
1354 2420 1465 2491 sedet,
1500 2420 1674 2481 malorum
1696 2420 1805 2480 bono·

468 2544 619 2605 rumque
652 2545 811 2588 meorum
841 2528 1055 2589 observator
1084 2529 1120 2587 et
1155 2529 1290 2599 custos;
1326 2526 1382 2587 hic
1407 2528 1515 2605 prout
1537 2546 1559 2587 a
1582 2527 1685 2587 nobis
1713 2529 1805 2587 trac·

467 2635 581 2694 tatum
605 2636 668 2705 est,
699 2635 751 2695 ita
773 2635 851 2714 ipse
874 2653 939 2695 nos
965 2636 1127 2695 tractat»
1145 2630 1165 2693 ⁵.
1192 2670 1233 2678 —
1259 2632 1374 2695 Huius
1399 2634 1581 2712 sapiencia
1609 2633 1805 2694 secundum

467 2740 687 2801 maximum⁸
727 2740 991 2821 Areopagitam,
1037 2740 1133 2801 libro
1183 2740 1241 2801 de
1275 2740 1470 2802 Divinis
1510 2740 1804 2809 nominibus,

467 2846 624 2925 seipsam
647 2859 872 2927 cognoscens,
898 2848 1079 2927 cognoscit
1109 2848 1228 2907 omnia
1251 2849 1287 2907 et
1309 2848 1510 2908 materialia
1533 2850 1568 2907 et
1592 2847 1805 2908 immateria-

467 2951 550 3013 liter
573 2957 608 3015 et
633 2954 899 3016 indivisibiliter
921 2954 1127 3025 divisibilia,
1161 2955 1197 3014 et
1219 2954 1331 3015 multa
1354 2950 1554 3015 unitivesss.
1593 2953 1806 3014 Huiusmodi

468 3058 568 3121 iuxta
590 3059 749 3131 Paulum,
785 3060 1002 3141 Areopagite
1042 3061 1262 3140 magistrum,
1301 3062 1451 3121 «omnia
1486 3060 1583 3121 nuda
1615 3063 1650 3121 et
1680 3063 1806 3138 aperta

474 3170 557 3228 sunt
578 3168 690 3229 oculis
704 3189 719 3220 »
738 3166 758 3241 ⁷,
786 3188 866 3229 cum
889 3169 959 3229 sint
983 3167 1177 3228 lucidiores
1203 3168 1287 3238 sole,
1314 3170 1405 3229 teste
1428 3168 1542 3229 veteri
1566 3165 1735 3246 Sapiente
1750 3168 1771 3228 ⁸.

426 3267 457 3333 6.
563 3272 636 3336 Sed
666 3275 815 3336 terciam
838 3275 1136 3354 proposicionem,
1170 3256 1316 3344 scilicet,
1354 3275 1451 3352 quod
1481 3273 1577 3335 Deus
1614 3275 1662 3336 sit
1692 3274 1805 3336 omnis

471 3382 616 3453 veritas,
650 3382 747 3443 clare
782 3382 923 3444 deduco
947 3382 1068 3443 verbis
1102 3382 1307 3460 perpaucis
1354 3380 1450 3443 Deus
1482 3382 1576 3442 enim
1598 3382 1807 3461 simpliciter

474 3487 624 3567 simplex
647 3482 874 3567 simplicitate
897 3487 1071 3568 perfecta,
1097 3488 1231 3549 nullam
1249 3489 1539 3560 commistionem,
1564 3488 1698 3549 nullam
1714 3506 1806 3550 com·

472 3595 702 3673 posicionem,
727 3596 861 3657 nullam
884 3596 1134 3667 mutacionem,
1159 3595 1340 3656 nullumve
1355 3596 1522 3657 accidens
1539 3596 1806 3675 quomodolibet

474 3787 687 3796 -—-

577 3940 609 4000 a)
632 3961 663 3973 -
686 3936 861 3989 maxImum.

579 4077 599 4144 ¹)
621 4080 734 4131 Psalm.
753 4078 858 4141 XCIII,
876 4079 949 4131 8-11.

579 4166 599 4231 ¹²)
626 4168 766 4231 ΡιΛτοΝ,
792 4170 945 4231 Phaedon,
970 4183 1036 4234 cap.
1063 4158 1169 4231 XLV11'1,
1195 4178 1278 4231 xL1x,
1304 4168 1335 4221 et
1366 4166 1476 4221 Timoe.
1500 4168 1569 4220 Did.
1588 4170 1659 4221 tom.
1679 4169 1715 4233 11,
1740 4177 1806 4237 pag.

472 4258 533 4320 204,
552 4257 613 4309 218.

579 4344 600 4411 ἶ’)
621 4345 683 4398 01c.
703 4346 849 4398 Academ.
870 4346 892 4409 1,
908 4342 926 4413 5
945 4346 1008 4398 VII.

578 4432 600 4500 ⁴)
620 4434 709 4486 VIRG.
735 4434 1008 4498 Aenetd,V1‚726,
1027 4435 1095 4487 727:

872 4562 885 4586 ι
900 4578 905 4589 .
921 4577 927 4589 .
941 4576 948 4589 .
963 4577 969 4589 .
984 4549 1109 4600 totamque
1124 4546 1204 4588 iniusa
1217 4558 1261 4599 per
1276 4548 1342 4588 artus

873 4632 886 4656 a
900 4618 969 4660 biens
983 4619 1057 4671 agiist
1072 4618 1167 4668 molem,
1182 4620 1205 4659 et
1221 4622 1308 4670 magno
1322 4628 1348 4659 se
1363 4628 1469 4669 corpore
1483 4619 1567 4660 udseet
1579 4632 1597 4659 ».

580 4725 601 4793 ὅ)
620 4728 742 4792 δεηεε,
761 4731 804 4780 od
820 4730 925 4781 Lucili.
944 4727 1019 4792 XLI,
1038 4729 1064 4780 2.
1102 4727 1257 4801 Quelques
1276 4729 1443 4782 variantes.

580 4816 601 4882 ⁰)
620 4819 751 4870 DYON1S.
770 4819 816 4870 De
831 4820 922 4870 divin.
940 4819 1073 4880 Nomia,
1088 4833 1152 4884 cap.
1166 4828 1226 4869 vn:
1252 4817 1415 4884 ‹SeIpsam
1427 4818 1518 4885 igitur
1533 4818 1638 4871 divina
1650 4817 1807 4886 Sapientia

472 4921 613 4970 noscens,
632 4908 708 4960 sciet
726 4907 844 4970 omnia,
863 4908 1034 4960 materialia
1048 4908 1116 4959 sine
1128 4907 1267 4971 materia,
1288 4909 1319 4960 et
1332 4908 1465 4959 iudivise
1477 4907 1651 4971 divisibilia,
1671 4910 1702 4961 et
1718 4909 1808 4961 unice

473 4998 578 5060 multa,
596 4998 665 5063 ipso
684 5011 745 5049 uno
764 4997 866 5049 omnia
885 4998 917 5049 et
935 5005 1124 5065 cognoscens
1145 4998 1176 5049 et
1193 4997 1404 5063 producens».

583 5082 602 5149 ἵ)
621 5086 651 5138 S.
669 5086 767 5139 PAUI„
786 5088 829 5138 ad
845 5087 948 5150 Heba,
967 5086 1016 5149 IV,
1037 5086 1079 5138 13.

581 5174 603 5240 ⁸)
621 5176 717 5228 Ecelt.
735 5175 841 5238 XXIII,
859 5176 902 5229 28.
