4300 6117
847 930 1034 984 IOHANNIS
1056 929 1237 984 DOMINICI
1644 917 1709 983 375

375 1173 521 1218 carcere
546 1156 707 1235 corporis
730 1155 901 1216 nitentem
925 1154 1043 1216 anime
1066 1154 1248 1216 deducere
1263 1152 1477 1215 libertatem.
1503 1151 1632 1215 Currat
1650 1151 1707 1214 hic

375 1262 521 1323 moralis
546 1261 745 1334 Seneca,
781 1261 923 1323 dicens:
965 1257 1133 1323 <Facere
1157 1260 1263 1322 docet
1286 1259 1532 1341 phylosophia,
1561 1278 1632 1321 non
1655 1260 1707 1321 di·

376 1387 476 1442 cere;
501 1372 537 1431 et
552 1369 619 1431 hec
636 1370 751 1450 exigit,
775 1372 814 1430 ut
831 1369 879 1430 ad
901 1369 1015 1449 legem
1039 1386 1141 1430 suam
1158 1368 1310 1447 quisque
1323 1368 1433 1438 vivat,
1458 1385 1529 1428 non
1548 1366 1708 1431 oracioni

373 1476 448 1538 vita
472 1477 676 1547 dissenciat,
700 1479 741 1537 ut
763 1476 884 1538 verbis
899 1493 1011 1555 opera
1026 1473 1297 1538 concordenbl.
1314 1506 1357 1516 -
1369 1473 1418 1536 Et
1432 1474 1578 1536 iterum:
1605 1471 1708 1534 «Non

375 1584 430 1644 est
452 1582 689 1664 phylosophia
717 1583 893 1663 populare
915 1583 1118 1653 artificium,
1154 1600 1220 1644 nec
1253 1581 1489 1644 ostentacioni
1521 1583 1706 1661 paratum:

373 1707 445 1750 non
468 1690 505 1750 in
526 1690 657 1761 verbis,
682 1690 748 1751 sed
770 1690 807 1769 in
829 1690 937 1752 rebus
961 1693 1025 1760 est,
1051 1693 1149 1752 etc.»
1175 1688 1401 1770 Epistola
1415 1687 1528 1750 xv12.
1553 1725 1593 1732 -
1613 1686 1706 1750 Huic

372 1798 515 1877 iungam
550 1798 691 1876 precise
729 1810 873 1878 grecum
910 1797 1070 1858 divinum
1116 1796 1376 1877 philosophum,
1423 1793 1707 1876 Gregorium

374 1905 755 1975 nazianzenum,
779 1905 817 1965 in
839 1902 1164 1984 Apologetico
1186 1904 1421 1966 scribentem:
1449 1902 1706 1982 ‹Primasapi

373 2011 475 2072 encia
498 2014 554 2073 est
576 2011 652 2073 vita
668 2010 878 2073 laudabilis.
902 2010 967 2072 Ille
981 2010 1068 2072 mihi
1083 2010 1320 2072 videturesse
1337 2011 1491 2089 sapiens,
1513 2010 1574 2090 qui
1589 2027 1707 2090 pauca

373 2117 517 2197 quidem
541 2118 588 2180 de
610 2119 742 2180 virtute
766 2118 875 2179 animi
898 2099 1098 2180 commovet
1122 2121 1158 2180 et
1180 2118 1417 2197 proloquitur,
1453 2118 1558 2197 plura
1586 2119 1705 2178 autem

371 2226 409 2286 in
442 2225 516 2286 suis
551 2225 691 2287 actibus
723 2226 832 2304 atque
856 2225 1026 2305 operibus
1049 2224 1216 2298 ostendit,
1253 2227 1290 2286 et
1323 2223 1397 2286 iide
1420 2225 1523 2286 verbi
1556 2241 1706 2304 operum

371 2350 517 2394 snorum
540 2351 562 2393 a
585 2332 822 2412 stipulacione
846 2331 1045 2395 coufirmat.
1086 2330 1277 2412 sapiencia
1300 2333 1394 2394 enim
1428 2331 1491 2393 illa
1520 2332 1618 2394 clara
1640 2334 1703 2404 est,

370 2458 442 2501 non
465 2457 535 2518 que
558 2438 595 2500 in
617 2440 738 2502 verbis
761 2440 869 2512 volat,
882 2440 949 2501 sed
972 2457 1041 2519 que
1064 2440 1256 2502 virtutibus
1281 2437 1488 2501 constat»³.
1526 2437 1575 2499 Et
1594 2434 1705 2499 Tul·

371 2546 468 2620 lius,
492 2546 608 2608 libro
631 2547 766 2626 primo
789 2545 848 2608 De
872 2544 1042 2619 officis,
1066 2546 1212 2610 scribit:
1239 2543 1423 2608 «Virtutis
1442 2546 1555 2608 omnis
1572 2545 1650 2607 laus
1667 2545 1704 2606 in

370 2654 512 2715 actione
536 2654 737 2715 consistit».
762 2685 805 2694 —
827 2652 947 2715 Varro
970 2653 1084 2716 eciam
1104 2654 1174 2716 ait:
1207 2653 1340 2715 «Illum
1364 2653 1452 2734 elige
1475 2653 1702 2723 eruditorem,

371 2778 476 2839 quem
510 2761 623 2841 magis
655 2761 796 2822 mireris
828 2761 865 2822 in
895 2761 968 2822 suis
1003 2779 1111 2841 quam
1140 2761 1177 2822 in
1209 2761 1334 2822 alienis
1351 2783 1378 2822 >>.
1407 2791 1443 2802 -
1475 2759 1523 2822 Et
1554 2760 1703 2822 iterum:

373 2865 557 2929 <Multum
590 2868 740 2930 interest
772 2869 892 2929 utrum
920 2886 997 2929 rem
1030 2869 1147 2948 ipsam
1170 2887 1217 2929 an
1239 2868 1351 2929 libros
1374 2867 1557 2948 inspicias.
1603 2866 1704 2929 Libri

369 2993 441 3036 non
464 2974 532 3035 nisi
555 2975 792 3036 scienciarum
821 2976 1043 3056 paupercula
1062 2978 1299 3037 monumenta
1328 2977 1419 3048 sunt,
1449 2975 1627 3055 principia
1651 2975 1701 3036 in·

370 3081 626 3160 quirendorum
662 3083 853 3156 continent,
890 3084 927 3144 et
955 3083 1003 3144 ab
1035 3081 1103 3144 hiis
1136 3082 1346 3162 negociandi
1373 3081 1552 3162 principia
1583 3085 1701 3144 sumat

368 3189 508 3252 animus
523 3187 565 3252 2⁴.
590 3221 632 3230 -
656 3187 753 3251 Audi
784 3187 1082 3271 cyprianum,
1107 3188 1170 3251 De
1200 3187 1485 3268 Contempto
1508 3190 1699 3251 mortis:

372 3295 519 3358 ‹Nichil
548 3297 641 3358 enim
670 3297 829 3377 prodest,
861 3296 986 3376 inquit,
1010 3297 1132 3358 verbis
1154 3297 1316 3376 preferre
1342 3297 1511 3358 virtutem
1535 3299 1571 3358 et
1594 3295 1699 3358 iactis

369 3404 556 3466 destruere
579 3405 768 3466 veritatem
784 3401 826 3465 »5.

478 3510 717 3573 Adiciendum
741 3514 796 3573 est
816 3511 963 3590 insuper
985 3511 1136 3572 virtutes
1160 3529 1239 3572 esse
1263 3529 1450 3583 connexas,
1486 3512 1609 3590 itaque
1638 3511 1699 3591 qui
1712 3520 1744 3583 4,

368 3637 439 3680 una
462 3621 561 3680 caret
584 3618 718 3679 nullam
737 3618 932 3698 possideat,
957 3619 1056 3680 iuxta
1072 3618 1273 3680 doctrinam
1287 3617 1363 3680 fere
1379 3619 1535 3680 omnium
1552 3617 1699 3680 catholi-

368 3743 491 3786 corum
515 3728 552 3787 et
574 3724 797 3787 ethnicorum
819 3726 1058 3794 scribencium
1081 3725 1127 3787 de
1151 3743 1191 3786 re
1214 3725 1288 3788 tali.
1312 3724 1392 3788 Non
1416 3727 1509 3788 enim
1532 3725 1624 3787 iides
1644 3729 1699 3788 est

366 3832 490 3905 virtus,
526 3834 584 3895 cui
617 3833 721 3894 deest
754 3833 905 3906 iusticia,
942 3833 1126 3904 fortitudo,
1161 3833 1361 3912 prudencia
1385 3836 1421 3894 et
1444 3833 1698 3913 temperantia,

366 3939 424 4000 vel
447 3940 574 4002 harum
608 3940 776 4019 quelibet.
816 3939 1006 4002 Fortitudo
1029 3941 1153 4012 eciam,
1187 3941 1218 4002 si
1240 3941 1335 4001 iusta
1363 3943 1522 4013 nonest,
1556 3940 1699 4002 virtutis

367 4065 496 4108 nomen
519 4047 660 4120 amittit,
685 4047 782 4126 quod
806 4065 877 4108 non
892 4047 1050 4108 admittit
1064 4047 1217 4120 iusticia,
1241 4047 1303 4109 ubi
1327 4047 1434 4109 tuerit
1450 4065 1472 4108 a
1489 4047 1700 4108 fortitudine

366 4154 550 4216 derelicta.
588 4153 655 4216 Est
690 4155 783 4215 enim
804 4155 947 4216 virtutis
981 4171 1111 4216 nomen
1134 4155 1366 4227 abstractum,
1391 4173 1462 4215 non
1483 4158 1699 4224 concretum,

366 4261 465 4323 cuius
489 4265 617 4324 nature
641 4264 695 4322 est
719 4262 774 4323 sui
797 4262 935 4342 generis
970 4262 1109 4341 species
1133 4280 1255 4323 omnes
1283 4262 1431 4334 ambire,
1468 4262 1534 4323 sed
1557 4261 1638 4341 plus
1663 4263 1698 4322 et

472 4747 493 4815 ¹)
511 4749 544 4801 L.
563 4747 620 4800 ΑΝ.
639 4748 750 4801 SENEC.
770 4749 869 4815 Epist.
888 4749 931 4799 ad
947 4748 1053 4800 Luoiil.
1070 4747 1149 4810 XVI,
1167 4747 1193 4800 2.
1210 4747 1316 4800 Exact.

472 4836 495 4903 ²)
512 4839 557 4890 ln.
578 4839 677 4905 Epist.
696 4837 774 4899 XVI,
793 4837 818 4890 3.

355 4968 359 4976 ,
472 4924 493 4993 ³)
512 4928 611 4981 GREG.
629 4927 706 4979 an.
734 4927 841 4981 Oratio
858 4926 936 4980 XVI.
960 4929 997 4980 In
1015 4928 1140 4980 Patrem
1160 4931 1314 4991 iacentem,
1333 4943 1399 4994 cap.
1418 4927 1443 4992 2,
1462 4926 1487 4980 ³.
1506 4928 1541 4980 In
1563 4927 1653 4995 Oper.
1674 4929 1697 4991 1,

364 5017 425 5082 935,
448 5018 510 5071 938.
847 5062 849 5065 .

470 5105 492 5172 ⁴)
510 5107 550 5159 Μ.
569 5104 602 5159 T.
622 5107 684 5160 Cle.
703 5109 750 5161 De
771 5105 896 5171 Officiis
913 5107 937 5171 1,
957 5117 1000 5158 η

470 5193 492 5263 ⁵)
511 5196 540 5250 S.
561 5196 710 5249 CYPRIAN.
733 5198 827 5250 Liber
842 5199 880 5249 de
899 5197 1099 5259 Mortaliiaie,
1118 5213 1185 5266 cap.
1204 5208 1257 5262 xx,
1276 5201 1319 5250 ad
1331 5196 1389 5262 sin.
1409 5199 1444 5251 In
1466 5197 1558 5267 Oper.
1579 5199 1615 5262 11,
1635 5197 1697 5252 ⁶19.
