4300 6117
826 1039 1012 1092 IOHANNIS
1034 1032 1217 1093 DOMINICI
1643 1032 1688 1094 39

464 1261 679 1324 Pertranseo
710 1263 848 1341 reliqua
882 1281 974 1324 nove
1006 1262 1093 1342 legis
1126 1262 1163 1322 in
1198 1262 1337 1340 quibus
1374 1263 1411 1322 ni
1441 1263 1555 1331 fallor,
1590 1264 1688 1326 nulla
1702 1265 1732 1326 9.

351 1369 503 1430 licencia
536 1371 605 1432 ocii
640 1372 713 1432 tam
736 1370 851 1431 sancti
886 1370 1159 1448 dampnacionis
1193 1370 1371 1430 invenitur
1402 1388 1581 1441 concessa,
1611 1372 1687 1449 qui·

353 1495 496 1557 nymmo
530 1478 654 1555 pocius
690 1479 744 1538 est
779 1477 965 1556 denegata.
1012 1476 1053 1537 In
1089 1476 1267 1538 Actibus
1308 1477 1474 1555 equidem
1511 1476 1687 1556 Aposto-

351 1582 504 1654 lorum,
545 1584 691 1662 quidam
741 1583 911 1644 mundani
949 1582 1171 1665 phylosophi,
1214 1586 1250 1644 et
1289 1584 1452 1645 fortassis
1507 1584 1687 1663 platonici,

352 1692 547 1751 narrantur
579 1691 627 1752 ad
663 1688 781 1769 Xpisti
817 1690 928 1751 fidem
965 1690 1135 1761 converti,
1173 1708 1324 1768 quorum
1357 1691 1442 1752 libri
1475 1709 1541 1769 per
1572 1692 1687 1753 dictos

352 1796 546 1875 Apostolos
570 1815 641 1858 non
662 1798 743 1869 usti,
778 1797 843 1858 sed
866 1797 1003 1859 venditi
1033 1797 1211 1867 dicuntur,
1244 1799 1279 1857 et
1304 1815 1426 1858 eorum
1450 1798 1573 1876 precia
1596 1799 1689 1860 inter

352 1903 481 1965 fideles
505 1904 620 1965 divisa
631 1902 650 1966 ¹.
689 1901 727 1964 Si
750 1903 891 1984 legendi
915 1923 986 1965 non
1010 1905 1122 1973 erant,
1147 1904 1347 1965 nullatenus
1380 1906 1482 1965 erant
1498 1905 1687 1977 vendendi,

354 2010 422 2071 nisi
445 2011 577 2072 dixeris
601 2029 731 2072 avaros
754 2011 878 2072 mundi
902 2012 1175 2089 contemptores,
1200 2009 1401 2089 Apostolos,
1427 2011 1473 2072 de
1493 2011 1625 2073 illicitis
1653 2015 1688 2074 et

354 2118 483 2178 iniuria
506 2117 573 2178 Dei
595 2118 687 2179 velle
711 2119 871 2197 potuisse
895 2117 1013 2178 ditari.

464 2232 505 2294 In
529 2232 695 2295 Canone
723 2252 818 2303 vero,
857 2236 894 2294 et
929 2234 1051 2314 regula
1085 2231 1275 2313 Xpistiane
1304 2235 1377 2295 vite
1404 2233 1587 2313 Digesta,
1622 2223 1755 2295 hec10.

355 2359 448 2401 nova
486 2341 626 2419 questio
664 2341 809 2401 videtur
844 2341 893 2401 ad
931 2340 1075 2419 plenum
1118 2341 1245 2419 sopita.
1306 2340 1396 2401 Nam
1435 2342 1472 2401 in
1509 2339 1689 2402 Distine-

355 2448 469 2508 tione
491 2445 682 2506 XXXVII
697 2446 718 2518 ²,
753 2450 945 2526 postquam
969 2440 1030 2527 [G]
1055 2448 1221 2509 racianus
1247 2448 1464 2509 recitaverat
1488 2448 1594 2518 dicta,
1619 2465 1690 2525 que

355 2555 523 2615 videntur
546 2554 583 2614 in
607 2555 740 2615 cortIce
763 2553 1055 2633 philosophorum
1079 2555 1198 2616 studio
1227 2555 1410 2634 derogare,
1441 2557 1480 2615 ut
1503 2555 1558 2615 sui
1582 2554 1690 2615 moris

356 2664 418 2731 est,
456 2661 599 2722 obiecta
622 2661 770 2740 deponit
801 2664 837 2722 et
868 2661 1025 2723 elucidat
1048 2662 1247 2733 veritatem,
1284 2661 1500 2723 concludens
1532 2680 1598 2741 per
1620 2660 1691 2722 Be-

356 2768 449 2828 dam
478 2771 515 2829 et
549 2768 638 2829 alios
669 2768 800 2847 plures.
847 2767 909 2828 Ait
939 2786 1095 2846 namque
1123 2767 1224 2830 Beda
1250 2768 1477 2839 venerabilis,
1508 2769 1545 2828 in
1579 2768 1689 2829 libro
1770 2784 1772 2791 ’

356 2872 521 2954 Regum:
548 2870 717 2937 «Turbat
739 2894 889 2937 acumen
913 2875 1118 2954 legencium,
1145 2878 1181 2936 et
1205 2875 1361 2937 deficere
1386 2877 1488 2955 cogit,
1515 2876 1576 2953 qui
1593 2893 1653 2935 eos
1670 2892 1692 2934 a

355 2981 514 3060 legendis
537 2982 759 3043 secularibus
784 2981 885 3043 libris
910 2983 1074 3044 omnibus
1099 2982 1215 3043 modis
1232 2982 1411 3043 existimat
1433 2982 1690 3061 prohibendos;

356 3088 392 3147 in
415 3089 556 3166 quibus,
594 3089 624 3149 si
658 3106 730 3167 qua
765 3089 910 3149 inventa
945 3092 1027 3150 sunt
1055 3089 1166 3159 utilia,
1207 3090 1310 3167 quasi
1335 3108 1400 3150 sua
1423 3107 1563 3150 sumere
1597 3088 1691 3149 licet.

356 3194 526 3273 Alioquin
549 3193 693 3276 Moyses
716 3199 752 3257 et
775 3195 903 3257 Daniel
927 3197 1111 3275 sapiencia
1140 3197 1175 3256 et
1198 3196 1327 3257 litteris
1351 3194 1590 3277 Egypciorum
1615 3194 1693 3255 Cal·

357 3301 578 3380 deorumque
601 3321 673 3363 non
695 3305 906 3381 paterentur
930 3303 1074 3372 erudiri,
1100 3321 1251 3381 quorum
1273 3305 1392 3363 tamen
1417 3302 1692 3382 supersticiones

356 3408 461 3470 simul
486 3409 522 3469 et
546 3409 694 3470 delicias
725 3409 929 3470 horrebant.
977 3409 1049 3470 Nec
1074 3410 1152 3487 ipse
1176 3410 1345 3489 magister
1369 3410 1530 3489 gencium
1553 3408 1692 3486 aliquos

356 3534 481 3576 versus
516 3517 704 3595 poetarum
739 3517 813 3577 suis
847 3516 906 3576 vel
940 3517 1083 3595 scriptis
1113 3516 1305 3578 indidisset
1334 3517 1391 3577 vel
1421 3517 1567 3577 dictis.»
1616 3514 1693 3576 Hec

356 3621 456 3683 Beda
472 3620 493 3683 ³.
541 3621 781 3684 Hostiensis
818 3641 970 3701 quoque,
1011 3622 1115 3683 huius
1154 3623 1316 3684 doctrine
1348 3623 1548 3684 elucidator
1579 3622 1692 3702 preci·

357 3747 458 3807 puuS,
494 3730 555 3790 ubi
580 3731 625 3791 de
650 3731 825 3808 qualitate
848 3731 1162 3809 perficiendorum,
1193 3730 1369 3791 notabiles
1394 3730 1510 3809 glosas
1534 3729 1691 3809 apponit,

358 3837 507 3897 sciolum
541 3836 743 3897 liberalium
780 3838 917 3898 arcium
953 3836 1196 3898 ordinandum
1233 3834 1411 3897 deffiniri.
1460 3834 1532 3897 Sed
1569 3837 1604 3895 in
1627 3834 1694 3895 Di·

358 3944 664 4005 stinctionibus
688 3942 760 4003 XV
785 3946 825 4005 et
847 3941 944 4003 XVI
970 3946 1141 4005 notantur
1164 3944 1322 4004 universi
1345 3943 1429 4003 libri
1452 3942 1623 4022 prohibiti
1647 3943 1692 4004 ab

357 4048 530 4121 Ecclesia,
564 4051 657 4111 inter
680 4069 769 4129 quos
794 4070 865 4112 non
889 4052 1120 4111 nominantur
1143 4050 1202 4121 hii,
1233 4050 1295 4128 qui
1317 4049 1433 4119 hodie,
1459 4050 1595 4110 utinam
1618 4051 1694 4111 sine

358 4156 485 4218 livore!
502 4175 524 4217 a
541 4157 757 4235 quibusdam
771 4158 896 4237 paucis
913 4158 1076 4218 fortassis
1091 4157 1334 4237 ignorantibus
1350 4174 1420 4227 eos,
1438 4157 1692 4229 acclamantur,

358 4262 478 4324 infesti
501 4262 655 4325 humane
678 4265 785 4326 saluti
810 4267 845 4325 et
871 4265 1013 4343 penitus
1038 4283 1109 4325 nou
1132 4263 1272 4343 legendi
1284 4261 1305 4325 ⁵.

470 4604 490 4668 ¹)
514 4606 582 4657 Aci.
605 4604 683 4668 XIX,
704 4605 745 4657 19.
782 4606 831 4657 En
856 4606 980 4657 realile':
1013 4606 1233 4657 «contulerunt
1263 4605 1370 4666 libros,
1401 4608 1431 4657 et
1463 4605 1696 4657 combusserunt

258 4712 264 4727 ·
358 4710 463 4747 coram
481 4694 639 4756 omnibus;
659 4695 698 4757 et,
716 4695 899 4760 computatis
918 4694 1025 4760 pretiIs
1043 4694 1175 4757 illorum,
1193 4694 1380 4746 Invenerunt
1398 4693 1589 4760 pecuniam...
1609 4695 1691 4746 etc.»

466 4782 488 4848 ²)
508 4783 605 4835 GRAT.
623 4785 744 4835 Decret.
768 4783 842 4849 Cap.
870 4781 986 4835 Turba!
1002 4798 1129 4835 acumen
1148 4783 1225 4845 VIII,
1244 4784 1321 4835 Dist.
1344 4782 1490 4833 XXXVII.

467 4870 487 4935 ³)
506 4872 583 4923 VEN.
602 4872 679 4924 BED.
698 4874 734 4924 In
753 4872 904 4925 Samuelis
921 4874 1093 4941 allegoricis
1112 4873 1358 4937 expositionibus,
1383 4871 1435 4923 lib.
1456 4872 1492 4933 II,
1511 4886 1576 4938 cap.
1595 4882 1637 4922 Ix.
1656 4872 1692 4923 In

361 4960 452 5029 Opcr.
471 4964 491 5013 t.
511 4961 623 5022 11,c01.
643 4961 753 5014 589-90.

464 5048 486 5114 ⁴)
506 5050 604 5102 GRAT.
634 5052 754 5102 Decrei.
786 5049 859 5117 Cap.
907 5051 955 5102 De
986 5050 1169 5115 quibusdam
1200 5049 1264 5112 XII,
1293 5050 1368 5101 Dist.
1403 5058 1514 5100 xxxvn
1551 5044 1693 5115 [Gloses].

360 5138 403 5191 Cf.
419 5139 450 5192 S.
464 5140 558 5190 PETR.
573 5138 713 5190 DAMAN.
733 5137 843 5205 Opusc.
858 5138 962 5189 XXVI.
991 5138 1103 5190 Contra
1123 5140 1273 5190 inscitiam
1292 5141 1322 5191 et
1335 5141 1482 5190 incuriam
1499 5137 1697 5189 clericorum.

465 5224 487 5292 ¹³)
508 5227 604 5279 GRAT.
623 5229 742 5281 Decrei.
776 5228 848 5294 Cap.
868 5227 981 5280 Sancta
999 5228 1141 5284 Romana
1159 5228 1301 5280 Ecclesia
1319 5226 1369 5289 111,
1387 5226 1464 5277 Dist.
1483 5224 1546 5277 XV.
1566 5229 1596 5278 et
1615 5226 1693 5278 Dist.

360 5314 428 5367 XVI
447 5332 486 5369 en
506 5316 614 5370 enitet.
