4300 6117
819 933 1009 987 IOHANNIS
1033 933 1213 986 DOMINICI
1644 923 1685 985 15

350 1152 416 1216 Vis
440 1173 546 1218 nosse
579 1156 654 1217 eius
683 1157 960 1235 magnitudinem
983 1154 1170 1229 infinitam,
1208 1156 1687 1235 incircumscriptibilemque

350 1263 549 1325 maiestatis
574 1263 796 1325 essenciam?
824 1262 932 1344 Apud
955 1261 1292 1343 Empedoclem
1323 1264 1375 1325 sic
1404 1263 1550 1342 legimus
1577 1263 1687 1342 scrip·

351 1370 441 1430 tum:
466 1368 591 1431 «Deus
608 1373 664 1431 est
678 1369 819 1449 sphera,
845 1370 944 1431 cuius
961 1373 1122 1431 centrum
1138 1369 1279 1449 ubique,
1298 1370 1591 1431 circumferencia
1607 1388 1688 1431 nus·

351 1492 500 1554 quam».
534 1475 708 1561 Querisne
731 1476 904 1538 unitatem
926 1476 1095 1549 essencie,
1121 1479 1246 1538 contra
1268 1475 1396 1538 falsam
1417 1477 1688 1538 extimacionem

349 1583 536 1663 vulgarem
569 1584 786 1662 pluralitatis
811 1584 985 1645 deorum?
1025 1581 1289 1645 Varronem
1324 1584 1430 1663 legito
1463 1586 1572 1663 atque
1593 1582 1688 1644 Ma·

352 1707 527 1761 ronem,
562 1691 624 1770 qui
648 1691 792 1751 turbam
817 1690 966 1752 deorum
989 1692 1151 1751 membra
1174 1691 1253 1751 iore
1276 1691 1393 1769 magni
1428 1691 1487 1751 dei
1520 1692 1686 1761 latentur,

350 1798 415 1858 aut
430 1800 575 1858 sanctos
592 1797 678 1871 eius,
695 1815 794 1858 more
810 1799 943 1869 nostro,
960 1811 1050 1875 quos
1064 1796 1190 1876 vulgus
1206 1797 1368 1876 ignarum
1384 1798 1525 1859 nomine
1541 1815 1687 1876 venera·

350 1904 460 1965 batur
484 1904 602 1965 divino
614 1901 635 1966 1.
680 1899 798 1965 Testis
823 1906 878 1965 est
905 1904 1102 1965 versiculus
1125 1904 1185 1965 ille
1209 1906 1329 1983 poete:

779 2060 915 2113 Celicole
932 2060 1002 2123 met,
1020 2063 1161 2114 membra
1180 2062 1230 2113 dei
1241 2056 1259 2112 ².

460 2205 613 2268 Prodest
648 2205 940 2269 Mercurium
974 2203 1334 2287 Trimegistum³
1373 2204 1603 2268 Hanetem
1640 2206 1687 2266 le·
1724 2203 1754 2267 7.

351 2314 454 2393 gisse,
481 2314 541 2393 qui
558 2314 656 2393 apud
671 2312 915 2394 Augustinum,
940 2315 1034 2376 libro
1050 2313 1158 2374 v1110
1180 2313 1242 2375 De
1259 2313 1473 2375 Ciuitate
1495 2312 1563 2374 Dei
1583 2321 1686 2383 XXIII,

351 2421 513 2499 scripsit:
552 2418 694 2504 «Quum
719 2421 805 2482 deos
829 2422 988 2492 celestes,
1024 2422 1064 2482 id
1088 2424 1143 2483 est
1170 2440 1284 2491 veros,
1310 2422 1464 2493 sanctos,
1488 2418 1573 2481 lecit
1596 2438 1688 2480 sum·

352 2546 431 2588 mus
455 2526 562 2599 Deus,
586 2526 675 2588 alios
699 2530 819 2589 autem
843 2529 941 2600 deos,
980 2528 1017 2589 id
1040 2531 1096 2590 est
1118 2528 1237 2609 ydola,
1275 2527 1362 2589 iacit
1385 2526 1491 2589 homo
1515 2530 1687 2597 terrenus,

351 2632 548 2712 aliquando
572 2634 779 2706 abolendos,
810 2636 896 2713 quia
920 2635 1123 2697 resolvendi
1147 2636 1287 2696 suntin
1317 2636 1450 2714 partes,
1486 2653 1530 2695 ex
1560 2634 1689 2712 quibus

352 2742 631 2820 componuntur:
668 2742 820 2803 materia
845 2742 984 2804 scilicet
1006 2742 1176 2820 qualibet,
1202 2744 1238 2803 et
1262 2738 1472 2803 demone>›⁴.
1513 2739 1689 2825 Quinymo

352 2849 462 2909 trium
485 2865 720 2927 personarum
743 2849 968 2910 maiestatem
991 2849 1207 2921 distinctam,
1233 2867 1313 2909 cum
1330 2848 1593 2927 simplicissima
1615 2847 1690 2907 uni·

352 2956 428 3016 tate
452 2956 588 3025 nature,
625 2954 916 3035 phliosophorum
939 2956 1058 3017 littere
1094 2956 1250 3017 tradunt.
1297 2954 1358 3016 Ait
1395 2955 1489 3016 enim
1521 2955 1689 3032 antiquus

352 3056 587 3141 Trimegistus
613 3060 825 3132 Mercurius,
851 3081 958 3141 quem
982 3064 1029 3124 ob
1052 3063 1225 3143 insignem
1241 3062 1461 3141 sapienciam
1485 3062 1578 3122 inter
1593 3061 1689 3139 ‚deos

354 3168 496 3247 priores
519 3168 765 3247 ascripserunt
786 3170 906 3248 argui:
934 3168 1086 3231 ‹Monas
1109 3170 1229 3249 genuit
1253 3169 1453 3239 monadem,
1479 3170 1514 3229 et
1537 3168 1574 3229 in
1597 3168 1689 3245 seip-

354 3292 434 3335 sum
457 3293 561 3336 suum
584 3274 740 3337 reflectit
762 3273 976 3346 ardoremt,
1011 3276 1114 3346 idest,
1144 3294 1234 3337 unus
1258 3276 1379 3355 genuit
1401 3293 1519 3336 unum.
1557 3273 1689 3335 Notum

357 3384 412 3444 est
436 3384 566 3454 autem,
588 3382 704 3443 sicut*
728 3385 861 3444 tractat
883 3385 1030 3444 sanctus
1050 3379 1215 3453 Thomas,
1241 3381 1349 3444 Parte
1371 3382 1497 3461 prima,
1523 3381 1621 3460 quod
1645 3380 1690 3441 de

355 3506 427 3549 uno
450 3487 527 3550 Deo
550 3490 649 3567 loqui
671 3488 847 3551 volebatt.

463 3593 578 3679 Quam
603 3598 728 3674 aperte
751 3597 797 3657 de
821 3596 943 3657 divina
959 3596 1131 3667 bonitate,
1155 3598 1434 3675 propterquam
1457 3594 1577 3656 omnia
1593 3593 1688 3664 lecit,
1727 3589 1757 3652 8.

317 3784 327 3793 .
354 3701 402 3763 de
425 3720 498 3780 qua
528 3704 708 3781 potestate
732 3721 804 3782 qua
837 3705 966 3764 cuncta
990 3704 1135 3773 creavit,
1172 3702 1218 3764 de
1241 3703 1352 3782 ipsius
1381 3702 1562 3782 sapiencie
1587 3700 1690 3762 clari-

355 3809 429 3870 tate
453 3827 525 3887 qua
548 3810 668 3869 omnia
691 3811 823 3889 ubique
846 3810 955 3881 videt,
991 3810 1153 3871 inlibris
1186 3810 1369 3889 gentilium
1405 3809 1538 3870 diserte
1572 3808 1690 3887 legun-

356 3918 447 3986 turs,
471 3916 601 3994 quibus
625 3915 713 3977 farsi
736 3919 818 3978 sunt
842 3916 985 3978 codices
1010 3915 1283 3978 catholicorum!
1307 3916 1433 3977 Nonne
1452 3915 1604 3986 videtur,
1628 3915 1693 3974 aut

357 4137 568 4145 -—-.—.—.—.-

463 4313 496 4373 a)
517 4312 548 4370 «1-
569 4310 675 4363 eciam.
714 4311 745 4374 b)
765 4326 799 4356 =
818 4310 996 4377 loquuntur.

465 4485 486 4552 ¹)
505 4487 636 4554 D'aprts
655 4488 683 4540 S.
702 4488 783 4542 AUG.
802 4490 839 4540 de
859 4486 920 4539 civ.
939 4489 1004 4540 Det.
1028 4487 1076 4549 1v,
1096 4497 1137 4538 rx.

467 4573 488 4640 ²)
509 4576 555 4629 ct.
576 4577 694 4628 Vmon.
731 4579 806 4630 Aen.
826 4576 862 4639 X,
880 4577 906 4629 ⁶.

466 4663 486 4729 ³)
511 4664 642 4718 Hermes
667 4663 864 4734 Trismegtste
892 4664 939 4717 int
966 4680 1067 4718 connn
1092 4664 1135 4717 du
1161 4664 1276 4731 Moyen
1294 4664 1359 4730 Age
1384 4662 1505 4715 surtout
1530 4676 1587 4727 par
1612 4661 1694 4712 denx

357 4763 529 4822 ouvrages:
550 4755 629 4806 101e
646 4756 836 4807 Poemander
855 4753 896 4817 (le
915 4752 1055 4817 Pasteur)
1074 4769 1114 4806 ou
1133 4755 1170 4806 de
1185 4754 1340 4818 potestate
1359 4755 1388 4804 et
1406 4753 1558 4818 supientia
1576 4752 1696 4809 divium·

359 4843 390 4894 2⁰
408 4844 608 4910 L'Ascteptus
635 4860 676 4897 ou
700 4846 839 4912 dialogus
864 4846 901 4896 de
919 4847 993 4905 Deo,
1013 4844 1184 4895 homtntbus
1208 4846 1238 4895 et
1263 4856 1365 4894 rerum
1390 4842 1595 4893 universitate.
1634 4839 1693 4891 Ces

359 4931 453 4985 livres
473 4935 544 4986 sont
562 4932 766 5002 apocryphes.
804 4930 896 5000 [Edit.
915 4932 1053 4993 Menard,
1071 4932 1159 4984 Paris
1180 4926 1269 4997 18661.

465 5020 487 5085 ⁴)
506 5022 536 5075 S.
557 5022 649 5084 Aue..
667 5024 714 5075 De
733 5026 811 5074 civit.
829 5024 896 5084 Det,
914 5022 991 5084 VllI,
1010 5032 1096 5073 XX111.
1133 5021 1169 5072 In
1189 5020 1273 5086 Oper
1302 5018 1366 5081 VII,
1386 5018 1447 5081 247,
1465 5021 1603 5071 adseris.

466 5106 743 5176 ⁵)TR18MEG18TUS,
762 5112 952 5163 Poemander
969 5126 1010 5165 ou
1029 5111 1203 5172 Pimander,
1222 5110 1340 5177 Dtalog.
1362 5108 1410 5159 IV.

466 5197 537 5265 ⁶)S.
558 5199 663 5253 litora.
689 5201 718 5252 1¹²
738 5200 772 5274 Q.
791 5200 911 5263 XXXII,
930 5201 955 5264 1,
974 5201 1023 5252 ad.
1046 5201 1070 5251 1.
