4300 6117
855 904 1042 957 IOHANNIS
1065 905 1248 958 DOMINICI
1648 894 1715 957 293

682 1026 700 1061 s

378 1128 542 1190 veritatis
565 1147 758 1208 numquam
781 1130 1060 1210 pervenientes»
1077 1127 1114 1190 ¹?
1146 1128 1272 1191 Nonne
1295 1130 1524 1210 propatulum
1548 1131 1603 1190 est
1626 1128 1713 1189 satis

378 1235 512 1297 similes
536 1236 647 1298 libros
669 1238 745 1298 fore
770 1238 872 1299 nobis
888 1237 1100 1316 prohibitos,
1125 1238 1277 1298 maxime
1293 1237 1451 1299 nondum
1466 1235 1572 1315 plene
1586 1236 1624 1296 in
1638 1233 1713 1296 fide

380 1341 548 1411 fundatis,
574 1344 719 1421 quando
744 1346 885 1406 constat
900 1362 1075 1405 summum
1091 1342 1308 1423 pontificem,
1340 1344 1439 1405 cuius
1456 1342 1713 1404 determinacio

380 1451 436 1510 est
458 1449 515 1509 lex
538 1451 767 1512 observanda
790 1454 826 1512 et
848 1452 929 1529 plus
954 1453 1008 1512 esi
1031 1451 1130 1529 loqui
1152 1449 1258 1513 iactis
1282 1468 1390 1529 quam
1404 1450 1535 1522 verbis,
1561 1448 1713 1511 cremari

382 1556 483 1618 iussit
506 1556 596 1626 illos,
632 1558 693 1636 qui
716 1558 832 1620 minus
857 1558 985 1619 ceteris
1021 1559 1196 1619 adversus
1219 1556 1503 1637 irrefragabilem
1530 1555 1640 1618 iidem
1662 1556 1712 1618 lo·

380 1664 534 1725 cuntur?

485 1769 544 1831 Ad
578 1770 843 1833 dubitacionem
878 1772 959 1833 dico
993 1772 1189 1833 secundam
1224 1771 1332 1832 nichil
1366 1772 1570 1850 contingere
1605 1787 1712 1849 posse
1726 1770 1778 1833 20.

379 1878 504 1938 contra
527 1879 702 1950 naturam,
727 1879 785 1939 vel
801 1879 914 1940 eciam
931 1878 1029 1957 quod
1044 1878 1178 1941 forcius
1195 1881 1258 1949 est,
1283 1896 1393 1957 supra
1408 1880 1583 1939 naturam.
1608 1876 1712 1938 Unde

379 1984 446 2045 iste
469 1986 739 2064 proposiciones
765 1988 801 2047 et
824 1990 944 2047 celere
967 1989 1049 2046 sunt
1072 1986 1255 2047 naturales
1280 1988 1316 2046 et
1330 2004 1417 2046 vere
1439 1985 1635 2047 secundum
1651 2002 1712 2045 na·

379 2093 512 2153 turam:
538 2092 643 2163 unde,
668 2110 806 2153 summa
822 2112 880 2154 res
902 2097 956 2154 est
979 2093 1191 2171 simpliciter
1213 2093 1372 2171 simplex,
1395 2094 1441 2155 ab
1459 2093 1554 2155 omni
1570 2110 1712 2171 compo·

378 2198 513 2259 sicione
536 2202 683 2270 semota,
719 2202 814 2261 trina
837 2201 873 2261 in
896 2202 1061 2278 personis
1086 2203 1122 2263 et
1145 2201 1250 2261 unica
1274 2201 1310 2260 in
1333 2200 1504 2272 essencia,
1528 2201 1628 2279 virgo
1652 2218 1712 2278 pe·

280 2362 282 2366 .
378 2306 482 2383 perit,
507 2305 603 2368 Deus
620 2311 725 2368 natus
742 2310 805 2377 est,
831 2308 962 2369 mortui
986 2311 1183 2388 resurgunt,
1210 2308 1285 2369 ceci
1301 2306 1433 2379 vident,
1458 2308 1546 2369 muti
1562 2306 1711 2385 loquun-

381 2414 449 2484 tur,
486 2414 661 2493 generalis
695 2416 916 2476 resurreccio
951 2418 1006 2476 est
1028 2418 1259 2487 mortuorum,
1297 2418 1332 2476 et
1367 2415 1418 2476 sic
1456 2414 1502 2475 de
1525 2414 1710 2475 similibus.

378 2518 470 2580 Nam
486 2514 611 2600 [iuxta]
628 2523 791 2582 sanctum
807 2520 1042 2601 Augustinum
1064 2522 1101 2583 in
1117 2522 1209 2584 libro
1234 2520 1387 2601 Super
1410 2520 1631 2583 Genesim
1654 2520 1712 2581 ad

378 2624 602 2689 Litteram
613 2627 633 2701 ²,
658 2628 696 2688 in
707 2627 786 2689 ·hoc
800 2626 959 2690 Platonis
976 2629 1315 2691 determinacionem
1331 2630 1549 2707 sequentem,
1573 2628 1612 2690 id
1631 2647 1711 2690 cen·

376 2733 528 2795 sendum
552 2738 606 2796 est
630 2736 803 2807 naturale,
840 2736 938 2815 quod
960 2736 1007 2797 sit
1029 2736 1130 2798 iuxta
1152 2737 1391 2815 capacitatem
1424 2738 1552 2797 nature
1584 2735 1711 2813 recipi·

377 2842 479 2912 entis,
514 2845 550 2903 et
572 2861 644 2903 non
667 2845 793 2905 contra
815 2844 910 2904 vires
933 2844 1055 2923 ipsius.
1095 2842 1215 2923 Ignem
1238 2845 1331 2905 enim
1354 2842 1448 2904 hunc
1472 2861 1543 2904 non
1568 2842 1712 2904 combu-

378 2966 460 3010 rere
495 2951 531 3010 et
554 2950 694 3020 ardere,
733 2968 839 3029 quem
862 2940 875 3033 Η
898 2949 994 3012 Dens
1018 2950 1095 3012 vult
1129 2951 1181 3011 sic
1204 2962 1319 3030 agere,
1345 2941 1359 3033 ll
1386 2952 1441 3012 est
1463 2950 1637 3022 naturale,
1676 2949 1848 3013 et1369v0
1869 2950 1899 3011 L
1915 2948 1983 3012 86ss

378 3057 589 3117 comburere
613 3059 669 3118 est
691 3059 816 3118 contra
840 3060 1005 3119 naturam
1028 3062 1067 3119 ut
1091 3076 1193 3130 nunc,
1219 3058 1303 3136 quia
1319 3057 1376 3117 hic
1400 3058 1489 3137 ignis
1514 3057 1711 3119 secundum

380 3162 479 3241 quod
512 3164 653 3242 accepit
676 3182 698 3225 a
721 3162 798 3226 Deo
831 3167 885 3226 est
909 3183 1024 3244 capax
1056 3164 1266 3227 obediencie
1289 3163 1365 3235 Dei,
1407 3168 1442 3226 et
1465 3167 1590 3225 contra
1613 3164 1710 3225 illam

381 3270 475 3330 vires
499 3289 570 3332 non
605 3270 723 3333 habet.
764 3270 869 3355 Quod
903 3275 1023 3333 autem
1045 3272 1114 3333 iste
1148 3272 1240 3333 alter
1274 3271 1320 3333 de
1344 3272 1421 3333 celo
1455 3271 1653 3334 descendat
1677 3273 1713 3332 et

380 3378 724 3456 quinquagenarium
748 3396 828 3445 curn
852 3378 1118 3458 quinquagenta
1142 3376 1352 3440 comburati
1375 3381 1430 3440 est
1453 3378 1522 3440 sibi
1538 3377 1711 3449 naturale,

381 3486 418 3544 et
440 3503 511 3545 non
527 3486 737 3547 comburere
762 3482 855 3547 foret
870 3489 996 3547 contra
1012 3489 1187 3547 naturam.
1211 3484 1302 3547 Nam
1320 3486 1598 3563 uniuscuiusque
1615 3503 1713 3546 crea·

381 3593 461 3652 ture
485 3594 616 3653 natura
639 3595 695 3654 est
717 3610 788 3653 non
803 3610 910 3672 posse
934 3590 1073 3654 efficaci
1090 3592 1266 3655 voluntati
1289 3593 1409 3654 divine
1430 3593 1607 3664 resistere,
1632 3610 1713 3653 cum

379 3700 545 3759 naturam
568 3699 676 3760 nichil
699 3699 799 3761 aliud
826 3719 905 3762 esse
933 3698 1114 3761 diffiniant
1149 3717 1256 3777 quam
1279 3700 1499 3761 voluntalem
1523 3699 1681 3760 divinam
1690 3696 1712 3759 ⁴.

379 3803 521 3866 Fuisset
545 3806 651 3886 igitur
674 3810 799 3868 contra
832 3810 997 3868 naturam
1020 3807 1191 3886 virginem
1214 3807 1312 3867 illam
1335 3826 1406 3867 non
1429 3825 1568 3885 parere,
1605 3824 1713 3884 quam

380 3910 479 3974 Deus
503 3914 623 3991 partui
657 3915 901 3985 consecrabat,
938 3914 1030 3975 sicut
1054 3932 1147 3976 nunc
1171 3917 1266 3975 esset
1289 3916 1414 3975 contra
1438 3916 1603 3974 naturam
1621 3911 1713 3973 hanc

380 4018 437 4079 vel
473 4020 572 4081 illam
594 4020 766 4100 virginem
801 4021 1025 4101 impregnari,
1067 4039 1175 4099 quam
1204 4020 1300 4082 Dens
1335 4020 1522 4082 fecundari
1557 4021 1713 4099 negaret.

379 4124 697 4205 Presomptuosum
721 4130 776 4189 est
800 4128 892 4188 enim
916 4130 953 4189 et
975 4128 1210 4190 ambiciosum
1232 4128 1347 4189 solum
1369 4127 1460 4189 illud
1473 4127 1638 4188 naturale
1653 4145 1714 4188 vo·

383 4250 475 4304 care,
517 4234 616 4313 quod
639 4234 737 4314 capit
755 4234 813 4295 hic
848 4235 1050 4296 intellectus
1073 4237 1137 4296 aui
1159 4235 1229 4306 ille,
1263 4234 1321 4296 vel
1344 4252 1415 4313 que
1445 4235 1514 4295 iste
1541 4234 1599 4295 vel
1622 4234 1715 4294 alter

378 4358 464 4401 usus
498 4342 672 4421 cognovit.
711 4339 770 4403 Sic
795 4342 888 4403 enim
922 4344 1122 4421 magnetem
1157 4340 1300 4403 trahere
1334 4343 1468 4402 ferrum
1491 4342 1554 4401 ant
1583 4340 1714 4420 gallum

378 4464 512 4509 canere
535 4447 642 4510 horas
677 4450 770 4510 foret
791 4449 1002 4519 innaturale,
1040 4448 1142 4510 cuius
1165 4447 1283 4510 adhuc
1316 4448 1516 4510 intellectus
1540 4448 1715 4508 maiorum

381 4642 593 4652 -—————

490 4768 512 4835 ¹)
531 4771 560 4825 S.
579 4772 689 4835 PAUL,
707 4773 735 4824 11
753 4775 796 4824 ad
818 4771 951 4836 Timoih,
976 4772 1025 4836 tv,
1044 4774 1088 4825 74.
1106 4774 1150 4825 La
1168 4773 1311 4825 variante
1336 4774 1494 4824 «auditum
1515 4773 1712 4824 convertent»

377 4875 458 4927 pour
479 4863 602 4913 «nutem
620 4864 863 4915 convertentur».

485 4946 506 5013 ¹)
525 4948 555 5001 S.
576 4950 653 5004 ΑΗΚ.
672 4951 753 5004 Auo.
774 4951 874 5017 Super
893 4951 1000 5005 Genes.
1018 4953 1060 5003 ad
1077 4952 1164 5003 liffer.
1184 4950 1234 5013 IX,
1252 4960 1326 5003 xvn.
1345 4950 1381 5002 In
1401 4950 1491 5017 oper.
1509 4951 1531 5002 i.
1547 4949 1597 5012 111,
1615 4948 1677 5002 406.

487 5034 507 5102 ³¹)
527 5038 567 5090 1v
585 5040 660 5108 Reg.
681 5040 703 5103 Ι,
723 5041 765 5092 14.

485 5125 508 5192 ⁴)
527 5127 615 5181 Dans
640 5131 707 5182 tout
732 5144 768 5183 ce
785 5138 917 5197 passage
935 5128 1088 5181 Dominici
1113 5129 1257 5195 s’inspire
1274 5128 1314 5181 de
1332 5129 1410 5181 Jean
1427 5129 1468 5180 de
1485 5126 1656 5196 Salisbnry,
1675 5142 1716 5180 en

377 5216 562 5283 particulier
581 5218 624 5270 dn
642 5219 859 5285 Polycratiens,
877 5219 943 5271 Lib.
963 5218 1000 5281 11,
1020 5218 1092 5285 Cap.
1111 5227 1163 5271 m
