4300 6117
455 937 520 1000 140
962 946 1123 1001 LUCULA
1145 945 1285 1000 NOCTIS

452 1170 638 1244 liberales;
657 1203 696 1213 -
715 1171 929 1233 moralem
951 1188 1038 1233 vero
1062 1171 1331 1250 descripserunt
1354 1170 1507 1233 ethicam
1530 1174 1566 1233 et
1580 1171 1704 1251 poesie
1719 1181 1790 1232 non

452 1277 630 1340 modicam
654 1278 859 1357 porcionem
883 1296 963 1339 cum
985 1277 1152 1351 historiis,
1179 1296 1249 1357 que
1277 1296 1319 1339 eo
1348 1278 1396 1339 ad
1425 1295 1543 1341 mores
1575 1277 1789 1341 conveniunt

453 1401 524 1462 quo
573 1385 732 1446 virorum
779 1385 1037 1463 mulierumque
1072 1387 1174 1447 actus
1212 1386 1415 1457 recitantes,
1454 1385 1547 1446 bene
1584 1384 1731 1446 vivendi
1753 1386 1789 1446 et

451 1485 599 1552 timendi
629 1491 665 1552 in
695 1491 798 1553 malis
831 1492 979 1554 tradunt
1012 1492 1184 1570 exempla.
1220 1490 1313 1553 Huic
1342 1490 1458 1554 rivulo
1486 1508 1626 1553 omnem
1649 1491 1789 1552 clvilem

452 1600 644 1660 tractatum
667 1598 802 1678 placuit
825 1596 1217 1678 aplicare-Sequitur
1239 1599 1391 1678 proinde
1414 1598 1641 1660 naturalis
1663 1616 1727 1660 seu
1741 1599 1788 1660 ab

450 1705 632 1787 ydiomate
655 1718 761 1786 greco
783 1705 981 1785 phisica,
1016 1723 1086 1784 que
1120 1705 1166 1767 de
1204 1705 1312 1766 rebus
1342 1704 1569 1767 sensibilibus
1601 1705 1788 1784 investiga·

452 1811 553 1873 cione
585 1832 659 1885 sua,
693 1831 716 1874 a
751 1815 874 1875 centro
907 1813 1002 1874 terre
1038 1830 1152 1892 usque
1184 1812 1233 1873 ad
1255 1831 1430 1874 summum
1467 1812 1591 1883 celum,
1626 1812 1673 1874 de
1703 1829 1789 1890 quo·

452 1937 603 1998 cumque
626 1921 744 2000 potuit
766 1919 908 1999 opinari
930 1919 1204 1999 presumpcione
1228 1920 1352 1981 solerti
1372 1919 1485 1980 voluit
1506 1918 1641 1980 habere
1656 1935 1788 1979 sermo·

450 2022 755 2088 nem—Tandem
779 2027 1014 2088 divinalis
1031 2029 1107 2088 sive
1122 2026 1437 2105 metaphisica,
1456 2044 1563 2105 quam
1576 2024 1789 2105 theologiam

450 2150 630 2206 vocamus,
661 2134 708 2195 de
731 2133 886 2213 magicis,
912 2132 1135 2206 demonibus,
1164 2134 1287 2205 sacris,
1321 2133 1497 2212 separatis
1521 2132 1730 2194 substantiis
1753 2134 1790 2192 et

450 2243 579 2300 natura
615 2240 738 2301 divina
771 2242 1007 2319 pertractans,
1047 2241 1205 2301 futurum
1237 2240 1398 2302 seculum
1432 2258 1512 2302 cum
1547 2238 1685 2300 civibus
1715 2239 1789 2301 suis

451 2349 560 2425 atque
584 2348 784 2409 actionibus
810 2347 966 2426 opinatis
992 2347 1183 2418 credenda,
1208 2365 1279 2408 non
1303 2349 1422 2408 autem
1444 2346 1601 2418 scienda,
1622 2345 1789 2425 multipli-

451 2453 542 2515 citer
565 2452 745 2515 diffinivit.

384 2553 460 2617 1o.‘
541 2557 600 2622 SIc
624 2561 722 2640 quod
746 2579 788 2622 ex
811 2560 880 2622 hoc
903 2578 973 2622 uno
996 2558 1104 2633 ionte,
1131 2579 1236 2640 quem
1258 2559 1520 2641 philosophiam
1543 2578 1608 2622 seu
1630 2576 1790 2621 amorem

450 2667 640 2746 sapiencie,
665 2668 770 2739 unde,
792 2668 978 2746 plantante
994 2666 1192 2746 Pictagora,
1209 2666 1412 2746 philosophi
1427 2685 1555 2729 nomen
1571 2670 1625 2729 est
1643 2664 1788 2736 ortum1.

451 2777 606 2852 quatuor
621 2775 769 2835 flumina
787 2777 873 2836 nata
888 2774 1005 2835 anime
1021 2773 1231 2853 paradisum
1247 2773 1462 2845 humectant,
1487 2774 1524 2834 in
1541 2773 1674 2834 rivulos
1701 2771 1790 2833 mul·

450 2883 505 2942 tos
522 2880 648 2942 divisa.
673 2879 766 2943 Hinc
788 2881 951 2961 proderit
975 2882 1181 2960 granatim,
1207 2880 1396 2953 rethorica,
1420 2881 1580 2951 historia,
1605 2878 1789 2941 etiemeris

450 2987 657 3049 calendaria
681 2988 901 3066 annulisque,
920 2987 1083 3068 tragedia
1099 2988 1146 3050 ob
1160 2988 1336 3067 premium
1351 2987 1422 3049 vile
1432 2987 1453 3058 ²,
1471 2976 1632 3050 comedie
1644 2989 1790 3049 veteres

448 3094 507 3155 vel
527 3094 675 3165 novelle,
699 3113 761 3157 seu
782 3097 822 3157 ut
844 3095 954 3157 ceteri
976 3094 1102 3156 volunt
1126 3098 1200 3155 ‹to
1207 3097 1333 3175 gata»
1361 3094 1576 3175 ignobilium,
1598 3095 1790 3173 ‹pretes·

449 3203 564 3263 tata»
589 3201 761 3263 nobilium
784 3205 819 3264 et
845 3201 1077 3282 «panau»,
1104 3219 1174 3280 que
1198 3204 1253 3263 est
1272 3202 1318 3263 de
1334 3213 1440 3281 greco
1455 3201 1492 3262 in
1507 3201 1658 3263 latinum
1672 3202 1790 3262 trans·

330 3310 347 3339 l
449 3303 534 3376 lata,
552 3310 653 3370 actus
670 3309 821 3370 viriliter
836 3308 1092 3378 describentes,
1105 3308 1213 3370 modo
1227 3308 1320 3370 lirIci
1334 3326 1357 3369 a
1372 3309 1548 3370 varietate
1561 3297 1787 3389 carltminum,

450 3433 543 3476 nunc
566 3416 700 3496 satyri
725 3415 837 3477 eciam
869 3433 892 3476 a
920 3418 1106 3477 saturante
1136 3415 1241 3494 copia
1274 3415 1506 3477 terminorum
1529 3417 1564 3476 et
1586 3412 1787 3487 ticcionum,

449 3522 485 3582 ni
507 3521 623 3593 fallor,
647 3525 774 3584 vocate
787 3519 813 3584 ³:
838 3540 909 3584 non
933 3520 1192 3584 confundentes
1215 3525 1335 3583 tamen
1358 3520 1480 3583 otiicia
1503 3519 1596 3583 iorte
1619 3520 1689 3584 sibi
1706 3538 1788 3582 con·

449 3645 560 3700 cessa,
588 3647 669 3690 cum
691 3629 753 3690 illa
775 3630 935 3692 virorum
958 3628 1149 3690 illustrium
1174 3647 1288 3700 casus,
1312 3628 1378 3690 hec
1400 3646 1540 3690 morum
1559 3627 1787 3708 eleganciam,

449 3735 519 3797 ista
548 3747 679 3815 genera
718 3736 892 3798 viciorum
922 3736 1121 3807 rusticana,
1152 3753 1224 3796 una
1256 3735 1370 3798 altera
1403 3735 1525 3797 tradat
1553 3735 1786 3805 buccolicum.

449 3844 598 3904 cantans
623 3861 767 3905 carmen
791 3861 906 3905 avena
929 3846 1115 3923 pastorum
1138 3843 1269 3923 gaudia
1285 3841 1449 3921 quedam.
1474 3841 1515 3902 In
1528 3842 1644 3921 primo
1655 3842 1789 3903 lumine

448 3949 603 4011 fluminis
627 3949 759 4028 poetici
794 3950 975 4011 laureatus
1003 3949 1165 4030 presidet
1196 3948 1360 4011 Alcimon
1389 3968 1469 4012 cum
1498 3946 1623 4028 Ysopo
1654 3946 1789 4010 luctam

555 4313 576 4380 't
597 4315 640 4370 CI.
660 4315 724 4371 C1c.
747 4314 834 4370 Tuso.
852 4316 888 4380 V,
907 4316 939 4379 ὃς
959 4315 987 4370 8.
1006 4315 1096 4380 Aue,
1115 4318 1152 4370 de
1174 4317 1258 4369 civit.
1276 4318 1343 4382 Det,
1362 4316 1440 4381 VIII,
1452 4317 1474 4369 1.
1489 4317 1526 4370 In
1539 4316 1629 4383 Oper.
1649 4315 1713 4378 VII,
1726 4315 1787 4369 225.

555 4401 575 4472 ²)
594 4405 638 4458 La
664 4405 803 4474 tragedIe
822 4405 897 4458 e'taIt
915 4405 974 4459 nee
993 4406 1068 4459 chez
1095 4407 1143 4457 les
1161 4406 1268 4469 Grecs,
1295 4421 1413 4459 comme
1438 4420 1479 4459 ou
1496 4406 1527 4458 le
1546 4404 1613 4470 sait,
1636 4405 1679 4458 dn
1705 4405 1788 4458 culte

445 4494 592 4549 nationnl.
612 4493 681 4547 Aur
699 4493 779 4547 letes
797 4495 837 4547 de
856 4493 1006 4558 Bacchus,
1027 4509 1070 4548 nn
1088 4496 1169 4547 bone
1188 4495 1263 4548 erait
1280 4495 1414 4558 Immole',
1431 4497 1463 4547 et
1481 4496 1619 4562 pendant
1638 4509 1698 4562 qne
1718 4508 1788 4548 con·

445 4581 502 4637 tait
528 4585 559 4635 le
584 4592 660 4652 sang
685 4583 726 4636 de
752 4583 783 4636 la
811 4583 945 4646 victime,
971 4584 1017 4638 les
1045 4586 1238 4650 spectateurs
1266 4585 1382 4638 divists
1409 4599 1450 4638 en
1473 4585 1557 4638 deux
1577 4585 1710 4646 choenrs,
1734 4599 1788 4637 en-

445 4674 607 4728 tonnaient
624 4689 666 4727 nn
684 4672 800 4742 hymno
820 4687 861 4725 en
878 4671 1042 4727 l'honnenr
1061 4674 1105 4728 dn
1121 4674 1195 4727 dien
1212 4674 1269 4726 des
1288 4674 1481 4741 vendanges:
1509 4673 1611 4727 c'etalt
1635 4673 1667 4726 le
1695 4672 1788 4725 chant

445 4765 488 4818 du
505 4764 584 4818 bone
603 4759 696 4828 τράγος
716 4757 784 4826 ᾠδὴ.

554 4849 574 4919 ⁸)
600 4853 643 4904 La
670 4851 808 4904 comedie
833 4851 1033 4920 greco-latine
1058 4852 1181 4918 prenalt
1205 4851 1236 4904 le
1253 4866 1325 4905 nom
1344 4852 1384 4905 de
1406 4852 1537 4918 palliata
1557 4867 1597 4904 ou
1615 4853 1742 4918 crepitu,
1767 4848 1786 4903 l

446 4956 540 4995 cause
558 4942 601 4995 dn
618 4942 765 4994 manteau
793 4942 824 4993 et
849 4941 890 4993 de
908 4941 939 4992 la
958 4941 1128 4993 chaussure
1153 4941 1193 4993 de
1210 4940 1311 4994 forme
1333 4949 1467 5009 grecque
1484 4954 1545 5007 qne
1563 4939 1722 5007 portatent
1737 4940 1789 4993 les

444 5038 671 5098 personnages3
702 5029 763 5082 elle
788 5030 912 5097 prenait
930 5029 960 5082 le
979 5043 1052 5082 nom
1070 5029 1111 5082 de
1126 5032 1302 5097 pretextato
1320 5030 1426 5096 quand
1444 5030 1475 5081 le
1497 5035 1694 5097 personnage
1717 5044 1788 5096 por·

445 5121 519 5173 trait
536 5121 567 5172 la
586 5120 662 5174 robe
680 5118 830 5185 pretextu,
850 5119 929 5171 celte
947 5118 987 5170 de
1005 5117 1036 5171 la
1054 5119 1218 5182 noblesse;
1247 5121 1358 5187 togata,
1384 5118 1490 5186 quand
1507 5119 1531 5170 il
1555 5118 1639 5171 avait
1657 5118 1688 5170 la
1711 5119 1789 5170 robe

452 5209 651 5276 plebeienne.
674 5205 717 5260 ci.
737 5207 900 5262 POMPEIVS
919 5207 1057 5271 FESTUS,
1075 5208 1123 5262 De
1140 5206 1363 5277 significatione
1375 5208 1457 5260 verb.
1469 5207 1583 5260 XVIII.
1605 5205 1789 5276 Togatamm
