4300 6117
823 964 1011 1020 IOHANNIS
1033 966 1216 1021 Donum
1622 958 1688 1022 123

358 1059 429 1074 ...—

352 1189 566 1268 portentum
591 1187 630 1252 In
655 1189 782 1252 eadem
806 1207 949 1268 quoque
970 1187 1168 1252 festivitate
1188 1190 1311 1262 vitula,
1335 1190 1523 1252 sacrificiis
1540 1191 1688 1253 admota

351 1297 390 1357 et
411 1295 484 1358 aris
508 1297 689 1369 assistens,
712 1296 808 1358 inter
822 1295 921 1376 ipsas
939 1297 1184 1358 ministrorum
1208 1314 1336 1358 manus
1352 1297 1456 1359 enixa
1470 1300 1525 1359 est
1548 1309 1685 1377 agnam.

353 1399 425 1464 Sed
448 1403 485 1464 in
507 1403 615 1464 ianua
637 1402 817 1465 interioris
842 1403 929 1475 edis,
970 1421 1040 1482 que
1064 1403 1282 1482 respiciebat
1305 1404 1353 1466 ad
1376 1401 1568 1475 Orientem,
1606 1422 1688 1466 cum

353 1511 448 1572 esset
471 1528 531 1572 ere
554 1509 670 1572 solido
692 1509 820 1572 induta
843 1512 952 1589 atque
976 1510 1129 1590 perinde
1151 1509 1314 1572 immensi
1335 1511 1518 1590 ponderis,
1545 1530 1614 1590 que
1627 1511 1687 1572 vix

351 1615 475 1696 viginti
490 1617 576 1678 viris
601 1619 730 1678 conatu
754 1616 1019 1696 impellentibus
1035 1616 1275 1688 clauderetur,
1299 1618 1425 1680 terreis
1447 1636 1591 1697 quoque
1606 1634 1687 1679 vec·

351 1723 447 1785 tibus
471 1725 507 1785 et
530 1724 619 1785 seris
644 1723 790 1795 munita,
826 1741 869 1784 ac
906 1723 1058 1804 pessulis
1095 1723 1133 1785 in
1169 1724 1281 1785 altum
1314 1724 1470 1786 dimissis
1504 1726 1689 1786 teneretur

352 1831 534 1901 obstricta,
560 1834 708 1910 repente
730 1830 819 1893 hora
837 1830 951 1893 noctis
967 1833 1080 1902 sexta,
1105 1832 1221 1910 prima
1239 1834 1274 1892 et
1289 1831 1459 1911 vigesima
1480 1832 1540 1893 die
1555 1831 1687 1893 mensis

352 1938 520 2016 apparuit
554 1938 683 2017 sponte
705 1934 899 2016 patefacta.
940 1935 1002 2000 Set
1027 1940 1063 1999 et
1090 1940 1274 1999 transacto
1297 1938 1357 1999 die
1379 1935 1483 2010 festo,
1518 1941 1601 2018 post
1623 1938 1688 1999 ali·

352 2045 440 2122 quot
463 2043 549 2116 dies,
585 2044 702 2123 prima
727 2047 763 2105 et
785 2044 956 2123 vigesima
978 2044 1039 2106 die
1062 2044 1288 2116 Arthemesii,
1317 2063 1424 2124 quem
1446 2062 1511 2107 nos
1535 2045 1686 2106 dicimus

350 2147 496 2222 Maium,
520 2151 765 2231 prodigiosum
781 2151 951 2231 apparuit
965 2149 1068 2213 nefas
1093 2153 1129 2213 et
1143 2169 1236 2230 pene
1248 2149 1360 2214 tidem
1376 2152 1563 2223 excedens,
1589 2152 1688 2230 quod

351 2275 455 2318 omne
476 2257 605 2319 falsum
641 2258 840 2338 putaretur,
880 2258 948 2319 nisi
971 2259 1158 2320 oculorum
1184 2258 1294 2320 iidem
1318 2259 1575 2328 confirmasset,
1613 2277 1687 2320 ma·

350 2364 466 2424 lorum
488 2365 665 2426 insecuta⁸
679 2365 870 2443 pernicies.
895 2363 1040 2427 Etenim
1066 2384 1180 2445 prope
1203 2364 1288 2427 solis
1313 2383 1489 2438 occasum,
1514 2365 1581 2428 visi
1605 2368 1690 2427 sunt

349 2489 477 2532 currus
512 2473 549 2533 et
572 2471 745 2551 quadrige
781 2472 819 2532 in
840 2473 937 2533 omni
972 2473 1116 2552 regione
1139 2491 1205 2552 per
1227 2491 1358 2545 aerem,
1398 2474 1434 2534 et
1467 2475 1688 2534 armatorum

351 2577 515 2640 cohortes
539 2578 681 2639 misceri
703 2578 868 2650 nubibus,
895 2581 931 2640 et
952 2580 1060 2641 urbes
1085 2579 1302 2641 circumdari
1334 2580 1534 2660 agminibus
1556 2579 1686 2659 impro-

351 2684 445 2746 visis.
484 2683 524 2744 In
556 2685 629 2745 alio
664 2685 793 2746 iterum
824 2685 883 2747 die
907 2683 1010 2758 festo,
1049 2685 1304 2747 Penthecostes
1328 2686 1523 2766 appellato,
1562 2681 1688 2747 noctub

350 2791 557 2853 sacerdotes
573 2792 753 2880 templum
788 2791 938 2872 ingressi
975 2792 1024 2854 ad
1047 2793 1246 2854 ministeria
1269 2811 1312 2854 ex
1336 2811 1435 2856 more
1463 2793 1685 2873 complenda,

350 2898 466 2976 primo
497 2897 642 2977 quidem
680 2901 796 2960 motus
835 2899 1010 2977 quosdam
1049 2901 1238 2961 senserunt
1265 2901 1301 2962 et
1324 2901 1504 2980 strepitus,
1540 2899 1687 2961 tandem

350 3021 456 3066 voces
490 3005 627 3067 subitas
666 3005 826 3077 audiunt,
859 3006 1037 3068 dicentes:
1072 3004 1267 3087 Migremus
1294 3006 1386 3078 hinc,
1423 3007 1613 3086 migremus
1644 3025 1687 3068 ex

351 3111 496 3174 sedibus
520 3112 621 3173 istis!
667 3110 827 3173 Additur
848 3113 916 3175 hiis
939 3114 1053 3175 eciam
1080 3114 1180 3176 aliud
1211 3114 1405 3176 terribilius
1439 3114 1578 3176 ceteris.
1624 3111 1686 3174 Et·

351 3219 452 3289 enim,
479 3218 625 3298 quidam
648 3217 787 3288 Ananie
810 3217 916 3293 filius,
941 3218 1041 3281 Iesus
1064 3221 1216 3292 nomine,
1247 3220 1302 3282 vir
1324 3220 1486 3300 plebeius
1523 3223 1559 3282 et
1581 3220 1685 3281 rusti-

350 3342 422 3398 cus,
462 3327 546 3387 ante
570 3328 737 3404 quartum
760 3326 845 3388 belli
868 3344 1012 3398 annum,
1053 3345 1134 3389 cum
1158 3327 1285 3389 civitas
1317 3328 1354 3388 in
1376 3345 1468 3407 pace
1492 3328 1527 3389 et
1550 3327 1685 3389 habun-

351 3432 481 3494 dancia
503 3432 729 3511 perduraret,
753 3433 791 3493 in
812 3433 871 3495 die
887 3435 980 3496 festo
994 3429 1335 3506 Tabernaculorum,
1360 3437 1509 3514 repente
1529 3435 1685 3496 clamare

349 3539 462 3618 cepit:
491 3537 601 3600 «Vox
623 3541 671 3601 ab
696 3540 844 3612 oriente,
869 3559 939 3602 vox
962 3542 1009 3602 ab
1032 3541 1229 3612 occidente,
1254 3559 1324 3602 vox
1347 3560 1370 3602 a
1388 3545 1544 3620 quatuor
1559 3541 1683 3612 ventis,

350 3663 419 3706 vox
440 3662 551 3725 super
573 3645 818 3708 lerosolimam
843 3650 878 3708 et
901 3648 1094 3726 templum·
1107 3667 1177 3708 vox
1200 3666 1309 3727 super
1331 3648 1608 3727 populum...»
1637 3645 1686 3707 Et

350 3753 593 3814 indesinenter
628 3753 687 3815 die
722 3755 901 3832 noctuque
936 3772 1002 3833 per
1033 3773 1156 3816 omnes
1193 3746 1333 3834 plateas
1362 3755 1536 3816 circuiens
1570 3755 1684 3816 excla-

349 3860 489 3921 mabat:
525 3877 712 3939 usquequo
736 3859 884 3939 quidam
908 3861 1047 3941 priores
1071 3880 1116 3922 ex
1138 3861 1272 3941 populo
1296 3861 1374 3932 viri,
1407 3862 1507 3923 velut
1539 3859 1685 3923 infausti

349 3966 504 4046 presagii
526 3966 775 4046 indignacione
797 3969 960 4046 permoti,
985 3958 1002 4050 ll
1030 3972 1236 4048 correptum
1259 3968 1353 4030 hunc
1383 3968 1503 4030 multis
1526 3968 1685 4030 verberi·

349 4074 416 4134 bus
440 4071 613 4146 afliciunt,
637 4091 704 4153 pro
729 4092 769 4136 se
792 4092 1020 4154 nequaquam
1043 4075 1259 4154 loquentem,
1289 4078 1353 4137 aut
1374 4076 1500 4137 micius
1524 4077 1621 4136 circa
1645 4093 1684 4136 se

350 4181 405 4259 agi
439 4180 630 4258 petentem,
669 4180 734 4242 sed
770 4182 915 4243 easdem
942 4200 1050 4243 voces
1085 4183 1165 4261 pari
1200 4183 1446 4244 obstinacione
1482 4182 1681 4262 repetebat.

349 4284 447 4358 Inde,
472 4286 600 4348 ductus
624 4286 673 4348 ad
695 4288 868 4367 presides,
904 4289 998 4350 inter
1021 4290 1143 4368 fragra
1167 4307 1280 4368 nsque
1304 4288 1352 4350 ad
1375 4307 1458 4350 ossa
1481 4290 1683 4360 mulctatus,

349 4410 466 4472 neque
488 4393 665 4465 lacrimas,
690 4412 807 4473 neque
828 4413 956 4474 preces
990 4393 1128 4467 effudit,
1168 4396 1233 4458 sed
1256 4395 1408 4458 eandem
1432 4413 1558 4458 vocem
1581 4396 1685 4456 mise·

350 4499 514 4562 rabiliter
536 4518 616 4562 cnm
640 4501 797 4579 quodam
821 4502 954 4563 eiulatu
979 4502 1154 4574 emittens,
1177 4520 1244 4581 per
1258 4503 1397 4582 singula
1412 4520 1504 4582 pene
1520 4504 1682 4575 verbera,

350 4604 566 4686 proferebat,
592 4606 730 4670 addens
752 4608 866 4670 eciam
887 4608 972 4671 hec:
1015 4607 1109 4681 «Ve,
1133 4627 1189 4682 ve,
1220 4608 1428 4671 lerosolima
1441 4631 1468 4671 s,
1514 4607 1591 4670 Hec
1624 4608 1685 4671 ille

350 4731 420 4774 non
442 4713 521 4775 istis
546 4714 732 4776 contentus
744 4712 764 4775 ¹.

354 4907 564 4918 u..—

456 5065 489 5128 ιι)
507 5081 542 5110 =
561 5063 675 5118 secuta.
713 5064 744 5128 b)
764 5089 796 5101 —
816 5066 917 5118 noctu.

457 5221 478 5289 ¹)
502 5221 581 5278 Tont
598 5240 634 5279 ce
652 5225 725 5292 long
749 5224 903 5293 fragment
928 5225 984 5278 des
1002 5226 1083 5278 Hist.
1100 5225 1142 5278 de
1159 5226 1302 5293 iosepbe,
1320 5226 1373 5279 lib.
1391 5226 1442 5292 Vl,
1466 5227 1515 5280 est
1533 5227 1685 5280 intercale
