4300 6117
351 960 358 977 ¹
450 959 517 1021 390
950 967 1109 1023 LUCULA
1131 965 1273 1022 NOCTIS

449 1193 584 1256 habere
606 1194 837 1267 describitur,
876 1195 938 1273 qui
975 1194 1101 1257 videre
1133 1193 1246 1257 voluit
1281 1196 1419 1266 cuncta,
1462 1211 1532 1271 que
1569 1195 1672 1257 erant
1717 1194 1799 1255 sub

449 1302 524 1364 sole
537 1299 557 1363 ¹.
574 1301 669 1363 —In
692 1301 784 1363 libro
806 1319 893 1363 vero
908 1299 1137 1364 Canticorum
1154 1320 1225 1363 non
1243 1301 1416 1362 naturalis
1440 1301 1505 1373 est,
1519 1300 1585 1362 sed
1600 1300 1794 1380 theologus

449 1411 486 1470 et
508 1407 660 1482 divinus,
684 1409 732 1471 ad
755 1426 862 1488 quem
900 1411 1041 1488 spectat
1068 1409 1244 1472 abiecisse
1278 1409 1418 1471 minora
1450 1411 1486 1470 et
1518 1407 1673 1487 puerilia
1705 1407 1795 1468 reli·

450 1516 581 1593 quisse.
627 1515 724 1588 Ideo,
763 1534 805 1578 ex
835 1516 905 1577 illis
948 1516 1181 1597 septingentis
1211 1516 1349 1596 legibus
1391 1515 1537 1577 latriam
1569 1531 1798 1578 concernen-

449 1623 561 1694 tibus,
599 1623 741 1702 precise
778 1623 925 1686 retinuit
964 1626 1172 1704 sexagenta,
1205 1641 1274 1702 que
1310 1623 1461 1685 alciores
1496 1623 1573 1685 vise
1615 1624 1698 1684 sunt
1735 1623 1797 1692 ei,¹

449 1747 612 1810 quasque
645 1748 717 1792 una
746 1730 843 1801 vicit,
876 1731 992 1792 idest:
1018 1731 1075 1792 lex
1112 1747 1297 1793 sacrorum
1332 1729 1476 1803 hebrea,
1502 1730 1538 1790 in
1570 1729 1632 1791 LX
1665 1731 1797 1791 tamen,

449 1835 679 1900 ditlerencias
702 1837 843 1910 scissas,
868 1837 900 1898 si
921 1838 1014 1899 liber
1032 1836 1216 1900 ‘Leviticus
1239 1839 1333 1900 bene
1344 1838 1526 1900 scrutatus
1541 1838 1659 1910 luerit,
1678 1853 1791 1917 quam

448 1948 556 2007 vocat
579 1944 780 2008 columbam
803 1963 914 2016 suam,
938 1945 1133 2024 preludens
1154 1945 1223 2025 legi
1246 1963 1339 2007 nove
1370 1962 1438 2025 per
1472 1943 1645 2025 Spiritum
1678 1942 1792 2006 Sanc·

449 2054 524 2113 tum
535 2051 721 2114 tradende.
734 2087 774 2098 -
787 2051 994 2114 Intueamur
1002 2053 1143 2132 reginas
1153 2051 1216 2113 Lx
1228 2052 1325 2115 circa
1335 2052 1495 2114 divinum
1507 2051 1726 2114 sacrificium
1744 2069 1792 2112 ex

448 2175 548 2223 more
565 2157 727 2221 Ecclesie
745 2160 782 2221 in
799 2158 1002 2222 columbam
1020 2179 1128 2222 unam
1147 2177 1215 2240 per
1240 2177 1415 2222 summam
1437 2159 1583 2222 reduci:
1609 2177 1672 2222 sex
1692 2159 1797 2220 enim.

448 2266 665 2328 indumentis
700 2267 882 2349 sacerdos,
918 2268 1058 2346 septem
1095 2267 1281 2330 ordinibus
1314 2267 1509 2348 insignitus,
1540 2267 1796 2330 celebraturus

450 2374 702 2437 ecclesiasticis
723 2373 896 2436 institutis
919 2374 966 2436 de
988 2374 1205 2437 necessitate
1227 2375 1395 2449 vestitum
1430 2373 1512 2436 huic
1545 2391 1693 2436 numero
1725 2372 1797 2434 tri·-

449 2479 593 2543 cenario
616 2481 801 2544 adduntur
822 2481 947 2554 altare,
972 2483 1046 2543 tres
1069 2481 1155 2543 linei
1177 2482 1297 2562 panni,
1322 2481 1476 2553 missale,
1501 2481 1579 2543 sine
1595 2498 1667 2561 quo
1682 2495 1797 2541 nemo

449 2591 776 2668 quantumcumque
799 2587 916 2650 sciens
940 2588 1049 2650 debet
1079 2589 1275 2660 celebrare,
1310 2571 1411 2660 calix,
1446 2591 1589 2667 patena,
1619 2585 1792 2668 purifica·

448 2694 580 2757 tortum
609 2693 686 2756 sive
719 2695 970 2768 extersorium,
1006 2695 1212 2776 corporale,
1248 2695 1366 2758 hostia
1399 2695 1558 2768 triticea,
1593 2694 1715 2756 vinum
1752 2695 1792 2755 et

449 2820 555 2882 aqua,
580 2803 688 2881 atque
712 2801 830 2864 socius
854 2804 891 2864 et
912 2801 1065 2865 forsitan
1088 2803 1233 2865 auditor
1263 2803 1402 2882 aliquis,
1427 2819 1473 2865 ne
1502 2801 1700 2881 improprie
1731 2817 1791 2862 sa·

449 2910 540 2971 lutet
550 2909 588 2971 in
602 2910 744 2988 plurali,
757 2909 902 2972 dicens:
927 2909 1100 2972 Dominus
1115 2910 1310 2973 vobiscum.
1327 2905 1518 2972 Tredecim
1531 2909 1607 2972 hec.
1625 2939 1669 2953 -
1681 2906 1790 2970 Hunc

449 3019 593 3095 oportet
615 3019 698 3096 post
720 3017 846 3078 altaris
862 3035 1049 3079 accessum
1064 3015 1240 3090 conliteri,
1263 3017 1420 3079 osculari
1442 3017 1543 3098 signo
1568 3016 1696 3088 crucis,
1711 3033 1794 3076 rna·-

449 3142 498 3186 nu
520 3125 726 3204 patenaque
749 3143 789 3188 se
801 3125 950 3195 munire,
974 3125 1147 3204 populum
1170 3125 1339 3196 salutare,
1362 3125 1626 3186 sacramentum
1641 3121 1793 3192 offerre,

449 3231 610 3293 oblatum
618 3231 770 3310 signare,
782 3234 1324 3306 consecrarecumsacramento,
1333 3249 1459 3294 cruces
1469 3229 1599 3304 iacere,
1610 3227 1792 3310 frangere,

449 3355 599 3409 sumere,
624 3339 681 3399 ter
701 3338 929 3418 particuliter
951 3355 1077 3401 orare:
1102 3358 1169 3419 pro
1192 3339 1293 3412 vivis,
1319 3339 1465 3410 scilicet,
1489 3339 1574 3400 ante
1600 3355 1792 3400 consecra·

449 3445 591 3516 tionem,
614 3463 681 3524 pro
704 3446 855 3508 mortuis
879 3448 963 3507 ante
987 3442 1200 3509 tractionem
1223 3449 1259 3510 et
1280 3465 1349 3526 pro
1381 3463 1420 3508 se
1455 3447 1539 3508 ante
1573 3444 1792 3507 sacramenti

449 3553 714 3632 sumpcionem;
738 3571 778 3615 se
801 3553 975 3615 inclinare
1002 3554 1050 3616 ad
1082 3554 1264 3634 populum,
1289 3571 1357 3633 pro
1390 3571 1429 3616 se
1463 3552 1614 3614 tundere
1647 3569 1794 3631 preces,

450 3661 486 3722 in
508 3659 655 3722 modum
677 3661 794 3722 crucis
818 3679 857 3722 se
881 3659 1097 3740 expandere,
1122 3679 1248 3723 manus
1271 3661 1428 3732 abluere,
1453 3661 1646 3722 licenciare
1676 3677 1794 3740 popu·

450 3768 533 3838 lum,
558 3767 746 3846 ipsumque
761 3767 1013 3830 benedictione
1028 3768 1176 3830 munire.
1190 3797 1234 3810 -
1245 3765 1324 3830 Hiis
1340 3767 1465 3848 viginti
1482 3767 1692 3831 ceremoniis
1708 3784 1794 3847 pre·

450 3875 535 3937 fatis
557 3872 676 3936 XXVI
698 3875 881 3938 adiunctis
904 3853 1088 3938 adduntur
1111 3876 1392 3954 quatuordecim,
1418 3893 1489 3955 que
1517 3891 1705 3937 numerum
1739 3874 1795 3934 in·

451 3985 587 4063 tegrum
605 3982 794 4071 reddunt,
829 3981 1033 4045 videlicet:
1071 3983 1214 4044 luminis
1264 3983 1446 4054 accensio,
1485 4001 1556 4062 quo
1597 3980 1793 4044 deficiente

452 4089 648 4170 quemlibet
671 4107 694 4150 a
718 4089 965 4152 celebracione
988 4107 1132 4153 cessare
1155 4093 1307 4169 oportet,
1337 4090 1513 4170 introytus
1537 4089 1596 4151 vel
1618 4085 1794 4170 graduale

451 4197 676 4279 kyrieleison,
701 4197 833 4269 oracio,
864 4197 1028 4277 epistola,
1059 4198 1336 4276 responsorium,
1370 4197 1525 4278 alleluya
1554 4214 1625 4259 non
1658 4199 1712 4258 est
1744 4193 1793 4257 de

452 4305 667 4367 necessitate
690 4305 883 4366 dicendum
905 4322 1022 4382 neque
1045 4303 1145 4366 aliud
1173 4305 1252 4367 loco
1287 4306 1352 4377 sui,
1378 4304 1608 4384 evangelium,
1645 4303 1793 4366 offerto·

452 4412 554 4485 rium,
590 4413 740 4484 secreta,
776 4430 950 4474 canonem
985 4413 1099 4474 totum
1124 4411 1449 4492 comprehendens:
1478 4409 1650 4492 preiacio,
1681 4409 1793 4473 Pater

453 4522 585 4592 noster,
610 4518 732 4600 Agnus
765 4518 841 4593 Dei,
865 4519 1151 4598 postcommunio
1186 4522 1222 4582 et
1244 4538 1311 4599 pro
1334 4519 1535 4600 graciarum
1568 4519 1717 4582 accione
1741 4517 1794 4579 ul·

454 4627 541 4689 tima
565 4627 696 4698 oracio,
721 4645 793 4707 que
816 4626 1035 4689 rescinditur
1054 4626 1095 4701 in
1117 4626 1299 4706 publicam
1323 4629 1360 4688 et
1382 4630 1568 4690 secretam.

388 4733 440 4797 10.
564 4733 612 4795 Et
635 4735 666 4796 si
688 4734 769 4814 quis
792 4734 1011 4814 prudencius
1045 4733 1111 4797 hec
1136 4734 1319 4815 sexaginta
1349 4735 1567 4816 distinguere
1600 4735 1710 4808 novit,
1736 4753 1794 4798 me

458 4949 670 4960 ——.-—...

564 5151 585 5218 ¹)
604 5151 648 5206 cf.
662 5152 704 5205 111
722 5153 796 5222 Reg.
813 5151 863 5217 XI,
881 5152 907 5205 3.
929 5149 1090 5206 «Fuerunt
1103 5151 1131 5206 el
1153 5165 1276 5217 uxores,
1295 5151 1384 5220 quasi
1404 5151 1529 5221 reginae
1548 5151 1609 5216 700,
1627 5154 1659 5206 et
1677 5167 1791 5206 concu-

456 5241 549 5294 binae
567 5242 619 5295 300
630 5261 652 5294 ν.
