4300 6117
973 926 1131 981 Lucum
1153 924 1294 979 uocns
1326 897 1328 901 ’

885 1704 1096 1810 [CAPUT
1128 1703 1400 1811 XXXIV]

581 2066 700 2154 [O]cto
731 2073 850 2135 forent
884 2075 1039 2136 dicenda
1072 2075 1109 2134 in
1148 2074 1215 2136 hoc
1248 2075 1408 2153 presenti
1441 2075 1594 2136 articulo
1628 2074 1803 2136 adversus

469 2183 551 2242 octo
583 2199 653 2259 que
686 2181 854 2242 videntur
888 2183 922 2242 in
956 2182 1076 2243 verbis
1111 2182 1255 2242 veritati
1290 2182 1424 2262 opponi
1438 2180 1458 2252 1,
1483 2183 1548 2243 sed
1583 2182 1669 2261 quia
1702 2180 1800 2243 falsis

470 2288 658 2359 obsistunt,
682 2289 838 2367 quedam
861 2289 1056 2359 obmittam,
1083 2287 1170 2350 alibi
1193 2307 1264 2349 non
1298 2308 1364 2367 per
1392 2308 1448 2350 me
1483 2287 1649 2350 diffusius
1683 2289 1803 2350 decla·

469 2397 559 2455 rata.

424 2571 453 2634 1,
580 2564 738 2625 Primum
751 2566 866 2627 estde
889 2566 1053 2627 unitate
1078 2566 1333 2637 intellectus,
1359 2584 1465 2645 quem
1480 2564 1643 2627 defendit
1666 2564 1804 2626 Aver-

468 2689 564 2752 roys
589 2690 681 2733 cum
704 2672 984 2751 complicibus
1008 2674 1096 2733 suis
1112 2671 1133 2733 ².
1173 2672 1227 2734 Ex
1250 2673 1317 2734 hoc
1343 2674 1436 2733 enim
1460 2674 1680 2751 sequeretur,
1705 2672 1803 2751 quod

468 2779 566 2839 nulla
590 2779 710 2858 gracia
734 2778 782 2840 ad
803 2779 1079 2859 intelligenciam
1103 2798 1224 2841 rerum
1239 2781 1402 2841 veritatis
1425 2780 1624 2860 prodesset,
1642 2798 1723 2841 cum
1746 2798 1800 2841 so·

467 2885 540 2946 lum
570 2904 613 2947 ex
642 2884 833 2947 intluencia
856 2886 950 2947 illins
974 2886 1058 2947 solis
1088 2887 1283 2965 spiritualis
1306 2887 1402 2948 vires
1426 2887 1552 2956 anime,
1578 2904 1647 2965 que
1682 2890 1802 2948 actum

466 2991 687 3071 intelligendi
716 2996 866 3071 possunt
889 3011 1067 3059 exercere.
1092 2994 1269 3074 recipiant
1292 2994 1372 3073 plus
1397 2996 1433 3055 et
1462 2995 1577 3054 minus
1605 2994 1801 3054 secundum

468 3099 744 3179 disposicionem
760 3101 967 3162 subiectam.
984 3098 1272 3180 Unumquodque
1289 3102 1382 3162 enim
1394 3102 1566 3180 recipitur
1577 3119 1644 3180 per
1656 3102 1802 3162 modum

468 3207 683 3287 recipientis,
709 3210 745 3269 et
766 3209 868 3269 actus
893 3209 1092 3269 activorum
1115 3211 1197 3269 sunt
1222 3210 1257 3268 in
1279 3209 1436 3287 pacienti
1459 3208 1635 3287 disposito
1647 3206 1668 3269 ³.
1693 3207 1801 3287 Apud

468 3313 532 3375 hos
557 3315 650 3375 enim
672 3316 802 3394 gracia,
828 3333 936 3393 quam
959 3333 1024 3376 nec
1048 3315 1118 3395 ipsi
1141 3319 1326 3385 noverunt,
1351 3314 1400 3376 ad
1432 3315 1706 3394 intelligendam
1741 3315 1803 3375 mi·

468 3421 562 3482 nime
585 3420 813 3500 suffragatur.
837 3420 910 3483 Sed
933 3424 970 3483 et
993 3422 1089 3484 idem
1113 3420 1348 3483 defenderent
1371 3422 1498 3494 adhuc,
1516 3424 1546 3483 si
1562 3423 1684 3502 gracia
1708 3424 1802 3482 tama

469 3546 592 3589 eorum
615 3547 720 3589 aures
743 3532 1002 3607 penetrassent,
1029 3548 1110 3591 cum
1132 3530 1246 3591 minus
1271 3530 1510 3609 speculativos
1535 3530 1644 3609 magis
1660 3530 1800 3610 ignaros

468 3636 695 3715 preciperent
745 3637 919 3713 quosdam
965 3636 1032 3697 Dei
1070 3637 1224 3708 amicos,
1263 3656 1370 3716 quam
1409 3638 1539 3698 multos
1574 3637 1674 3707 alios,
1713 3653 1803 3716 quos

468 3760 572 3803 nemo
594 3741 736 3804 dubitat
758 3742 879 3823 gracia
909 3746 1048 3822 gratum
1080 3742 1236 3806 iaciente
1271 3763 1350 3805 esse
1383 3746 1508 3815 nudos,
1533 3748 1597 3805 aut
1631 3743 1799 3823 privatos.

422 3851 452 3913 2.
574 3845 760 3921 Transeat,
776 3868 843 3929 pro
859 3851 1026 3923 secundo,
1051 3850 1112 3912 illu
1128 3851 1441 3930 platonicorum
1462 3852 1591 3930 opinio,
1610 3852 1708 3929 quod
1724 3868 1803 3911 nos·

472 4090 683 4098 ———--—

562 4294 596 4364 '¹)
615 4298 659 4351 cf.
678 4314 783 4366 supra,
802 4299 957 4366 chapitres
977 4299 1105 4351 1—V111.

574 4384 594 4451 ²)
614 4387 661 4440 On
680 4389 738 4440 sait
757 4403 797 4441 en
815 4388 891 4441 etfet
908 4404 969 4456 que
987 4389 1018 4441 la
1037 4388 1157 4441 the'orie
1175 4389 1205 4441 la
1223 4390 1293 4455 plns
1312 4404 1432 4441 connue
1451 4389 1639 4443 d'Averroes
1658 4392 1706 4443 est
1724 4391 1801 4444 celle

468 4477 521 4543 qui
546 4478 679 4544 pretend
704 4478 778 4545 qn'il
803 4478 854 4547 n'y
873 4494 891 4531 a
910 4479 1003 4545 qu'nn
1031 4480 1098 4531 seul
1122 4479 1262 4531 intellect
1286 4493 1365 4545 pour
1383 4481 1453 4532 tous
1473 4480 1518 4531 les
1536 4480 1686 4533 hommes.
1724 4480 1802 4533 C’est

467 4567 574 4619 contre
600 4568 681 4620 cette
706 4567 846 4620 doctrine
870 4567 940 4634 qu'a
966 4568 997 4619 la
1022 4568 1176 4620 demando
1201 4568 1244 4619 du
1269 4568 1353 4635 Pape
1372 4569 1549 4621 Alexandre
1568 4570 1617 4632 IV,
1644 4570 1753 4623 Albert
1771 4570 1802 4622 le

467 4655 575 4708 Grand
593 4670 738 4722 composa
758 4672 814 4709 son
832 4657 937 4709 traite:
957 4658 1003 4709 De
1028 4658 1146 4710 Unttate
1165 4658 1332 4710 intellectus
1350 4661 1455 4710 contra
1473 4659 1650 4722 Averroem,
1669 4675 1710 4713 en
1725 4657 1801 4712 nso

466 4744 525 4798 Sur
543 4746 645 4797 tontes
665 4759 717 4798 ces
734 4746 893 4812 questions
912 4747 952 4799 de
968 4745 1199 4807 l'Averroisme,
1217 4747 1287 4799 voir
1305 4748 1336 4799 la
1349 4750 1480 4800 savante
1499 4748 1591 4801 etude
1609 4749 1652 4800 dn
1670 4749 1703 4799 P.
1717 4748 1799 4800 Man·

465 4835 590 4897 donnet,
623 4834 656 4888 O.
680 4835 725 4897 P,
753 4834 840 4903 Siger
867 4837 905 4888 de
935 4836 1076 4887 Brabant
1105 4839 1136 4888 et
1159 4835 1374 4889 l'Averroisme
1405 4837 1490 4899 latin,
1517 4853 1557 4889 uu
1584 4838 1674 4890 rme
1701 4835 1799 4891 stricte.
1914 4814 1920 4831 ⁸

465 4923 566 4975 Etude
585 4924 714 4990 critique
732 4925 763 4978 et
781 4926 963 4977 documents
981 4924 1103 4977 inediis.
1123 4926 1282 4993 Fribonrg,
1303 4926 1374 4978 1899
1392 4926 1540 4986 (Secunde
1558 4924 1670 4979 e'dttr'on
1683 4943 1720 4980 en
1730 4922 1799 4994 ρκ’·

465 5016 629 5079 paratino).
651 5012 695 5066 Ci.
715 5014 806 5077 aussi,
824 5028 903 5081 pour
921 5015 967 5067 les
986 5028 1113 5067 sources
1127 5014 1276 5078 DENIFLE,
1298 5015 1521 5068 chartularium
1546 5017 1679 5069 Univers.
1699 5018 1794 5069 Poris,

468 5102 489 5166 1,
507 5102 569 5166 487,
588 5102 649 5154 556.

574 5188 595 5257 ³¹)
614 5192 752 5244 PROCUL.
770 5193 817 5244 De
839 5192 954 5244 Consis.
973 5193 1102 5259 Propos.
1121 5193 1191 5245 102.
