4300 6117
874 936 1061 992 IOHANNlS
1084 937 1265 992 DOMINICI
1668 927 1733 990 405

392 1161 666 1224 medicamenta
691 1163 726 1225 et
749 1163 957 1225 adiumenta
985 1161 1317 1241 comprehenderit!
1345 1159 1417 1222 Pro
1449 1158 1636 1240 voluptate
1658 1159 1734 1222 fau·

388 1269 500 1342 cium,
534 1271 621 1347 quot
635 1268 863 1332 condimenta
879 1271 915 1332 et
930 1271 1010 1349 gule
1027 1269 1261 1331 incitamenta
1275 1267 1430 1347 reperit!
1447 1266 1506 1328 Ad
1520 1267 1734 1329 indicandas

388 1378 430 1437 et
453 1377 663 1439 suadendas
687 1377 860 1449 raciones,
886 1377 1133 1458 cogitaciones,
1158 1393 1266 1456 quam
1289 1374 1551 1438 multitudinem
1578 1375 1733 1436 varieta-

387 1484 539 1562 temque
562 1482 755 1563 signorum,
780 1484 842 1545 ubi
863 1482 1075 1563 precipuum
1098 1484 1216 1544 locum
1244 1484 1357 1545 verba
1390 1484 1426 1545 et
1447 1480 1568 1543 littere
1590 1481 1730 1544 tenent!

390 1588 451 1650 Ad
467 1587 863 1662 delectandos'animos,
878 1608 967 1670 quos
984 1589 1199 1653 elocucionis
1211 1591 1368 1661 ornatus,
1387 1607 1495 1668 quam
1507 1588 1731 1651 diversorum

388 1696 594 1757 carminum
634 1697 775 1776 copiam
811 1698 860 1759 ad
897 1697 1105 1760 mulcendas
1139 1715 1255 1770 aures,
1291 1697 1378 1775 quot
1411 1707 1546 1776 organa
1583 1696 1729 1771 musica,

387 1827 483 1889 quos
509 1813 687 1875 cantilene
717 1814 845 1875 modos
883 1813 1155 1894 excogitaverit!
1179 1812 1358 1897 Quantam
1395 1811 1568 1892 periciam
1594 1811 1728 1872 dimen-

386 1917 532 1979 sionum
555 1920 664 1998 atque
687 1938 923 1992 numerorum,
948 1922 1159 2000 meatusque
1182 1921 1217 1982 et
1241 1919 1385 1982 ordines
1407 1918 1575 1990 siderum,
1593 1919 1729 1998 quanta

387 2025 587 2105 sagacitate
610 2027 938 2106 comprehenderit!
970 2026 1087 2113 Quam
1109 2025 1221 2089 multa
1243 2045 1363 2089 rerum
1385 2025 1647 2088 mundanarum
1671 2044 1728 2089 co·

389 2131 504 2210 gitata
532 2134 739 2213 cognicione
777 2152 815 2198 se
852 2135 1064 2214 impleverit,
1089 2134 1169 2215 quis
1207 2134 1321 2215 possit
1357 2133 1485 2213 eloqui.
1510 2133 1662 2196 maxime
1696 2134 1727 2196 si

391 2239 544 2301 velimus
567 2259 640 2302 non
661 2242 859 2304 acervatim
882 2244 1012 2303 cuncta
1034 2253 1235 2322 congerere,
1260 2240 1326 2303 sed
1358 2240 1396 2301 in
1430 2240 1575 2320 singulis
1605 2241 1727 2303 immo·

387 2347 490 2407 raril
528 2346 571 2407 In
603 2350 785 2428 postremo
816 2349 998 2411 erroribus
1029 2351 1064 2410 et
1097 2346 1314 2411 falsitatibus
1347 2345 1592 2419 defendendis,
1617 2364 1725 2427 quam

386 2464 519 2533 magna
543 2453 738 2518 claruerint
759 2455 901 2535 ingenia
923 2454 1215 2536 philosophorum
1247 2472 1341 2534 aque
1371 2454 1620 2526 hereticorum,
1645 2433 1725 2533 q'uis

389 2560 602 2623 existimare
638 2560 817 2624 sufficiat!
839 2559 888 2623 2¹.
914 2595 953 2603 -
978 2561 1048 2624 Hic
1070 2581 1138 2643 per
1166 2561 1231 2624 Au
1241 2561 1480 2642 gustinum
1511 2563 1565 2623 est
1589 2562 1725 2625 dictum

384 2683 521 2745 pueros
545 2668 661 2747 primo
684 2669 877 2732 virtutibus
901 2670 1130 2742 exercendos,
1155 2672 1263 2749 atque
1286 2669 1548 2750 philosophiam
1565 2687 1644 2732 esse
1667 2689 1723 2733 su·

387 2771 577 2852 perfluam,
602 2775 908 2856 philosophosque
930 2796 1068 2839 summo
1102 2779 1232 2839 conatu
1262 2794 1403 2838 errores
1433 2776 1550 2838 tueri:
1574 2780 1725 2857 propter

387 2881 489 2958 quod
527 2881 592 2943 illa
626 2885 703 2946 etas
746 2884 947 2954 immatura,
984 2884 1123 2964 pariter
1154 2885 1199 2946 et¹
1219 2883 1362 2947 inermis
1401 2884 1622 2964 philosophis
1652 2902 1724 2948 non

384 2989 444 3048 est
465 2987 535 3050 nisi
559 2990 607 3050 ad
630 2990 927 3071 dampnacionem
949 2991 1139 3055 tradenda.
1164 3023 1203 3032 -
1237 2989 1283 3052 In
1305 2991 1417 3053 libro
1451 3008 1617 3071 quoque
1645 2989 1721 3053 XI⁰

386 3094 575 3174 capitulo
597 3106 658 3170 11⁰,
684 3100 947 3162 conclusionem
962 3100 1067 3162 istam
1085 3098 1290 3170 defendens,
1307 3101 1383 3163 ait:
1410 3117 1424 3153 ‹
1443 3097 1517 3162 Sed
1540 3101 1625 3180 quia
1640 3101 1721 3181 ipsa

381 3219 496 3274 mens,
521 3204 645 3283 inquit,
681 3206 738 3269 cui
772 3207 871 3269 racio
910 3210 947 3270 et
974 3207 1211 3288 intelligencia
1241 3207 1454 3268 naturaliter
1491 3208 1593 3280 inest,
1617 3207 1719 3270 viciis

383 3309 604 3386 quibusdam
635 3313 835 3376 tenebrosis
864 3316 901 3376 et
930 3315 1115 3377 veteribus
1144 3313 1304 3376 invalida
1336 3316 1400 3388 est,
1425 3332 1497 3376 non
1527 3315 1641 3377 solum
1670 3314 1720 3376 ad

386 3414 621 3479 inherendum
642 3417 805 3492 fruendo,
841 3439 965 3483 verum
989 3421 1103 3484 eciam
1141 3420 1190 3483 ad
1206 3412 1222 3505 ΙΙ
1249 3419 1717 3502 perferendumincommu·
1789 3415 1919 3480 B100v

378 3522 494 3586 tabile
517 3525 646 3598 lumen,
679 3528 794 3591 donec
824 3529 871 3590 de
893 3529 953 3590 die
973 3528 1012 3590 in
1034 3529 1130 3590 diem
1161 3531 1359 3591 rennovata
1387 3530 1497 3607 atque
1526 3532 1679 3591 sannata
1692 3533 1715 3602 ²,

380 3630 450 3692 iiat
471 3634 572 3694 tante
595 3631 776 3698 felicitatis
812 3654 935 3716 capax,
959 3634 1035 3697 fide
1069 3636 1186 3716 primo
1224 3637 1343 3699 inerat
1379 3635 1573 3698 imbuenda
1608 3638 1717 3717 atque

382 3739 571 3819 purganda
591 3739 641 3802 ›².

494 3845 613 3927 Supra
637 3849 731 3910 enim
753 3850 896 3912 memini
923 3869 981 3912 me
1015 3850 1158 3924 dixisse,
1184 3850 1296 3912 eciam
1310 3840 1325 3933 ΙΙ
1350 3849 1389 3911 id
1427 3851 1621 3912 attestante
1654 3850 1715 3914 illo
1729 3842 1759 3908 8.
1787 3843 1817 3905 L
1834 3844 1929 3909 117¹⁰

377 3953 498 4033 primo
520 3952 686 4016 Morali
709 3952 921 4019 Thebano
936 3954 962 4018 ³:
984 3954 1184 4020 Veritatem
1208 3957 1367 4020 divinam
1400 3957 1480 4036 capi
1503 3976 1575 4019 non
1596 3975 1713 4037 posse,

340 4087 344 4094 ·
377 4061 450 4123 nisi
471 4080 495 4123 a
518 4063 603 4124 solis
625 4063 786 4144 purgatis
809 4065 987 4126 mentibus
1009 4083 1076 4144 per
1098 4065 1249 4127 virtutes
1272 4083 1344 4128 non
1365 4061 1480 4136 fictas,
1505 4064 1570 4126 sed
1597 4082 1711 4138 veras,

379 4186 472 4247 quas
495 4168 670 4243 infideles,
695 4189 802 4233 sensu
835 4172 1032 4251 composito
1064 4173 1259 4244 reservato,
1283 4189 1354 4233 non
1386 4174 1537 4252 possunt
1567 4171 1712 4234 habere.

375 4273 420 4338 Si
441 4277 537 4339 enim
560 4280 702 4340 constat
735 4296 796 4340 eos
833 4278 879 4341 de
918 4279 987 4340 diis
1025 4279 1172 4360 procaci
1205 4279 1356 4342 licencia
1390 4279 1556 4343 mentitos
1591 4279 1711 4352 fuisse,

381 4487 594 4496 n———-.—

484 4668 517 4730 u)
536 4681 571 4712 =
590 4667 707 4720 sanata

488 4841 510 4911 ¹)
528 4843 560 4897 S.
580 4844 658 4899 Auli.
677 4846 759 4900 Aue.
783 4846 830 4898 De
856 4843 939 4898 avit.
965 4847 1030 4910 Dei,
1055 4847 1148 4912 XXlI,
1173 4857 1259 4912 xxiv,
1284 4850 1327 4900 ad
1350 4849 1403 4901 litt.
1428 4848 1464 4902 ln
1491 4847 1580 4915 oper.
1604 4847 1625 4900 t.
1648 4847 1713 4910 Vll,

375 4933 597 4998 c01.7⁸9,790.

484 5019 506 5090 ²)
526 5023 579 5088 In,
600 5025 680 5088 thid,
697 5024 748 5089 XI,
766 5034 796 5089 11,
815 5027 858 5079 ad
875 5027 963 5080 litter.
982 5026 1018 5080 In
1038 5025 1129 5094 oper.
1147 5028 1170 5079 t.
1191 5027 1254 5091 Vll,
1273 5027 1329 5082 col.
1348 5027 1409 5082 318.

484 5109 506 5178 ¹)
524 5112 643 5178 Crates,
663 5114 694 5169 le
711 5115 905 5182 philosophe,
922 5115 978 5182 qui
995 5109 1059 5184 jeta
1078 5115 1097 5168 ὲ
1115 5116 1146 5169 la
1162 5131 1231 5169 mer
1248 5118 1317 5170 tout
1334 5129 1370 5171 ce
1388 5116 1461 5184 qu'il
1478 5115 1643 5184 possiduit.
1663 5114 1709 5170 Cf.

374 5199 406 5255 S.
425 5201 558 5257 Hmotl.
577 5204 707 5258 Advero.
725 5205 923 5274 Iovinianum,
940 5205 994 5258 lib.
1013 5206 1049 5271 11,
1068 5221 1134 5274 cap.
1154 5205 1179 5260 9.
1198 5207 1235 5260 In
1255 5205 1345 5274 oper.
1368 5206 1406 5270 11,
1422 5205 1549 5260 ³11-312.
