4300 6117
481 889 546 953 280
991 901 1149 955 LUCULA
1172 899 1312 954 NOCTIS

432 1118 462 1181 3.
591 1118 780 1201 Tanquam
801 1126 923 1184 uotum
947 1123 1095 1185 cuilibet
1120 1122 1231 1196 fideli,
1256 1142 1394 1185 necnon
1432 1125 1468 1185 et
1502 1122 1710 1185 infidelibus
1742 1125 1816 1185 uni·

480 1230 603 1301 versis,
629 1229 754 1291 desino
778 1232 935 1291 tractare
959 1230 1047 1309 quid
1079 1233 1115 1291 et
1150 1231 1274 1309 quales
1305 1232 1436 1292 doceat
1466 1227 1624 1321 Spiritus
1653 1229 1815 1301 Sanctus,

480 1355 560 1398 cum
583 1340 697 1398 totum
721 1338 844 1398 orbem
866 1339 1046 1399 terrarum
1070 1339 1197 1399 contra
1221 1337 1414 1399 nitentibus
1437 1338 1659 1417 principibus
1694 1338 1817 1400 mundi

479 1447 514 1505 et
537 1443 758 1523 philosophis
783 1443 893 1505 seculi
928 1445 1113 1524 magisque
1135 1425 1245 1523 alque
1268 1444 1480 1506 demonibus
1503 1464 1657 1523 perora
1683 1446 1815 1507 duode-

197 1546 226 1607 L
243 1546 316 1611 83το
345 1548 374 1608 B
391 1548 462 1611 67¹⁰
477 1552 546 1613 cim
568 1551 826 1622 illiteratorum,
852 1550 974 1612 vilium
998 1552 1170 1631 sanguine
1184 1541 1211 1633 ΙΙ,
1237 1550 1363 1613 habitu
1379 1555 1416 1612 et
1434 1542 1609 1634 natliurali
1624 1555 1639 1585 ²
1662 1551 1813 1631 loquela,

477 1659 525 1718 ad
547 1656 657 1719 iidem
681 1658 784 1718 unius
809 1656 977 1719 crucifixi
1001 1677 1082 1719 cum
1120 1659 1355 1719 abdicacione
1388 1659 1610 1729 diviciarum,
1639 1659 1758 1721 carnis
1782 1661 1815 1721 et

476 1765 622 1844 proprie
646 1765 820 1825 tirannice
843 1764 1046 1835 voluntatis,
1072 1763 1193 1827 Iudeis
1217 1763 1376 1844 profugis
1397 1783 1507 1845 super
1530 1767 1665 1827 terram
1691 1783 1814 1845 excep·

476 1871 531 1941 tis,
555 1872 765 1951 perduxerit
787 1872 1008 1933 admirande.
1035 1869 1139 1933 Certe
1164 1872 1279 1933 simile
1295 1873 1493 1951 quidquam
1515 1891 1586 1933 non
1608 1873 1726 1952 potuit
1739 1872 1814 1953 lyra

477 1976 621 2058 Orphei,
645 1976 796 2039 Neronis
820 1980 996 2057 potencia,
1021 1979 1156 2040 sevicia
1174 1978 1311 2049 Iuliani,
1328 1978 1524 2040 Alexandri
1548 1982 1675 2051 terror,
1693 1980 1814 2059 volup·

478 2088 533 2147 tas
557 2084 726 2164 Epicurii,
744 2085 902 2147 Platonis
925 2086 1082 2155 castitas,
1104 2086 1305 2166 benignitas
1322 2084 1491 2152 Socratis,
1508 2084 1693 2147 Maumeth
1711 2087 1813 2147 simu·

477 2193 580 2263 lacio,
619 2193 794 2272 ypocrisis
829 2191 992 2261 Simonis,
1029 2193 1185 2271 denique
1222 2211 1338 2271 neque
1373 2193 1546 2254 miracula
1580 2192 1708 2273 Moysi,
1746 2212 1815 2255 non

476 2300 572 2361 vires
595 2296 812 2379 Sampsouis,
837 2319 908 2361 non
938 2300 1057 2361 David
1088 2301 1249 2371 victorie,
1275 2318 1347 2361 non
1381 2300 1565 2379 sapiencia
1603 2298 1813 2370 Salomonis,

477 2424 593 2485 neque
615 2404 897 2468 Machabeorum
926 2406 1081 2468 audacia
1114 2407 1214 2467 miris
1238 2407 1410 2486 prodigiis
1441 2407 1622 2468 roborata.
1654 2405 1734 2478 Hic,
1760 2407 1814 2468 bic

477 2512 631 2593 Spiritus
655 2514 770 2575 almus
793 2532 858 2575 ora
891 2511 1085 2576 infaucium
1120 2514 1247 2593 aperit,
1273 2516 1309 2576 et
1340 2517 1519 2576 mutorum
1556 2515 1693 2594 linguas
1729 2512 1814 2576 facit

477 2620 632 2682 disertas
650 2618 670 2686 1.
706 2620 838 2682 docens
874 2639 1015 2682 omnem
1049 2621 1241 2682 veritatem
1260 2619 1280 2682 ².
1317 2619 1422 2682 Solus
1459 2639 1544 2683 vere
1567 2620 1815 2701 phylosophie,

376 2745 379 2751 “
478 2746 586 2807 quam
602 2728 760 2789 nondum
775 2731 951 2789 noverunt
966 2728 1148 2807 principes
1164 2728 1279 2789 seculi
1295 2728 1408 2799 huius,
1424 2732 1479 2789 est
1494 2726 1675 2807 perfectus
1695 2726 1815 2807 opifex

479 2839 516 2896 et
539 2835 716 2914 magister,
754 2826 918 2897 dividens
941 2834 1087 2915 singulis
1121 2837 1229 2914 prout
1262 2836 1348 2905 vult,
1373 2835 1496 2896 volens
1531 2838 1639 2915 prout
1675 2836 1815 2897 noverit

478 2943 657 3021 expedire.
704 2939 734 3002 O
770 2943 906 3003 utinam
940 2942 1043 3003 huius
1079 2941 1196 3003 scolas
1233 2940 1503 3020 frequentarent
1546 2940 1815 3021 Xpistianorum

479 3067 582 3111 senes
607 3052 641 3110 et
662 3049 815 3128 parvuli,
839 3067 956 3110 mares
982 3051 1018 3109 et
1040 3047 1181 3120 femine,
1208 3052 1243 3109 et
1268 3052 1362 3111 esset
1385 3050 1498 3110 omnis
1522 3052 1646 3110 nostra
1674 3050 1814 3128 questio

479 3156 600 3217 statim
624 3157 765 3236 sopita:
793 3155 904 3218 «Hoc
929 3157 1031 3227 enim,
1058 3155 1156 3234 quod
1186 3155 1301 3234 replet
1333 3158 1457 3218 orbem
1491 3159 1677 3227 terrarum,
1703 3157 1814 3218 scien·

480 3264 572 3325 ciam
594 3262 704 3326 habet
727 3263 825 3325 vocis
841 3262 900 3324 »il

432 3367 462 3431 4.
591 3368 686 3432 Sileo
710 3371 881 3449 quintum,
907 3371 1067 3433 scilicet:
1097 3371 1194 3449 quod
1218 3369 1310 3431 fides
1345 3372 1384 3431 ut
1415 3370 1649 3432 communiter
1672 3372 1727 3431 est
1750 3387 1815 3449 per

478 3478 658 3558 simplices
682 3478 843 3549 dilatata,
868 3479 934 3539 sed
958 3478 1129 3540 roborata
1152 3496 1218 3556 per
1240 3474 1458 3556 Xpisticolas
1474 3478 1665 3556 sapientes
1683 3474 1813 3555 Utique

479 3584 622 3666 prefero
644 3585 864 3665 sapienciam
887 3583 998 3655 Pauli,
1024 3585 1216 3655 Ambrosii,
1241 3582 1417 3645 Dominici
1449 3584 1668 3664 simplicitati
1707 3582 1812 3654 Petri,

478 3693 623 3755 Antonii
648 3695 683 3754 et
715 3691 906 3764 Francisci,
933 3693 998 3753 sed
1032 3711 1104 3753 nou
1138 3690 1294 3754 fructum
1328 3692 1580 3753 conversionis.
1627 3688 1688 3752 Sic
1722 3692 1813 3752 euim

478 3801 605 3862 Petrus
631 3801 666 3861 et
690 3800 809 3871 ceteri,
834 3800 989 3861 humana
1021 3799 1177 3861 sciencia
1210 3798 1382 3871 destituti,
1408 3800 1592 3860 traxerunt
1625 3797 1674 3859 ad
1696 3795 1814 3877 Xpisti

478 3908 589 3969 fidem
611 3907 816 3986 provincias
841 3907 909 3968 sibi
933 3907 1151 3976 commissas,
1177 3906 1270 3967 sicut
1293 3908 1329 3967 et
1351 3906 1514 3984 gencium
1527 3906 1656 3967 doctor
1670 3904 1812 3975 Paulus,

461 4016 539 4095 ,qui
573 4015 696 4087 eciam,
721 4033 766 4075 ne
800 4017 1036 4076 evacuaretur
1070 4032 1158 4075 crux
1192 4012 1320 4093 Xpisti,
1345 4014 1395 4074 ad
1431 4012 1584 4092 populos
1618 4012 1686 4074 sibi
1722 4030 1813 4072 com·

478 4123 605 4185 missos
627 4122 725 4182 venit
751 4138 853 4182 <non
876 4121 1029 4182 humane
1053 4121 1244 4200 sapiencie,
1268 4121 1389 4181 verbis
1408 4117 1457 4181 »t
1504 4118 1633 4181 Nescio
1661 4120 1720 4180 cui
1743 4138 1812 4180 ma·

478 4230 530 4311 gis
553 4230 748 4291 attribuam
772 4226 959 4308 Augustini
983 4228 1251 4290 conversionem
1283 4225 1458 4298 festivam,
1483 4226 1674 4288 Ambrosio
1704 4227 1811 4305 sepis·

479 4337 567 4399 sime
591 4340 625 4398 et
648 4335 879 4397 subtilissime
903 4335 1111 4415 disputanti,
1135 4354 1182 4396 an
1214 4334 1370 4397 Autouio
1401 4334 1581 4407 illiterato,
1607 4334 1707 4395 cuius
1737 4334 1811 4395 sola

481 4550 692 4561 ..ρ-.-

585 4728 616 4787 u)
634 4724 696 4793 ny
715 4738 733 4775 a
752 4739 812 4777 une
831 4738 940 4801 prreur
957 4723 999 4775 de
1016 4722 1263 4775 numerotation:
1281 4721 1304 4773 il
1322 4720 1388 4774 taut
1407 4722 1513 4774 suivre
1531 4719 1610 4784 66ss,
1628 4722 1664 4774 77
1671 4720 1707 4773 A.

591 4900 612 4969 ¹)
632 4902 676 4955 Cf.
696 4903 801 4954 Peulm
819 4902 946 4965 vl11,3;
967 4900 996 4954 S.
1014 4901 1139 4953 Mirm
1158 4899 1237 4961 xxl,
1256 4899 1298 4952 16.

587 4988 609 5057 ²)
633 4992 662 5044 S.
682 4991 793 5044 ΙοΗΑΝ.
811 4992 888 5054 xvl,
908 4991 950 5045 1³.

587 5078 608 5147 ⁸)
629 5080 673 5133 Cf.
693 5080 835 5146 Sapiens,
854 5081 876 5144 l,
895 5082 920 5133 7.

585 5168 608 5235 ⁴)
628 5169 657 5221 S.
677 5169 784 5231 PAUL,
802 5170 815 5221 1
834 5171 877 5221 ud
897 5168 973 5231 Cor,
990 5169 1027 5233 11,
1044 5168 1071 5220 4.
