4300 6117
855 911 1043 965 IOHANNIS
1065 911 1246 966 DOMINICI
1649 903 1711 966 111

368 1133 668 1213 relinquentibus,
695 1153 738 1196 ea
761 1134 838 1214 lege
871 1134 1057 1206 debentur,
1088 1153 1196 1213 quam
1219 1135 1370 1213 quisque
1393 1135 1440 1196 sit
1462 1134 1617 1196 vivendo
1640 1138 1712 1196 sta·

365 1243 476 1303 tuerit
492 1239 512 1302 ¹.
537 1239 616 1302 Non
630 1242 745 1303 minus
764 1242 860 1303 clare
880 1242 922 1302 in
943 1239 1111 1321 Gorgia,
1128 1245 1211 1321 post
1226 1242 1512 1320 disputacionem
1527 1244 1713 1320 peractam

367 1348 513 1410 disserit
531 1348 578 1409 de
593 1347 760 1410 habituro
777 1352 859 1429 post
876 1367 1006 1426 corpus
1019 1349 1181 1410 examine
1190 1348 1210 1410 ².
1230 1381 1268 1389 —
1284 1347 1377 1410 Hinc
1390 1346 1585 1428 Crisippus,
1600 1351 1640 1409 ut
1652 1367 1712 1409 no·

365 1457 421 1516 tat
436 1452 644 1517 Lactantius
653 1453 674 1526 ³,
687 1456 887 1517 autmarum
900 1455 1127 1517 eternitatem
1141 1455 1337 1536 suspirans,
1355 1456 1424 1517 sibi
1439 1455 1559 1517 intulit
1575 1473 1710 1523 manus,

368 1563 541 1640 tanquam
566 1562 602 1624 in
626 1562 741 1623 celum
764 1563 1028 1642 migraturus».
1050 1594 1091 1602 —
1114 1560 1374 1636 Cleombrotus,
1398 1562 1529 1624 librum
1552 1560 1712 1623 Platonis

366 1668 497 1748 legens,
516 1687 555 1730 se
573 1669 785 1750 precipitem
802 1668 913 1741 dedit,
930 1667 1130 1730 feliciorem
1142 1670 1254 1730 vitam
1281 1669 1492 1731 desiderans
1518 1666 1710 1730 invenire⁴.

365 1773 472 1837 Hunc
509 1779 653 1837 secutus
684 1778 739 1838 est
775 1774 863 1837 Cato
900 1780 1054 1858 stoycus,
1091 1776 1122 1836 si
1157 1779 1279 1838 tamen
1313 1775 1380 1837 hoc
1414 1794 1485 1838 non
1509 1776 1578 1856 egit
1612 1775 1710 1838 tedio

366 1882 504 1963 duplici
528 1886 705 1960 quartane
730 1881 913 1945 confectus
928 1879 949 1942 ⁵.
965 1915 1004 1923 -
1019 1881 1100 1944 Vox
1123 1881 1197 1944 luit
1213 1883 1399 1944 cuiusdam
1413 1882 1594 1963 platonici,
1619 1883 1711 1944 sicut

365 1990 496 2051 recitat
520 1988 758 2069 Augustinus:
784 1989 1004 2070 Fugiendum
1029 1993 1085 2050 est
1099 1991 1149 2051 ad
1168 1990 1402 2052 clarissImam
1423 1991 1587 2071 patriam,
1606 1993 1641 2051 et
1660 1989 1711 2050 ibi

365 2099 494 2176 patere
517 2097 636 2158 omnia
650 2116 656 2170 ;
682 2096 774 2158 hanc
799 2097 1036 2158 clarissimam
1051 2097 1211 2176 patriam
1227 2115 1349 2158 omnes
1367 2097 1446 2176 pios
1462 2096 1673 2158 desiderare
1686 2093 1707 2166 ⁶,

367 2202 425 2265 Ad
445 2201 651 2282 Asclepium
675 2203 857 2265 scribebat
881 2201 1058 2265 Hermes
1081 2202 1321 2265 Mercurius
1345 2204 1444 2282 quod
1467 2222 1538 2265 non
1560 2203 1710 2282 largitur

367 2309 435 2371 nisi
458 2307 555 2372 Deus
574 2307 593 2383 ⁷,
619 2313 727 2388 prout
761 2311 922 2390 primo
945 2309 1247 2372 Ethicorum
1281 2312 1502 2391 protestatur
1538 2308 1708 2371 Philo·

365 2415 602 2496 sophus&

456 2521 534 2585 Hec
558 2526 611 2585 est
635 2523 886 2602 antiquorum¹
902 2523 1123 2585 ethnicorum
1140 2525 1306 2585 doctrina
1329 2523 1494 2595 salubris,
1512 2542 1581 2602 que
1594 2523 1708 2585 eciam
1723 2523 1774 2586 14.

364 2629 544 2708 ignaviam
559 2627 829 2708 Xpistianorum
846 2629 1041 2692 contundit.
1058 2629 1162 2693 Unde
1177 2628 1528 2692 sanctusIeronimus
1548 2633 1707 2709 pertrac-

366 2739 447 2797 tans
471 2736 636 2815 quedam,
662 2753 732 2814 que
755 2736 817 2797 De
846 2734 1116 2816 Contemptu
1138 2737 1330 2798 ineundi
1353 2738 1533 2817 scriptitat
1556 2731 1706 2798 Theo·

366 2842 595 2923 phrastus,
628 2846 755 2905 contra
777 2842 999 2904 Iovinianum
1023 2844 1225 2906 concludit:
1267 2843 1396 2929 «Quos
1427 2861 1498 2905 non
1521 2841 1706 2904 suffundat

364 2947 645 3028 Xpistianorum,
672 2967 822 3028 quorum
847 2951 1079 3012 conversacio
1103 2952 1139 3011 in
1161 2951 1248 3012 celis
1266 2953 1345 3013 est»
1361 2949 1383 3012 ⁹.
1413 2949 1570 3012 Maxime
1585 2952 1705 3012 autem

365 3055 475 3118 debet
514 3075 643 3118 cavere
678 3055 897 3137 Xpistianus,
935 3058 1035 3119 cuius
1073 3057 1180 3129 salus,
1212 3058 1311 3120 velut
1334 3059 1371 3119 in
1402 3056 1535 3130 radice,
1571 3054 1706 3118 infide

365 3161 547 3233 fundatur,
582 3163 769 3243 sepissime
792 3164 935 3225 dicente
958 3163 1112 3226 Domino
1141 3165 1370 3244 singulariter
1396 3163 1537 3226 multis:
1565 3163 1706 3226 «Fides

367 3410 579 3420 ---.-

472 3649 505 3710 α)
525 3673 558 3682 -
577 3645 781 3713 antiquorum.

473 3839 494 3906 ¹)
513 3843 652 3900 Psaros,
673 3843 805 3905 Ριιαρᾱο,
825 3851 875 3903 nx,
895 3851 955 3905 uxr,
973 3851 1046 3893 exn.

474 3929 494 3997 ²)
513 3931 557 3982 Iu.
579 3931 717 3999 Gorgias,
736 3941 826 3993 Lx111;
847 3930 949 3994 Didot,
969 3931 990 3994 1,
1008 3931 1069 3993 507,
1089 3931 1150 3984 508.

474 4017 671 4086 'lLACTm
694 4020 785 4072 Fnur.
813 4022 912 4072 Dtvtn.
942 4022 1017 4072 Inst.
1044 4019 1095 4084 ΙΙΙ,
1114 4029 1200 4071 xvm.
1228 4020 1265 4072 In
1287 4018 1378 4087 Oper.
1399 4020 1449 4084 VI,
1475 4020 1538 4074 406.
1574 4020 1704 4088 n'apres

366 4110 486 4172 Laerte,
506 4109 700 4177 Chrysippus
720 4110 815 4163 seraIt
829 4111 911 4162 mort
929 4109 1047 4162 d’avoir
1064 4111 1138 4176 trop
1157 4109 1192 4172 ri,
1211 4110 1304 4176 apres
1323 4109 1411 4162 avoir
1430 4111 1500 4177 trop
1519 4112 1570 4164 bn.
1585 4111 1703 4179 cepen-

366 4199 443 4252 dant
458 4199 480 4250 il
498 4198 603 4252 donne
620 4197 704 4250 aussi
722 4198 833 4252 l'autre
851 4199 984 4251 version.
1010 4197 1055 4251 Ct.
1074 4198 1186 4251 SENEC.
1205 4199 1307 4265 Epist.
1327 4201 1370 4251 ad
1387 4200 1496 4251 Luctll.
1520 4200 1609 4253 LVII.

471 4285 494 4352 ⁴)
513 4286 543 4340 8.
561 4287 642 4340 Auo.
667 4289 713 4340 De
735 4286 819 4340 civit.
840 4290 905 4352 Det,
923 4288 945 4351 1,
964 4297 1045 4349 xxm
1075 4286 1113 4339 cf.
1132 4287 1290 4339 Lucrrur.
1307 4297 1394 4340 mua
1413 4289 1512 4341 Dum.
1533 4289 1631 4342 Iustu.
1652 4290 1703 4353 111,

367 4384 451 4428 xvm.
469 4375 685 4454 Cleombrotus
705 4387 765 4438 que
783 4377 936 4430 Lactance
956 4377 1081 4444 appelle
1099 4377 1185 4428 aussi
1202 4377 1424 4440 Ambraciotes,
1444 4378 1647 4442 d'Ambracia,
1666 4393 1702 4432 sa

367 4465 440 4517 ville
460 4466 562 4518 natale
580 4480 621 4517 en
638 4465 741 4532 Epire.
773 4464 798 4517 ΙΙ
817 4481 852 4520 se
871 4465 966 4520 serait
987 4465 1088 4534 jetta
1112 4466 1142 4518 la
1167 4480 1243 4518 mer.
1281 4464 1325 4518 CI.
1352 4466 1414 4518 C1c.
1445 4464 1530 4519 Tusc.
1558 4467 1580 4530 I,
1605 4468 1648 4521 34.
1676 4469 1702 4521 ΙΙ

367 4553 453 4622 s'agit
470 4555 513 4607 du
529 4554 658 4607 Phedon
676 4555 716 4608 de
734 4555 853 4608 Platon.

473 4639 494 4708 δ)
514 4643 576 4696 cre.
602 4642 688 4696 tusc.
709 4644 731 4706 Ι,
749 4643 792 4696 ³4.
829 4643 874 4696 CI.
895 4642 925 4696 8.
944 4643 1035 4706 Auo,
1054 4645 1101 4696 De
1122 4643 1183 4696 civ.
1203 4645 1269 4707 Det,
1287 4645 1309 4706 1,
1328 4654 1506 4696 xxm-xxxv.

473 4729 494 4796 ⁰)
512 4731 542 4785 S.
561 4733 641 4786 AUG.
659 4734 706 4786 De
728 4731 789 4785 civ.
810 4736 876 4796 Det,
894 4734 916 4796 1,
935 4743 1020 4785 xxw.
1040 4733 1075 4786 ln
1098 4731 1188 4800 Oper.
1207 4733 1271 4795 VII,
1290 4733 1333 4786 38.

475 4817 494 4886 ἵ)
513 4821 557 4872 ΙΙ).
575 4822 622 4874 De
644 4821 704 4874 clv.
725 4823 792 4885 Del,
810 4822 888 4886 vul,
907 4833 993 4874 xxm.

473 4905 494 4974 ⁸)
514 4909 558 4963 Cf.
576 4911 679 4964 ARIST.
698 4912 711 4964 Ι
729 4912 800 4964 Em.
820 4927 886 4978 cap.
905 4921 924 4963 1.
954 4911 978 4963 ll
998 4911 1086 4979 s¹agit
1104 4911 1143 4964 de
1162 4911 1192 4962 la
1210 4909 1257 4962 tin
1274 4911 1382 4964 ulttme
1399 4911 1439 4964 de
1457 4912 1547 4964 notre
1565 4911 1699 4964 activite.

472 4995 556 5064 ‘lei
576 4998 605 5050 S.
631 4999 764 5054 HIERON.
793 5000 924 5053 Advers.
957 5001 1103 5053 Iovtntan.
1124 5000 1146 5063 Ι,
1164 5000 1208 5052 48.
1245 5000 1288 5052 Le
1313 5000 1385 5052 titre
1404 4999 1446 5051 du
1471 5000 1549 5052 livre
1575 5001 1624 5052 est
1652 5001 1699 5053 De

366 5086 497 5152 Nuptiis,
522 5088 598 5140 dont
623 5104 665 5141 un
690 5088 844 5158 fragment
871 5105 949 5143 nous
969 5105 986 5142 a
1006 5090 1055 5142 e'te
1073 5089 1226 5142 conserve
1251 5103 1309 5154 par
1333 5088 1363 5141 S.
1382 5088 1515 5142 Je'rdme.
1551 5088 1587 5141 In
1607 5087 1698 5154 Oper.

365 5173 471 5240 XXIII,
490 5175 551 5230 291.
