4300 6117
885 973 1072 1027 munitius
1095 973 1276 1048 nonnum
1659 963 1724 1027 277

382 1198 587 1277 perimento
610 1195 772 1277 perlecto
796 1213 853 1258 res
887 1215 971 1258 suas
1007 1196 1123 1277 prime
1158 1214 1266 1257 cause
1298 1194 1376 1258 fore
1406 1196 1598 1269 subiectas,
1624 1197 1724 1258 cuius

384 1322 516 1365 numen
538 1300 694 1365 Saturno
708 1304 775 1381 ,vel
798 1302 883 1375 Iovi,
910 1301 1021 1375 Cerei,
1056 1302 1182 1364 Iunoni
1206 1305 1268 1364 aut
1302 1301 1518 1384 Proserpine
1541 1322 1723 1382 nunquam

380 1410 555 1491 dedisset,
594 1411 664 1472 nisi
700 1411 884 1472 infernalis
923 1409 1169 1490 phylosophia,
1209 1409 1390 1472 hominum
1436 1410 1562 1472 salutis
1606 1411 1723 1473 emula

384 1518 605 1579 emulacione
638 1518 790 1588 mortali,
829 1518 895 1579 hec
930 1518 1085 1596 pessime
1120 1518 1324 1579 docuisset.
1370 1516 1470 1579 Felix
1505 1529 1588 1598 ergo
1623 1519 1722 1598 prior

380 1627 470 1697 etas,
494 1626 662 1687 contenta
695 1623 864 1686 fidelibus
898 1624 1004 1695 arvis,
1022 1625 1203 1685 ¹virtutum
1225 1642 1324 1699 auro,
1359 1625 1529 1687 mundum
1565 1629 1719 1705 regente,

382 1731 500 1793 adhuc
524 1731 655 1794 Astrea
690 1720 896 1811 triumphali
931 1733 1075 1810 sceptro
1109 1731 1225 1792 solum
1262 1732 1401 1794 colente
1416 1730 1437 1793 ¹.
1484 1729 1538 1794 Sit
1572 1733 1639 1794 rite
1671 1733 1718 1794 ab

378 1856 505 1900 eorum
529 1838 674 1900 oraculo
698 1838 829 1899 ruralis
863 1838 978 1909 homo,
1004 1856 1068 1899 suo
1106 1838 1220 1917 agello
1256 1841 1453 1911 contentus,
1479 1840 1613 1919 optimo
1648 1840 1718 1904 civi

379 1964 528 2008 romano
552 1964 624 2024 quo
648 1945 697 2007 ad
719 1944 927 2006 felicitatem
950 1946 1121 2025 prelatus.
1154 1943 1233 2007 Hoc
1267 1944 1467 2007 Valerio
1502 1947 1676 2009 recitante
1694 1945 1715 2008 ².

486 2051 638 2133 Magnus
662 2051 839 2123 Socrates,
866 2052 927 2130 qui
949 2053 997 2113 ab
1022 2051 1149 2113 eodem
1172 2051 1338 2132 Apolline
1361 2054 1645 2133 sapientissimus
1662 2056 1715 2116 est
1729 2047 1782 2112 23.

376 2156 596 2239 predicatus,
623 2178 674 2230 eo,
700 2162 740 2220 ut
763 2159 881 2229 credo,
906 2159 991 2237 quia
1015 2159 1085 2221 sibi
1109 2162 1145 2221 et
1176 2162 1304 2222 ceteris
1327 2162 1444 2241 ydolis
1468 2161 1683 2223 detrahebat
1692 2160 1714 2236 ³,

378 2267 514 2328 rustico
538 2285 609 2327 non
632 2265 774 2327 auferat
796 2264 979 2327 felicitatis
1004 2266 1162 2346 palmam
1184 2268 1336 2346 prelato.
1374 2267 1561 2330 Laudatur
1598 2272 1715 2349 prete·

375 2391 450 2445 rea,
476 2374 571 2435 etin
595 2373 662 2435 hoc
686 2374 764 2454 ipse
788 2373 907 2443 laudo,
938 2391 1000 2433 rex
1023 2373 1193 2451 antiquus
1215 2372 1466 2455 Licurgus,
1504 2377 1565 2453 qui
1589 2379 1715 2437 autore

377 2479 575 2552 Iustino,
600 2480 694 2542 libro
717 2480 839 2551 tercio,
864 2480 937 2541 suis
961 2480 1098 2560 legibus
1122 2481 1226 2542 iussit
1262 2498 1427 2562 «pueros
1458 2484 1614 2562 puberes
1644 2502 1715 2545 non

374 2586 414 2647 in
435 2585 562 2659 lorum,
587 2587 713 2648 sedin
736 2598 860 2667 agrum
883 2586 1023 2659 deduci,
1049 2588 1089 2648 ut
1115 2588 1250 2668 primos
1275 2607 1388 2650 annos
1410 2590 1540 2650 nonin
1563 2589 1712 2664 luxuria,

374 2694 498 2755 sedin
519 2694 615 2756 omni
638 2712 748 2774 opere
772 2696 808 2755 et
830 2693 954 2755 labore
978 2696 1134 2773 agerent.
1182 2693 1299 2757 Nichil
1333 2714 1394 2758 eos
1428 2697 1569 2777 sompni
1603 2715 1714 2759 causa

373 2802 614 2873 substernere,
639 2803 675 2863 et
697 2801 808 2862 vitam
823 2801 899 2863 sine
915 2801 1098 2880 pulmento
1114 2802 1254 2882 degere,
1272 2821 1388 2882 neque
1403 2804 1503 2883 prius
1522 2804 1560 2865 in
1583 2806 1711 2867 urbem

374 2908 504 2979 redire,
529 2926 637 2986 quam
659 2908 730 2969 viri
751 2905 838 2969 lacti
861 2898 875 2990 Η
902 2909 1022 2969 essent
1045 2908 1217 2970 statuit».
1242 2908 1319 2972 Hec
1340 2909 1529 2973 Iustinust.
1802 2904 1832 2965 B
1848 2906 1926 2969 66vo

485 3013 591 3077 Canis
616 3027 699 3096 ergo
724 3015 834 3095 magis
848 3006 862 3098 ΙΙ
888 3014 961 3077 tide
985 3034 1093 3094 quam
1108 3016 1191 3096 pilis
1206 3016 1383 3079 lecciones
1399 3018 1581 3098 gentilium
1596 3020 1707 3099 scrip·
1724 3008 1776 3072 24·
1801 3010 1830 3072 L
1846 3012 1924 3076 82'0

370 3123 535 3183 turarum
558 3125 640 3183 sunt
662 3123 843 3184 interdum
866 3122 914 3184 ad
937 3122 1129 3184 utilitatem
1151 3141 1329 3195 concesse,
1355 3127 1391 3186 et
1425 3144 1497 3186 non
1519 3124 1706 3205 neophitis,

370 3228 465 3289 sicut
487 3230 589 3308 patet
613 3247 656 3290 ex
678 3229 786 3290 dictis
810 3231 846 3291 et
869 3228 1027 3308 capitulo
1050 3229 1210 3292 secundo
1233 3232 1353 3292 octavi
1375 3231 1528 3304 articuli,
1552 3236 1706 3313 utputo,

370 3337 486 3396 restat
508 3337 747 3397 tractandum.

371 3556 582 3567 ——.....-—....

478 3738 498 3805 1)
517 3740 637 3805 Astree,
656 3742 767 3794 deesse
785 3742 826 3794 de
843 3742 874 3793 la
891 3741 1011 3809 justice,
1031 3742 1076 3795 Ci.
1098 3742 1188 3795 Ovm.
1208 3744 1333 3796 Metam.
1351 3743 1374 3806 1,
1393 3744 1454 3797 150.

478 3826 498 3891 Ἰ)
518 3829 562 3882 cf.
581 3830 658 3881 VAL.
671 3828 757 3881 Max.
776 3830 825 3894 IV,
844 3839 885 3895 lv,
903 3833 941 3883 de
956 3835 1144 3898 paupertate
1160 3833 1295 3895 laudata,
1311 3832 1338 3885 6.

350 3972 354 3981 ,
476 3914 496 3982 ³)
516 3918 560 3972 ef.
580 3918 609 3972 S.
628 3914 709 3972 AUG.
728 3920 774 3971 De
799 3920 875 3972 Vera
893 3920 1056 3990 Religione,
1076 3937 1143 3989 cap.
1161 3932 1192 3973 11.
1215 3923 1251 3976 ln
1271 3921 1360 3989 Oper.
1380 3922 1445 3987 111⁸,
1466 3924 1526 3977 123.

474 4004 496 4071 ⁴)
514 4007 670 4072 lusrmus,
689 4006 805 4061 litator.
824 4009 875 4073 111,
894 4020 934 4061 m.
