4300 6117
829 973 1016 1028 IOHANNIS
1036 972 1217 1026 DOMINICI
1622 961 1685 1024 113

344 1195 597 1257 subtilissimus
621 1195 837 1275 Augustinus
862 1195 1067 1275 aliqualiter
1091 1193 1269 1257 diffinire:
1293 1194 1351 1256 An
1372 1192 1439 1256 tilii
1461 1194 1538 1267 Dei,
1563 1195 1685 1274 quiin

344 1301 512 1364 Genesi
535 1301 630 1364 illias
654 1301 836 1363 hominum
859 1302 1044 1381 accepisse
1078 1305 1273 1363 narrantur
1308 1320 1445 1372 uxores,
1471 1302 1587 1382 angeli
1610 1300 1684 1364 lue·

343 1409 414 1472 rint
430 1410 488 1471 vel
503 1409 673 1478 homines,
698 1408 760 1470 De
783 1406 872 1470 Civ.
890 1407 980 1478 Dei,
1005 1407 1143 1470 lib.v.
1167 1427 1198 1470 c.
1222 1407 1365 1469 xxl11¹i
1403 1406 1576 1470 Concedit
1608 1409 1684 1488 phi·

343 1517 438 1578 sicus
462 1517 548 1578 item
572 1516 608 1577 in
631 1516 754 1578 termis
779 1534 923 1594 sperma
962 1515 1125 1577 relictum
1160 1516 1333 1595 virginem
1356 1514 1537 1577 attrahere
1565 1533 1684 1595 posse,

344 1623 499 1702 indeque
523 1623 713 1704 concipere
744 1623 858 1703 plene,
891 1639 964 1701 que
994 1640 1037 1683 ex
1073 1626 1202 1684 carne⁸
1225 1623 1348 1702 nequit
1382 1641 1511 1702 parere
1545 1623 1645 1702 virgo
1663 1621 1683 1684 ².

344 1729 452 1792 Putat
469 1728 700 1811 Speusippus,
725 1748 769 1791 ex
792 1748 916 1793 sorore
931 1747 1043 1810 nepos
1060 1728 1219 1792 Platonis
1237 1732 1346 1808 atque
1363 1722 1686 1802 couacteus,bP1a-

344 1840 464 1900 tonem
488 1838 534 1899 de
569 1837 705 1917 virgine
738 1839 870 1909 natum,
904 1835 1096 1917 Appolline
1121 1835 1311 1916 Sapiencie
1344 1839 1448 1917 patre
1482 1829 1684 1916 generante',

345 1942 534 2025 Sapiencie
565 1944 693 2007 ducem
725 1945 773 2006 de
806 1945 943 2024 virgine
976 1947 1101 2013 matre,
1126 1947 1274 2006 auctore
1305 1942 1481 2006 leronimo
1505 1947 1686 2006 contra

344 2049 708 2113 Iovinianum³.

435 2156 473 2219 Si
519 2158 654 2220 videris
695 2158 899 2237 quempiam
935 2157 1059 2237 spacio
1093 2157 1217 2237 viginti
1251 2161 1405 2237 quatuor
1440 2156 1609 2218 horarum
1636 2157 1685 2219 ad

345 2266 496 2327 extasim
531 2265 789 2334 sublevatum,e
805 2264 1006 2326 crediturus
1044 2282 1082 2325 es
1106 2264 1167 2336 illi,
1204 2282 1428 2344 quecumque
1466 2264 1502 2323 in
1535 2265 1611 2326 celo
1645 2281 1686 2326 se

344 2372 479 2433 vidisse
502 2372 551 2433 ad
574 2390 699 2433 sensus
723 2389 888 2433 reversus
914 2363 1150 2433 enarraretd.

434 2476 530 2540 Satis
554 2481 760 2540 sanctorum
783 2476 930 2540 Patrum
953 2477 1019 2539 hec
1050 2481 1150 2557 gesta
1184 2477 1372 2539 verissima
1395 2479 1536 2551 docent,
1560 2496 1685 2539 verum
1700 2475 1753 2537 16.

346 2585 549 2647 huiusmodi
572 2588 674 2648 actus
698 2588 828 2646 natura
852 2585 1020 2665 producit
1037 2587 1072 2646 et
1090 2584 1211 2646 nutrit.
1236 2582 1369 2646 Scribit
1386 2585 1552 2664 equidem
1564 2583 1685 2664 Agel-

346 2691 443 2762 lius,
468 2691 561 2754 libro
596 2693 712 2773 primo
747 2691 959 2754 Noctium
992 2691 1254 2763 aticarum,‘
1279 2692 1326 2753 de
1350 2690 1508 2765 Socrate,
1543 2692 1684 2754 dicens:

349 2797 483 2861 <Stare
500 2797 667 2860 Socrates
691 2799 817 2860 solitus
842 2799 983 2870 dicitur,
1008 2799 1186 2879 pertinaci
1201 2800 1308 2869 statu,
1332 2798 1461 2879 perdiu
1478 2801 1586 2877 atque
1605 2816 1685 2879 per-

347 2924 426 2978 nox,
448 2924 471 2967 a
487 2923 623 2968 summo
647 2907 737 2967 lucis
761 2909 843 2967 ortu
866 2905 914 2967 ad
937 2906 1049 2966 solem
1073 2905 1227 2966 alterum
1242 2906 1426 2976 orientem,
1443 2905 1684 2976 inconnivens,

347 3011 546 3084 immobilis,
572 3011 700 3074 iisdem
717 3012 753 3073 in
769 3012 937 3091 vestigiis,
955 3015 991 3074 et
1015 3029 1077 3074 ore
1094 3015 1205 3090 atque
1221 3011 1333 3073 oculis
1349 3011 1502 3074 eundem
1516 3012 1553 3072 in
1568 3012 1685 3073 locum

348 3118 504 3191 directis,
519 3119 790 3198 cogitabundus,
805 3123 976 3198 tanquam
991 3120 1149 3198 quodam
1159 3135 1303 3180 secessu
1316 3119 1444 3181 mentis
1457 3122 1566 3198 atque
1577 3119 1686 3181 animi

348 3222 443 3287 lacto
459 3245 480 3288 a
497 3243 674 3306 corpore»
689 3223 711 3287 ⁴.
736 3257 779 3268 —-
804 3224 891 3310 Quis
915 3244 987 3287 non
1007 3225 1106 3287 dicat
1127 3224 1270 3305 ignarus
1288 3243 1369 3287 cum
1385 3224 1497 3287 Paulo
1513 3225 1622 3287 talem
1638 3225 1686 3287 ad

348 3332 463 3394 celum
475 3333 625 3393 tercium
642 3333 808 3413 raptum?
824 3331 982 3395 Locutus
995 3332 1140 3412 angelus
1157 3332 1277 3393 multis
1293 3331 1441 3394 Patrum
1457 3333 1607 3404 devotis,
1624 3332 1687 3411 qui

348 3457 418 3500 non
442 3439 557 3500 solum
580 3441 699 3502 omnia
721 3457 827 3501 sacra
849 3439 1008 3520 portavit
1045 3443 1081 3501 et
1105 3438 1264 3501 archana
1294 3440 1340 3502 de
1364 3441 1460 3511 celis,
1497 3443 1552 3502 set
1575 3439 1685 3501 calles

349 3545 487 3616 direxit,
513 3545 644 3607 deiecit
667 3545 797 3618 hostes,
822 3546 981 3608 medelas
1005 3546 1141 3617 tribuit,
1159 3549 1195 3608 et
1217 3546 1454 3608 saluberrima
1468 3547 1684 3608 ministravit

349 3669 428 3714 cum
453 3653 581 3730 copia;
621 3653 677 3714 cui
700 3672 772 3715 non
810 3653 960 3715 credere
997 3650 1112 3714 obtuit
1136 3650 1228 3724 Heli,
1269 3650 1368 3714 Sauli
1391 3657 1501 3732 atque
1523 3653 1684 3734 genitori,

454 4015 487 4076 a)
502 4039 533 4048 -
547 4027 587 4064 ex
599 4027 701 4066 carne.
721 4013 753 4077 b)
769 4028 804 4059 =
819 4013 965 4066 elactens.
986 4017 1015 4078 c)
1027 4029 1062 4059 =
1078 4011 1240 4066 sublatum.
1259 4014 1292 4077 d)
1305 4029 1339 4059 =
1352 4013 1503 4066 narraret.
1523 4016 1551 4076 e)
1563 4029 1598 4058 =
1610 4013 1684 4064 acti·

348 4117 469 4154 carum.

457 4249 477 4315 ¹)
496 4251 525 4304 S.
543 4252 624 4306 Auo.
642 4252 689 4306 De
710 4251 771 4304 (Ην.
791 4253 858 4305 Det.
878 4250 934 4304 XV
952 4251 1003 4316 (au
1017 4252 1081 4304 lieu
1094 4252 1135 4304 de
1150 4250 1197 4318 V),
1215 4261 1301 4304 xxm
1320 4252 1356 4304 ln
1376 4250 1467 4318 Oper.
1488 4251 1552 4314 vn,
1572 4251 1625 4304 468
1639 4266 1685 4319 sq.

458 4337 479 4405 ²)
497 4339 545 4393 On
562 4343 674 4394 trouve
692 4355 754 4394 une
772 4341 905 4394 allusion
924 4341 943 4392 a
961 4343 1042 4394 cette
1068 4356 1222 4410 croyance
1246 4341 1289 4393 dn
1307 4338 1422 4408 Moyen
1440 4339 1505 4408 Age
1528 4340 1606 4393 dans
1624 4355 1685 4393 nne

348 4429 440 4483 lettre
468 4429 509 4482 de
535 4429 599 4482 Col.
625 4429 764 4493 Salutati,
789 4430 988 4496 Epistolarto,
1013 4430 1066 4482 lib.
1086 4428 1122 4491 X,
1151 4429 1238 4496 epist.
1257 4429 1294 4493 11,
1319 4444 1349 4496 p.
1369 4428 1429 4483 191.
1465 4429 1621 4482 Averroes
1644 4444 1685 4482 en

348 4519 449 4572 aurait
473 4518 570 4585 parle,
597 4533 653 4585 pas
682 4519 753 4585 plus
780 4533 840 4586 que
871 4518 983 4571 Novati
1007 4533 1087 4572 nous
1111 4518 1241 4571 n'avons
1266 4534 1310 4586 pu
1340 4518 1503 4571 retrouver
1530 4521 1615 4572 trace
1645 4519 1685 4572 de

348 4609 429 4662 cette
448 4607 578 4659 histoire
596 4607 675 4659 dans
694 4608 741 4660 les
761 4621 886 4661 oeuvres
905 4608 999 4660 dece
1017 4607 1210 4674 philosophe.

458 4693 478 4759 ³)
497 4694 546 4748 On
563 4697 638 4763 peut
656 4697 744 4764 J'uger
763 4697 803 4748 de
821 4697 851 4748 la
871 4695 962 4762 iaqon
980 4697 1020 4751 de
1046 4697 1124 4750 citer
1142 4697 1182 4750 de
1200 4694 1352 4749 Dominici
1376 4711 1434 4762 par
1452 4695 1482 4749 le
1501 4697 1585 4748 texte
1603 4696 1684 4748 veri·

348 4784 433 4838 table
457 4785 498 4836 de
518 4784 548 4837 S.
567 4784 705 4838 Jdrdme:
733 4785 947 4852 «Speusippus
972 4798 1096 4853 qnoque
1121 4785 1236 4853 sororis
1254 4785 1392 4837 Platonis
1416 4783 1507 4843 iilius,
1531 4785 1562 4836 et
1581 4783 1684 4837 Clear-

349 4873 424 4926 chus
442 4873 476 4925 ln
493 4873 586 4926 laude
605 4873 752 4936 Platonis,
778 4875 809 4927 et
827 4875 1008 4926 Anaxilides
1026 4874 1059 4926 in
1077 4874 1214 4927 secundo
1232 4873 1313 4926 libro
1331 4873 1556 4939 Philosophiae,
1582 4873 1683 4926 Peric-

349 4963 464 5016 tionem
482 4963 614 5016 matrem
631 4963 779 5026 Platonis,
798 4963 1015 5029 phantasmate
1027 4962 1180 5030 Apollinis
1198 4977 1359 5029 opressam
1375 4961 1494 5014 lerunt:
1512 4963 1545 5014 et
1563 4962 1683 5028 saplen-

349 5051 411 5104 tiae
430 5051 601 5118 principem
619 5065 683 5104 non
698 5051 788 5104 aliter
802 5051 1002 5116 arbitrantur,
1019 5051 1081 5104 nisi
1092 5053 1132 5104 de
1145 5052 1237 5118 partu
1249 5051 1378 5119 vlrginis
1393 5050 1511 5104 editum
1520 5069 1543 5102 ».
1572 5050 1684 5103 Contra

349 5138 607 5204 Jovtn.1,42.1n
629 5139 721 5206 oper.
742 5139 779 5204 11,
798 5140 859 5193 285.

456 5225 478 5294 ⁴)
498 5227 543 5282 Ct.
561 5228 596 5282 A.
616 5229 712 5281 ΟΞΠ..
731 5229 819 5282 Noet.
840 5229 933 5282 Amo.
954 5229 981 5281 11
1000 5227 1075 5295 (non
1091 5243 1150 5296 pas
1167 5229 1202 5296 1),
1220 5243 1245 5284 c.
1264 5238 1283 5281 1.
