4300 6117
470 847 512 910 72
975 860 1133 914 LucuLA
1156 858 1296 913 NOCTIS

400 1081 450 1143 15.
577 1080 702 1145 Restat
727 1083 885 1144 eiusdem
920 1083 1277 1145 antecedentis
1311 1102 1427 1163 pars
1462 1083 1685 1144 secunda
1719 1102 1800 1162 pro·

258 1185 374 1247 Β15το
466 1188 596 1260 banda,
632 1207 700 1267 que
734 1193 787 1252 est
812 1191 909 1268 quod
933 1190 1053 1252 littere
1077 1191 1258 1252 seculares
1287 1209 1358 1252 non
1382 1191 1584 1261 admittunt,
1609 1191 1667 1251 vel
1689 1209 1761 1252 non
1783 1180 1797 1272 ΙΙ

466 1295 686 1374 persuadent
712 1297 806 1357 male
829 1299 962 1359 vivere.

573 1401 610 1463 Si
635 1405 728 1464 enim
752 1405 871 1466 littere
894 1423 1018 1466 eorum
1043 1405 1244 1484 culpantur,
1267 1405 1334 1466 hoc
1359 1405 1447 1466 erit:
1472 1405 1530 1464 vel
1547 1405 1630 1482 quia
1653 1403 1700 1464 de
1723 1405 1799 1483 plu·

465 1508 608 1571 ralitate
632 1509 782 1572 deorum
806 1513 980 1583 locuntur,
1020 1512 1080 1573 vel
1104 1513 1189 1590 quia
1221 1511 1267 1572 de
1290 1512 1392 1572 viciis
1426 1512 1546 1590 sepius
1579 1513 1737 1572 tractant
1764 1514 1799 1572 et

468 1615 658 1677 inlecebris
674 1621 688 1650 ²
711 1619 842 1688 multis,
879 1623 941 1680 aut
966 1620 1050 1697 quia
1074 1618 1175 1681 falsis
1199 1619 1385 1680 verissima
1410 1621 1540 1698 tegunt,
1565 1636 1628 1679 seu
1651 1620 1800 1697 propter

466 1723 665 1784 sirenarum
688 1744 888 1787 sermonem
924 1727 1145 1788 detinentem
1177 1726 1354 1805 hospitem
1382 1744 1484 1786 suum
1508 1725 1697 1804 captivum.
1738 1723 1800 1785 Set

467 1829 653 1907 quodlibet
687 1832 815 1893 horum
839 1836 1004 1894 servatur
1026 1834 1063 1893 in
1090 1834 1202 1894 sacris
1234 1831 1388 1894 Litteris.
1427 1831 1523 1912 Ergo
1556 1834 1705 1912 propter
1731 1832 1799 1892 ista

465 1955 537 1997 non
553 1941 607 1998 est
630 1939 855 2018 prohibenda
879 1940 1094 2001 secularium
1118 1940 1226 2002 lectio
1249 1940 1460 2001 litterarum.

395 2039 446 2102 16.
572 2043 729 2106 Primum
753 2050 862 2125 patet,
903 2066 983 2108 cum
1016 2048 1052 2106 in
1077 2048 1198 2108 multis
1220 2047 1322 2108 libris
1347 2065 1449 2107 sacre
1473 2044 1667 2124 Scripture,
1707 2045 1798 2107 sicut

464 2153 1068 2232 suntprimiquinquelibri
1096 2153 1277 2235 Moysi,
1313 2152 1547 2222 inIosue,
1584 2151 1799 2213 Iudicum

465 2253 766 2344 Regumque,
803 2280 941 2323 necnon
978 2261 1137 2324 omnium
1166 2260 1423 2340 prophetarum
1458 2260 1569 2331 libris,
1608 2259 1729 2338 sepius
1753 2257 1799 2318 de

464 2363 581 2444 ydolis
606 2370 642 2427 et
664 2367 928 2446 multiplicitate
951 2368 1105 2430 deorum
1129 2386 1245 2428 sermo
1261 2367 1438 2428 habeatur
1461 2383 1661 2445 expressus.
1686 2364 1743 2431 Et.
1768 2365 1798 2424 si

465 2472 544 2548 quis
569 2473 699 2534 dixerit
722 2473 881 2535 divinum
917 2492 1117 2537 sermonem
1141 2475 1239 2553 loqui
1262 2474 1309 2535 de
1333 2476 1440 2536 turba
1472 2474 1621 2535 deorum
1644 2472 1692 2533 ad
1717 2490 1797 2533 con·

463 2575 680 2640 iutacionem
708 2581 876 2660 ipsorum,
917 2581 1188 2661 respondebunt
1220 2583 1328 2661 periti
1359 2580 1578 2661 philosophi:
1619 2578 1796 2650 Socrates,

465 2682 578 2756 Plato,
604 2685 825 2760 Aristoteles,
851 2689 1055 2770 quinymmo
1072 2706 1139 2768 pro
1172 2689 1334 2750 omnibus
1358 2687 1429 2748 illis
1453 2686 1484 2746 A
1496 2707 1519 2748 u
1532 2700 1553 2767 g
1566 2707 1590 2748 ιι
1604 2705 1621 2748 s
1634 2688 1673 2748 ti
1687 2707 1709 2746 n
1722 2706 1746 2747 ιι
1759 2705 1775 2746 s
1789 2731 1796 2757 ,

463 2793 633 2872 precipue
668 2798 851 2872 quarto
882 2794 947 2856 De
979 2795 1212 2856 Civitate
1242 2793 1351 2866 Dei,
1387 2794 1647 2874 philosophiam
1676 2793 1794 2854 colere

463 2899 606 2960 unicum
622 2898 745 2973 Deum,
769 2903 984 2982 principium
1009 2903 1165 2964 omnium
1188 2920 1316 2971 rerum,
1341 2903 1508 2962 universa
1525 2920 1590 2962 sua
1606 2901 1795 2961 maiestate

463 3009 644 3084 regentem
655 3005 674 3068 ¹.
699 3006 951 3070 Asserentibus
968 3009 1064 3069 enim
1080 3008 1286 3088 Augustino,
1311 3006 1372 3069 De
1388 3007 1509 3069 Vera
1524 3007 1732 3085 Religion
1743 3025 1763 3067 e
1775 3005 1796 3074 ²,

461 3115 497 3173 et
512 3108 719 3175 Tertuliano
735 3103 751 3144 b
773 3115 809 3174 in
832 3114 864 3174 A
876 3135 899 3195 p
912 3134 933 3177 o
946 3116 958 3175 l
969 3135 990 3177 o
1003 3128 1055 3195 ge
1068 3119 1083 3176 i
1095 3117 1107 3175 i
1120 3135 1138 3177 c
1149 3135 1170 3177 o
1181 3114 1201 3188 ³,
1228 3116 1417 3177 didicimus
1441 3114 1626 3176 Socratem
1649 3114 1685 3174 in
1710 3132 1792 3175 con·

462 3220 644 3280 tumeliam
667 3220 817 3282 deorum
841 3240 1150 3301 quorumcumque
1179 3240 1245 3302 per
1267 3223 1416 3304 hyrcum
1440 3225 1475 3282 et
1500 3239 1623 3282 canem
1648 3221 1795 3290 iurasse,

462 3325 667 3388 credentem
690 3327 770 3407 plus
786 3329 863 3389 veri
880 3347 958 3390 esse
983 3331 1019 3389 in
1041 3331 1162 3391 brutis
1178 3330 1390 3400 viventibus,
1416 3347 1524 3407 quam
1546 3328 1583 3388 in
1605 3327 1722 3408 ydolis
1747 3328 1796 3387 in·

461 3434 706 3506 sensibilibus;
732 3439 777 3505 et,
802 3439 951 3515 propter
966 3435 1043 3504 hoc,
1079 3436 1294 3516 dampnatus
1312 3440 1375 3508 est,
1401 3437 1485 3514 quia
1502 3436 1570 3496 diis
1589 3435 1794 3514 derogabat.

463 3538 585 3601 Simile
620 3541 701 3602 dico
738 3542 784 3602 de
807 3542 980 3603 viciorum
1010 3546 1177 3605 tractatu.
1222 3541 1309 3627 Quis
1341 3544 1435 3604 enim
1464 3545 1653 3622 poetarum
1683 3540 1795 3602 tradit

461 3647 619 3708 virorum
643 3648 901 3727 mulierumque
924 3650 1221 3712 universaliorem
1245 3649 1429 3712 libidinem
1445 3651 1698 3719 inconcessam,
1724 3651 1796 3710 tur·

461 3754 598 3834 piorem
633 3756 890 3816 sodomitarum
926 3757 1126 3828 mixturam,
1170 3757 1408 3819 crudeliorem
1444 3757 1619 3818 ulcionem
1649 3755 1795 3835 virginis

462 3864 574 3940 rapte,
608 3863 658 3922 ibi
673 3860 884 3934 fratricidia,
910 3863 1100 3936 adulteria,
1134 3865 1298 3944 bigamie,
1329 3865 1495 3932 incestus,
1528 3866 1663 3942 stupra,
1687 3862 1796 3924 homi·

462 3968 566 4039 cidia,
603 3971 709 4040 secte,
754 3969 920 4038 vindicte,
962 3971 1162 4051 sacrilegia,
1202 3989 1342 4032 amores
1374 3969 1521 4043 infandi,
1568 3969 1794 4041 ambiciones,

461 4074 579 4147 hodia,
604 4075 915 4154 prevaricaciones
931 4077 1055 4156 legum,
1083 4078 1175 4138 divis
1201 4079 1339 4157 pariter
1363 4080 1397 4139 et
1413 4078 1508 4157 genti
1525 4075 1739 4138 detestanda
1760 4077 1796 4136 in

465 4182 625 4260 quolibet
647 4194 775 4262 genere
797 4183 981 4255 malorum,
1015 4184 1131 4245 semel
1154 4187 1189 4245 et
1211 4185 1346 4265 pluries
1362 4185 1623 4255 describuntur,
1649 4188 1685 4244 et
1700 4181 1796 4244 facta

467 4405 678 4413 m..—

569 4589 601 4648 a)
621 4603 655 4631 :
673 4585 837 4637 illecebris.
875 4587 906 4648 b)
925 4601 959 4631 =
977 4583 1164 4638 Torteliano.

461 4763 646 4816 SALISBURY.
673 4761 717 4815 Cf.
737 4763 954 4828 Polycratious,
975 4763 1026 4815 lib.
1046 4763 1109 4828 VII,
1129 4779 1194 4830 cap.
1214 4773 1255 4814 1x.
1280 4763 1336 4814 Ed.
1356 4763 1449 4826 Giles,
1468 4762 1517 4825 IV,
1535 4779 1565 4830 p.
1585 4761 1711 4815 11s114.
1736 4762 1794 4815 Ox·

463 4851 541 4916 iord,
562 4853 638 4904 1848.

569 4939 589 5005 l)
609 4941 638 4993 S.
658 4939 746 5004 Auo,
772 4943 818 4993 De
839 4939 923 4993 Civit.
942 4943 1008 5004 Det,
1027 4941 1076 5003 1v‚
1097 4951 1205 4992 xxxm.
1233 4942 1286 4993 Aa
1302 4957 1382 4994 sens.
1403 4942 1439 4993 In
1459 4940 1550 5007 Oper.
1572 4939 1792 5004 vn,col.139.

570 5027 727 5094 ¹³)112.,De
752 5031 829 5082 Vera
847 5031 997 5098 religione,
1021 5045 1088 5097 cap.
1109 5041 1139 5081 11.

569 5115 588 5182 ³¹)
607 5116 762 5171 TERTULL.
788 5119 915 5186 Apolog.
935 5121 1002 5170 adv.
1025 5119 1145 5182 Gentes,
1173 5135 1239 5186 cap.
1261 5129 1324 5170 nv.
1350 5119 1420 5172 Var.
1447 5119 1482 5170 ln
1503 5118 1593 5186 Oper.
1612 5119 1634 5183 Ι,
1652 5119 1715 5183 408,
1733 5119 1795 5173 409.
