4300 6117
835 983 1023 1041 IOHANNIS
1046 981 1231 1036 DOMINICI
1646 963 1710 1027 315

373 1216 521 1278 vulnere
545 1213 653 1275 luerit
674 1213 713 1274 in
735 1212 863 1273 horum
885 1208 1097 1289 corporibus
1114 1204 1335 1267 derelictum.
1360 1201 1623 1265 Auctoritatem
1639 1197 1709 1259 sibi

372 1321 564 1384 vendicent
586 1320 690 1381 huius
713 1320 766 1381 rei
789 1318 985 1397 scriptores
1008 1313 1174 1385 Basilius,
1199 1310 1411 1373 Ambrosius
1435 1310 1545 1387 atque
1562 1304 1709 1367 Plinius.

373 1427 498 1490 Nonne
512 1428 699 1490 luciferam
715 1424 928 1488 celidoniam
943 1420 1161 1503 yrumdines,
1186 1418 1285 1498 apud
1300 1415 1538 1485 Macrobium,
1555 1411 1710 1474 Plinium

375 1539 410 1598 et
432 1532 649 1597 Ysidorum1
672 1533 838 1603 docuere,
874 1531 936 1593 illa
959 1530 1171 1609 reparantes
1204 1543 1350 1588 suorum
1373 1523 1552 1603 pullorum
1587 1519 1710 1583 oculos

375 1640 589 1705 excecatos'l
626 1640 751 1703 Nonne
774 1639 971 1718 pellicanus
1008 1636 1096 1707 avis,
1134 1652 1242 1713 quam
1271 1632 1318 1695 ob
1346 1631 1414 1693 hoc
1449 1630 1487 1691 in
1510 1646 1617 1691 cruce
1640 1625 1709 1688 sibi

375 1748 544 1811 vendicat
566 1747 698 1819 nidum,
729 1746 877 1825 proprio
912 1743 1084 1823 sanguiue
1121 1738 1295 1812 suscitat²,
1332 1739 1400 1810 vel,
1434 1738 1474 1799 ut
1497 1736 1577 1797 aliis
1600 1733 1711 1813 magis

374 1858 430 1919 est
445 1857 594 1935 gratum,
611 1873 634 1915 a
650 1842 764 1916 morte
780 1853 912 1915 liberat
927 1852 1040 1921 natos,
1057 1850 1203 1929 vipereo
1218 1865 1341 1908 morsu
1359 1843 1510 1907 iniectos
1521 1840 1558 1904 ³?
1580 1840 1712 1921 Upupa

374 1980 517 2043 quoque
532 1979 614 2043 yme
636 1961 738 2041 stigie
754 1960 938 2039 deputata,
964 1957 1081 2019 visum
1096 1954 1257 2018 fillorum
1275 1971 1421 2015 suorum
1446 1951 1617 2031 reparant
1633 1949 1711 2011 her·

374 2072 502 2133 barum
526 2069 621 2131 sucis
645 2064 860 2129 amissum⁴i
900 2064 987 2151 QuIs
1011 2063 1233 2125 medicorum
1269 2060 1479 2123 calandrino
1503 2058 1541 2119 in
1563 2074 1711 2136 prenos-

375 2177 456 2239 tIcis
479 2178 535 2238 est
558 2174 836 2255 equiparaudus,
860 2172 1126 2255 gratulabundo
1143 2171 1236 2232 enim
1260 2169 1364 2231 oculo
1381 2169 1540 2247 egrotum
1558 2166 1711 2236 intuens,

375 2283 604 2346 liberandum
627 2300 855 2361 nequaquam
878 2281 1026 2361 respicit
1048 2276 1296 2342 moriiurum⁵.

486 2605 506 2671 ¹)
524 2608 639 2660 ISIDOR.
666 2607 797 2673 Eiymol.
822 2605 899 2665 XVI,
925 2614 967 2668 1x,
985 2604 1011 2657 6.
1036 2604 1073 2656 In
1093 2602 1183 2669 Oper.
1203 2605 1224 2656 t.
1243 2602 1292 2666 IV,
1310 2601 1367 2654 col.
1386 2601 1448 2654 574.
1488 2598 1712 2667 Cependantil

376 2698 428 2767 n'y
447 2698 497 2750 est
514 2711 571 2765 pas
589 2696 646 2750 tait
663 2696 802 2749 mention
819 2696 860 2749 de
877 2696 907 2747 la
926 2693 1086 2761 propriete
1110 2692 1262 2759 qn'aurait
1286 2691 1317 2744 la
1340 2689 1515 2743 chelidoine
1539 2688 1580 2741 de
1599 2688 1713 2742 rendre

375 2788 407 2839 la
425 2801 495 2839 vae.
514 2814 548 2823 -
568 2785 612 2839 CI.
631 2786 771 2839 Vnicum·
794 2793 837 2837 DE
859 2784 1031 2845 BEAUVAIS,
1058 2781 1176 2849 specui.
1198 2781 1308 2834 Natur.
1334 2780 1386 2832 lib.
1413 2779 1463 2843 IX,
1489 2793 1556 2845 cap.
1581 2777 1641 2829 LV.
1666 2778 1714 2829 De

380 2874 544 2931 Calidonia.

486 2960 507 3031 ‘i
525 2964 555 3017 S.
576 2965 672 3017 PETRI
689 2964 841 3027 Damam,
862 2962 974 3030 Opasc.
995 2962 1056 3025 LII,
1074 2963 1121 3013 De
1140 2962 1219 3014 bono
1236 2961 1370 3028 religiosi
1385 2961 1488 3011 status
1507 2960 1539 3010 et
1557 2959 1713 3009 variarum

377 3057 575 3107 animantiam
594 3054 768 3122 tropologia.
787 3052 823 3105 In
843 3052 934 3119 oper.
954 3052 991 3115 11,
1009 3050 1062 3105 795
1078 3066 1123 3117 sq.
1142 3077 1176 3085 -
1192 3048 1235 3102 CI.
1249 3048 1391 3102 limet-:NT
1403 3056 1446 3099 DE
1458 3045 1638 3107 Busuvms,
1659 3047 1713 3097 lac.

377 3146 424 3195 cii.
444 3143 495 3196 lib.
514 3143 591 3207 XVI,
610 3157 676 3210 cap.
695 3151 812 3196 cxxvn.
831 3143 877 3195 De
896 3142 1062 3194 Pelticano.

485 3228 506 3299 ³)
524 3232 609 3287 Noas
627 3246 725 3286 avons
745 3232 890 3285 retronve
909 3248 945 3285 ce
962 3231 1035 3285 traIt
1049 3232 1128 3285 dans
1141 3232 1171 3283 la
1191 3229 1315 3284 Summa
1333 3231 1371 3281 de
1387 3228 1548 3293 Exemplis
1567 3229 1597 3278 ei
1612 3240 1714 3279 rerum

376 3322 622 3375 stratiliadiaibas
646 3322 882 3389 locupletissima
906 3322 1029 3375 Fratris
1047 3322 1172 3373 Ioannis
1190 3336 1210 3373 a
1236 3319 1266 3374 S.
1287 3320 1473 3378 Geminiaao,
1498 3316 1535 3370 0.
1554 3316 1587 3367 P.
1605 3314 1714 3369 Venet.

377 3410 612 3464 MDLXXXIIII.
631 3412 696 3464 Lib.
716 3412 766 3474 IV,
787 3426 853 3479 cap.
872 3420 983 3464 xxm.

485 3498 506 3564 ⁴)
525 3500 554 3553 S.
573 3501 669 3553 PETRI
686 3502 838 3564 Drmiam,
856 3500 967 3567 Opnsc.
985 3500 1018 3563 L,
1031 3500 1068 3563 H,
1086 3502 1133 3553 De
1150 3501 1230 3553 bono
1246 3499 1381 3567 religiosi
1396 3498 1498 3549 status
1516 3499 1580 3557 eia,
1599 3508 1624 3546 c.
1643 3502 1713 3545 xvi:

380 3588 467 3642 «Hac
486 3590 640 3657 siquidem
655 3589 799 3644 volucres
819 3586 963 3657 [upupae]
990 3604 1059 3642 cum
1085 3590 1176 3643 senili
1201 3590 1371 3657 gravantur
1389 3589 1499 3651 aetate,
1517 3587 1552 3639 ut
1576 3584 1638 3651 iam
1656 3596 1716 3635 nec

378 3678 487 3732 volare
505 3679 639 3741 valeant,
665 3694 721 3732 nec
746 3681 864 3742 sidera·
887 3678 943 3731 lilii
970 3680 1152 3746 parentibus
1177 3680 1240 3731 suis
1265 3679 1317 3745 pto
1342 3680 1570 3747 compatientes
1590 3678 1714 3740 affectu,

377 3769 518 3821 vetustas
538 3768 597 3821 sibi
616 3782 735 3835 pennas
752 3768 899 3831 evellunt,
924 3769 1082 3822 eteorum
1109 3768 1215 3821 oeulos
1240 3768 1299 3821 alis
1317 3769 1452 3835 propriis
1476 3768 1653 3830 confovent,
1677 3780 1715 3819 ac

378 3858 476 3910 toturn
495 3872 606 3924 corpus
624 3858 761 3924 undique
778 3858 865 3911 velut
883 3857 1070 3921 obliniendo,
1089 3873 1125 3911 ac
1143 3858 1300 3925 palpando
1317 3858 1512 3912 demulcent:
1531 3859 1630 3911 donec
1649 3857 1714 3910 toto

379 3960 509 4013 corpore
536 3946 685 4009 renovati,
710 3946 824 4013 plumis
847 3947 983 4013 undique
1007 3946 1239 4010 reflorentibus,
1264 3948 1480 4000 adolescant».
1512 3948 1548 4000 In
1568 3947 1659 4013 oper.
1677 3945 1713 4009 11,

379 4034 432 4088 796
451 4048 497 4102 sq.
513 4062 543 4071 —
565 4034 608 4088 ef.
620 4036 761 4089 VINCENT
772 4044 815 4088 DE
828 4035 1001 4099 anvars,
1014 4038 1068 4089 tac.
1087 4039 1135 4089 cit.
1147 4037 1200 4089 lib.
1213 4036 1290 4100 XVI,
1303 4052 1370 4104 cap.
1388 4046 1515 4101 cXLvnI,
1535 4038 1584 4089 De
1596 4037 1713 4101 Upupa.

485 4120 506 4188 ⁵)
531 4124 671 4178 Allusion
699 4124 718 4177 a
745 4126 776 4177 la
801 4126 980 4179 charmante
1004 4110 1150 4194 tegende,
1182 4126 1300 4179 admise
1334 4141 1447 4180 encore
1481 4141 1522 4179 an
1544 4126 1646 4192 temps
1674 4124 1714 4178 de

378 4212 538 4266 Domiuici.
576 4214 664 4267 Cette
688 4214 818 4283 legende
841 4214 885 4267 dn
902 4215 1051 4268 Kladrius
1078 4214 1269 4283 (corruption
1296 4215 1336 4270 de
1361 4214 1555 4280 charadrius)
1581 4217 1629 4268 est
1651 4228 1714 4266 em·

378 4304 511 4369 prnntee
527 4318 588 4356 aux
606 4305 780 4356 Beaiiairas.
800 4304 874 4356 Voir
893 4302 974 4371 Splo.
989 4303 1125 4367 Solesna,
1146 4302 1304 4369 Φυσιογόγος
1321 4300 1382 4367 περὶ
1399 4302 1546 4368 χαραρόιοῦ
1558 4318 1624 4370 cap.
1640 4312 1671 4366 v,
1683 4318 1713 4370 p.

378 4390 440 4443 342.
458 4391 502 4445 La
516 4392 646 4461 legende
657 4394 763 4446 venait
776 4393 905 4455 d'Elien,
922 4396 969 4447 Da
983 4394 1083 4446 Anirn.
1101 4393 1193 4456 XVII,
1208 4393 1250 4447 13.
1270 4394 1317 4446 An
1330 4394 1444 4463 Moyen
1456 4394 1529 4462 Age,
1542 4393 1714 4447 volontiers

378 4480 424 4533 les
449 4480 662 4548 predicateurs
688 4482 909 4549 l'exploitaIent
934 4484 965 4536 et
991 4497 1031 4536 en
1057 4482 1203 4536 Iaisaient
1230 4483 1439 4549 l'application
1464 4482 1483 4535 a
1511 4482 1713 4535 l'Ascension.

379 4570 466 4623 Voici
490 4584 548 4636 par
575 4572 725 4638 exempla
750 4574 905 4625 comment
928 4571 1083 4625 Honorius
1108 4571 1242 4625 d'Antun
1266 4572 1473 4639 l'interprete:
1507 4572 1554 4624 «11
1579 4587 1602 4640 y
1627 4588 1646 4625 a
1671 4586 1714 4624 un

379 4659 494 4721 oiseau,
524 4659 614 4723 dit-il,
646 4661 758 4727 appele
787 4663 977 4724 charadrius,
1010 4664 1062 4728 qui
1094 4664 1215 4728 permet
1240 4662 1280 4715 de
1304 4662 1436 4715 deviner
1466 4662 1493 4713 si
1519 4676 1562 4714 un
1591 4661 1714 4714 malade

379 4748 555 4815 &chappera
574 4764 615 4803 ou
632 4764 695 4803 non
713 4748 732 4801 i
750 4750 781 4803 la
799 4752 888 4803 mort.
907 4750 955 4804 On
973 4751 1003 4802 le
1022 4751 1111 4817 place
1129 4752 1202 4816 pres
1220 4751 1262 4803 dn
1280 4751 1418 4814 malade;
1440 4752 1488 4804 s'il
1505 4751 1572 4803 doit
1589 4751 1713 4813 monrir,

379 4837 506 4891 l'oiseau
524 4838 675 4892 detourne
693 4839 724 4892 la
743 4826 820 4902 t'ete;
840 4840 887 4891 s'il
905 4839 971 4893 doit
988 4841 1087 4903 vivre,
1106 4840 1235 4893 l'oiseau
1251 4838 1316 4894 fixe
1334 4855 1392 4895 son
1411 4841 1523 4909 regard
1541 4856 1594 4894 sur
1613 4841 1664 4903 lui,
1683 4841 1714 4893 et

308 4938 312 4947 ·
379 4927 419 4981 de
437 4942 494 4981 son
511 4929 569 4981 bec
588 4929 698 4982 ouvert
716 4930 850 4982 absorbe
869 4929 899 4981 la
917 4930 1059 4982 maladie.
1086 4930 1112 4981 11
1130 4930 1268 4983 s'envole
1294 4931 1415 4983 ensuite
1439 4932 1550 4997 jusque
1568 4929 1647 4982 dans
1666 4931 1713 4982 les

380 5031 494 5086 rayons
521 5017 565 5070 du
589 5017 689 5078 soleii,
719 5018 750 5070 et
775 5018 806 5072 le
830 5018 893 5071 mal
918 5019 992 5085 qu'il
1017 5019 1103 5072 avaIt
1127 5020 1263 5073 absorbe
1288 5022 1355 5072 sort
1379 5020 1418 5072 de
1443 5021 1487 5072 lui
1516 5035 1635 5073 comme
1652 5036 1714 5074 une

380 5120 482 5159 sueur.
502 5104 603 5179 Qnant
621 5123 661 5160 au
678 5107 809 5171 mdade,
827 5108 849 5159 il
868 5107 999 5175 guent».
1028 5106 1072 5161 Ct.
1092 5106 1178 5175 Spec.
1197 5109 1314 5161 Euclea
1333 5110 1368 5161 In
1386 5110 1514 5162 Ascens.
1535 5111 1635 5171 Dom,
1653 5111 1714 5162 Pa·

380 5196 503 5263 iroiogie
522 5196 583 5259 iat,
601 5199 622 5249 t
641 5196 781 5260 CLXXII,
807 5194 863 5250 col.
881 5196 943 5250 958.
975 5197 1018 5251 ci.
1038 5198 1123 5251 aussi
1141 5200 1259 5251 PERRE
1276 5198 1416 5262 Damni,
1436 5199 1547 5267 opusc.
1567 5199 1629 5263 LII,
1647 5214 1673 5253 c.
1691 5210 1714 5252 x

380 5284 426 5337 De
438 5284 614 5338 Charadria
623 5308 658 5317 -
670 5286 810 5340 Vnicum*
826 5294 869 5338 DE
883 5286 1056 5351 BEAUVMS,
1064 5288 1119 5340 iac.
1129 5291 1176 5341 cii.
1185 5288 1237 5340 lib.
1244 5287 1322 5351 XVI,
1337 5303 1404 5355 cap.
1423 5289 1563 5353 mv,De
1573 5289 1715 5342 Caludrio
