<?xml version="1.0" encoding="UTF-8"?>
<!DOCTYPE html PUBLIC "-//W3C//DTD XHTML 1.0 Transitional//EN"
    "http://www.w3.org/TR/xhtml1/DTD/xhtml1-transitional.dtd">
<html xmlns="http://www.w3.org/1999/xhtml" xml:lang="en" lang="en">
 <head>
  <title>
</title>
<meta http-equiv="Content-Type" content="text/html;charset=utf-8" />
  <meta name='ocr-system' content='tesseract 3.04.00' />
  <meta name='ocr-capabilities' content='ocr_page ocr_carea ocr_par ocr_line ocrx_word'/>
</head>
<body>
  <div class='ocr_page' id='page_1' title='image "./luculanoctis00domigoog_0333.png"; bbox 0 0 4300 6117; ppageno 0'>
   <div class='ocr_carea' id='block_1_1' title="bbox 843 1017 1701 1080">
    <p class='ocr_par' dir='ltr' id='par_1_1' title="bbox 843 1017 1701 1080">
     <span class='ocr_line' id='line_1_1' title="bbox 843 1017 1701 1080; baseline -0.001 -1"><span class='ocrx_word' id='word_1_1' title='bbox 843 1027 1028 1080; x_wconf 85' lang='lat' dir='ltr'><strong>IOHANNIS</strong></span> <span class='ocrx_word' id='word_1_2' title='bbox 1051 1027 1233 1080; x_wconf 87' lang='lat' dir='ltr'>DOMINICI</span> <span class='ocrx_word' id='word_1_3' title='bbox 1633 1017 1701 1079; x_wconf 84' lang='lat'><strong>209</strong></span> 
     </span>
    </p>
   </div>
   <div class='ocr_carea' id='block_1_2' title="bbox 292 1248 1937 1866">
    <p class='ocr_par' dir='ltr' id='par_1_2' title="bbox 292 1248 1937 1866">
     <span class='ocr_line' id='line_1_2' title="bbox 371 1248 1699 1331; baseline 0 -21"><span class='ocrx_word' id='word_1_4' title='bbox 371 1248 509 1311; x_wconf 79' lang='lat' dir='ltr'><strong>«Eritis</strong></span> <span class='ocrx_word' id='word_1_5' title='bbox 540 1251 632 1311; x_wconf 89' lang='lat' dir='ltr'><strong>sicut</strong></span> <span class='ocrx_word' id='word_1_6' title='bbox 655 1251 714 1322; x_wconf 90' lang='lat' dir='ltr'><strong>dii,</strong></span> <span class='ocrx_word' id='word_1_7' title='bbox 755 1252 907 1313; x_wconf 86' lang='lat' dir='ltr'><strong>scientes</strong></span> <span class='ocrx_word' id='word_1_8' title='bbox 938 1253 1071 1313; x_wconf 88' lang='lat' dir='ltr'><strong>bonum</strong></span> <span class='ocrx_word' id='word_1_9' title='bbox 1096 1254 1133 1313; x_wconf 85' lang='lat' dir='ltr'><strong>et</strong></span> <span class='ocrx_word' id='word_1_10' title='bbox 1154 1252 1287 1312; x_wconf 86' lang='lat' dir='ltr'><strong>malum</strong></span> <span class='ocrx_word' id='word_1_11' title='bbox 1301 1274 1315 1307; x_wconf 69' lang='lat' dir='ltr'><strong>o</strong></span> <span class='ocrx_word' id='word_1_12' title='bbox 1330 1249 1350 1322; x_wconf 80' lang='lat'><strong>¹.</strong></span> <span class='ocrx_word' id='word_1_13' title='bbox 1389 1250 1544 1312; x_wconf 88' lang='lat' dir='ltr'><strong>humano</strong></span> <span class='ocrx_word' id='word_1_14' title='bbox 1580 1251 1699 1331; x_wconf 83' lang='lat' dir='ltr'><strong>generi</strong></span> 
     </span>
     <span class='ocr_line' id='line_1_3' title="bbox 292 1357 1618 1439; baseline 0.002 -22"><span class='ocrx_word' id='word_1_15' title='bbox 292 1384 296 1391; x_wconf 83' lang='lat'><em>-</em></span> <span class='ocrx_word' id='word_1_16' title='bbox 368 1357 489 1436; x_wconf 89' lang='lat' dir='ltr'><strong>genuit</strong></span> <span class='ocrx_word' id='word_1_17' title='bbox 510 1361 671 1429; x_wconf 82' lang='lat' dir='ltr'><strong>mortem,</strong></span> <span class='ocrx_word' id='word_1_18' title='bbox 695 1361 827 1420; x_wconf 88' lang='lat' dir='ltr'><strong>utnon</strong></span> <span class='ocrx_word' id='word_1_19' title='bbox 849 1360 1033 1439; x_wconf 83' lang='lat' dir='ltr'>presumat</span> <span class='ocrx_word' id='word_1_20' title='bbox 1057 1358 1162 1419; x_wconf 91' lang='lat' dir='ltr'><strong>homo</strong></span> <span class='ocrx_word' id='word_1_21' title='bbox 1186 1358 1278 1420; x_wconf 88' lang='lat' dir='ltr'><strong>velle</strong></span> <span class='ocrx_word' id='word_1_22' title='bbox 1303 1358 1509 1438; x_wconf 77' lang='lat' dir='ltr'><strong>equiperari</strong></span> <span class='ocrx_word' id='word_1_23' title='bbox 1532 1357 1618 1420; x_wconf 89' lang='lat' dir='ltr'><strong>Deo.</strong></span> 
     </span>
     <span class='ocr_line' id='line_1_4' title="bbox 476 1455 1937 1547; baseline -0.001 -23"><span class='ocrx_word' id='word_1_24' title='bbox 476 1462 535 1525; x_wconf 84' lang='lat' dir='ltr'><strong>Sic</strong></span> <span class='ocrx_word' id='word_1_25' title='bbox 568 1477 652 1545; x_wconf 87' lang='lat' dir='ltr'><strong>ergo</strong></span> <span class='ocrx_word' id='word_1_26' title='bbox 675 1465 785 1527; x_wconf 81' lang='lat' dir='ltr'>tercie</span> <span class='ocrx_word' id='word_1_27' title='bbox 809 1466 963 1527; x_wconf 81' lang='lat' dir='ltr'>racionis</span> <span class='ocrx_word' id='word_1_28' title='bbox 987 1465 1037 1526; x_wconf 91' lang='lat' dir='ltr'><strong>ad</strong></span> <span class='ocrx_word' id='word_1_29' title='bbox 1060 1466 1263 1544; x_wconf 89' lang='lat' dir='ltr'><strong>oppositum</strong></span> <span class='ocrx_word' id='word_1_30' title='bbox 1287 1455 1301 1547; x_wconf 69' lang='grc' dir='ltr'><strong>Ιὶ</strong></span> <span class='ocrx_word' id='word_1_31' title='bbox 1328 1465 1544 1527; x_wconf 83' lang='lat' dir='ltr'><strong>antecedens</strong></span> <span class='ocrx_word' id='word_1_32' title='bbox 1581 1467 1700 1544; x_wconf 88' lang='lat' dir='ltr'><strong>potest</strong></span> <span class='ocrx_word' id='word_1_33' title='bbox 1716 1462 1767 1525; x_wconf 88' lang='lat'><strong>11.</strong></span> <span class='ocrx_word' id='word_1_34' title='bbox 1818 1460 1937 1522; x_wconf 73' lang='lat' dir='ltr'><strong>L62V⁰</strong></span> 
     </span>
     <span class='ocr_line' id='line_1_5' title="bbox 369 1571 1700 1651; baseline 0.001 -21"><span class='ocrx_word' id='word_1_35' title='bbox 369 1571 511 1649; x_wconf 87' lang='lat' dir='ltr'><strong>deponi,</strong></span> <span class='ocrx_word' id='word_1_36' title='bbox 536 1572 567 1631; x_wconf 89' lang='lat' dir='ltr'><strong>si</strong></span> <span class='ocrx_word' id='word_1_37' title='bbox 589 1572 840 1634; x_wconf 88' lang='lat' dir='ltr'><strong>universaliter</strong></span> <span class='ocrx_word' id='word_1_38' title='bbox 864 1573 1021 1651; x_wconf 90' lang='lat' dir='ltr'><strong>capitur;</strong></span> <span class='ocrx_word' id='word_1_39' title='bbox 1062 1572 1176 1645; x_wconf 84' lang='lat' dir='ltr'><strong>aliter,</strong></span> <span class='ocrx_word' id='word_1_40' title='bbox 1202 1573 1464 1651; x_wconf 86' lang='lat' dir='ltr'><strong>consequencia</strong></span> <span class='ocrx_word' id='word_1_41' title='bbox 1487 1572 1594 1643; x_wconf 86' lang='lat' dir='ltr'><strong>nulla,</strong></span> <span class='ocrx_word' id='word_1_42' title='bbox 1621 1590 1700 1631; x_wconf 88' lang='lat' dir='ltr'><strong>cum</strong></span> 
     </span>
     <span class='ocr_line' id='line_1_6' title="bbox 369 1678 1701 1759; baseline 0.001 -22"><span class='ocrx_word' id='word_1_43' title='bbox 369 1678 416 1738; x_wconf 90' lang='lat' dir='ltr'><strong>ab</strong></span> <span class='ocrx_word' id='word_1_44' title='bbox 433 1678 620 1739; x_wconf 78' lang='lat' dir='ltr'><strong>indefinita</strong></span> <span class='ocrx_word' id='word_1_45' title='bbox 642 1680 691 1741; x_wconf 86' lang='lat' dir='ltr'><strong>ad</strong></span> <span class='ocrx_word' id='word_1_46' title='bbox 706 1680 907 1741; x_wconf 87' lang='lat' dir='ltr'><strong>universale</strong></span> <span class='ocrx_word' id='word_1_47' title='bbox 923 1680 970 1740; x_wconf 89' lang='lat' dir='ltr'><strong>sit</strong></span> <span class='ocrx_word' id='word_1_48' title='bbox 987 1697 1101 1740; x_wconf 87' lang='lat' dir='ltr'><strong>vanus</strong></span> <span class='ocrx_word' id='word_1_49' title='bbox 1117 1698 1316 1759; x_wconf 87' lang='lat' dir='ltr'><strong>processus.</strong></span> <span class='ocrx_word' id='word_1_50' title='bbox 1340 1678 1464 1741; x_wconf 82' lang='lat' dir='ltr'>Voluit</span> <span class='ocrx_word' id='word_1_51' title='bbox 1479 1680 1573 1739; x_wconf 88' lang='lat' dir='ltr'><strong>enim</strong></span> <span class='ocrx_word' id='word_1_52' title='bbox 1589 1678 1701 1739; x_wconf 88' lang='lat' dir='ltr'><strong>hostis</strong></span> 
     </span>
     <span class='ocr_line' id='line_1_7' title="bbox 369 1783 1701 1866; baseline 0 -21"><span class='ocrx_word' id='word_1_53' title='bbox 369 1785 536 1863; x_wconf 87' lang='lat' dir='ltr'><strong>antiquus</strong></span> <span class='ocrx_word' id='word_1_54' title='bbox 560 1804 639 1847; x_wconf 89' lang='lat' dir='ltr'><strong>esse</strong></span> <span class='ocrx_word' id='word_1_55' title='bbox 657 1786 754 1865; x_wconf 88' lang='lat' dir='ltr'><strong>quod</strong></span> <span class='ocrx_word' id='word_1_56' title='bbox 769 1786 876 1858; x_wconf 86' lang='lat' dir='ltr'><strong>Deus,</strong></span> <span class='ocrx_word' id='word_1_57' title='bbox 902 1789 937 1847; x_wconf 89' lang='lat' dir='ltr'><strong>et</strong></span> <span class='ocrx_word' id='word_1_58' title='bbox 953 1787 999 1848; x_wconf 90' lang='lat' dir='ltr'><strong>de</strong></span> <span class='ocrx_word' id='word_1_59' title='bbox 1015 1786 1092 1848; x_wconf 87' lang='lat' dir='ltr'><strong>celo</strong></span> <span class='ocrx_word' id='word_1_60' title='bbox 1109 1787 1176 1847; x_wconf 85' lang='lat' dir='ltr'><strong>fuit</strong></span> <span class='ocrx_word' id='word_1_61' title='bbox 1192 1787 1367 1866; x_wconf 85' lang='lat' dir='ltr'><strong>expulsus.</strong></span> <span class='ocrx_word' id='word_1_62' title='bbox 1393 1783 1564 1847; x_wconf 83' lang='lat' dir='ltr'><strong>Similiter</strong></span> <span class='ocrx_word' id='word_1_63' title='bbox 1579 1803 1701 1847; x_wconf 89' lang='lat' dir='ltr'><strong>conse·</strong></span> 
     </span>
    </p>
   </div>
   <div class='ocr_carea' id='block_1_3' title="bbox 369 1892 1702 2188">
    <p class='ocr_par' dir='ltr' id='par_1_3' title="bbox 369 1892 1702 2188">
     <span class='ocr_line' id='line_1_8' title="bbox 370 1892 1700 1973; baseline 0.002 -22"><span class='ocrx_word' id='word_1_64' title='bbox 370 1892 522 1969; x_wconf 89' lang='lat' dir='ltr'><strong>quencia</strong></span> <span class='ocrx_word' id='word_1_65' title='bbox 544 1894 699 1963; x_wconf 80' lang='lat' dir='ltr'><strong>vacillat,</strong></span> <span class='ocrx_word' id='word_1_66' title='bbox 725 1912 804 1955; x_wconf 90' lang='lat' dir='ltr'><strong>cum</strong></span> <span class='ocrx_word' id='word_1_67' title='bbox 827 1912 899 1955; x_wconf 88' lang='lat' dir='ltr'><strong>non</strong></span> <span class='ocrx_word' id='word_1_68' title='bbox 921 1895 1099 1973; x_wconf 87' lang='lat' dir='ltr'><strong>possimus</strong></span> <span class='ocrx_word' id='word_1_69' title='bbox 1123 1895 1160 1953; x_wconf 91' lang='lat' dir='ltr'><strong>in</strong></span> <span class='ocrx_word' id='word_1_70' title='bbox 1183 1895 1251 1965; x_wconf 87' lang='lat' dir='ltr'><strong>via,</strong></span> <span class='ocrx_word' id='word_1_71' title='bbox 1277 1911 1319 1954; x_wconf 86' lang='lat' dir='ltr'><strong>ex</strong></span> <span class='ocrx_word' id='word_1_72' title='bbox 1343 1893 1442 1973; x_wconf 87' lang='lat' dir='ltr'><strong>puris</strong></span> <span class='ocrx_word' id='word_1_73' title='bbox 1467 1892 1700 1966; x_wconf 82' lang='lat' dir='ltr'><strong>naturalibus,</strong></span> 
     </span>
     <span class='ocr_line' id='line_1_9' title="bbox 369 1998 1701 2082; baseline 0.003 -25"><span class='ocrx_word' id='word_1_74' title='bbox 369 1998 406 2057; x_wconf 92' lang='lat' dir='ltr'><strong>in</strong></span> <span class='ocrx_word' id='word_1_75' title='bbox 428 1999 534 2060; x_wconf 91' lang='lat' dir='ltr'><strong>modo</strong></span> <span class='ocrx_word' id='word_1_76' title='bbox 559 2001 706 2061; x_wconf 89' lang='lat' dir='ltr'><strong>sciendi.</strong></span> <span class='ocrx_word' id='word_1_77' title='bbox 738 2000 853 2062; x_wconf 90' lang='lat' dir='ltr'><strong>Deum</strong></span> <span class='ocrx_word' id='word_1_78' title='bbox 876 2002 1026 2063; x_wconf 85' lang='lat' dir='ltr'><strong>imitari:</strong></span> <span class='ocrx_word' id='word_1_79' title='bbox 1066 2003 1244 2082; x_wconf 84' lang='lat' dir='ltr'><strong>quinymo‚</strong></span> <span class='ocrx_word' id='word_1_80' title='bbox 1276 2002 1315 2061; x_wconf 88' lang='lat' dir='ltr'><strong>ut</strong></span> <span class='ocrx_word' id='word_1_81' title='bbox 1340 2001 1554 2062; x_wconf 88' lang='lat' dir='ltr'><strong>dictumest</strong></span> <span class='ocrx_word' id='word_1_82' title='bbox 1581 2018 1701 2079; x_wconf 83' lang='lat' dir='ltr'><strong>supra,</strong></span> 
     </span>
     <span class='ocr_line' id='line_1_10' title="bbox 369 2106 1702 2188; baseline 0.003 -23"><span class='ocrx_word' id='word_1_83' title='bbox 369 2106 541 2166; x_wconf 84' lang='lat' dir='ltr'><strong>mundani</strong></span> <span class='ocrx_word' id='word_1_84' title='bbox 576 2108 766 2187; x_wconf 87' lang='lat' dir='ltr'><strong>sapientes,</strong></span> <span class='ocrx_word' id='word_1_85' title='bbox 792 2126 862 2187; x_wconf 90' lang='lat' dir='ltr'><strong>quo</strong></span> <span class='ocrx_word' id='word_1_86' title='bbox 895 2127 961 2188; x_wconf 87' lang='lat' dir='ltr'><strong>per</strong></span> <span class='ocrx_word' id='word_1_87' title='bbox 983 2109 1148 2179; x_wconf 84' lang='lat' dir='ltr'><strong>naturale</strong></span> <span class='ocrx_word' id='word_1_88' title='bbox 1183 2107 1340 2168; x_wconf 88' lang='lat' dir='ltr'><strong>studium</strong></span> <span class='ocrx_word' id='word_1_89' title='bbox 1369 2126 1407 2168; x_wconf 88' lang='lat' dir='ltr'><strong>se</strong></span> <span class='ocrx_word' id='word_1_90' title='bbox 1430 2110 1603 2186; x_wconf 89' lang='lat' dir='ltr'><strong>putarunt</strong></span> <span class='ocrx_word' id='word_1_91' title='bbox 1626 2106 1702 2169; x_wconf 89' lang='lat' dir='ltr'><strong>Deo</strong></span> 
     </span>
    </p>
   </div>
   <div class='ocr_carea' id='block_1_4' title="bbox 369 2214 1704 2384">
    <p class='ocr_par' dir='ltr' id='par_1_4' title="bbox 369 2214 1704 2384">
     <span class='ocr_line' id='line_1_11' title="bbox 369 2214 1704 2296; baseline 0.001 -24"><span class='ocrx_word' id='word_1_92' title='bbox 369 2214 480 2293; x_wconf 90' lang='lat' dir='ltr'><strong>magis</strong></span> <span class='ocrx_word' id='word_1_93' title='bbox 515 2216 736 2294; x_wconf 87' lang='lat' dir='ltr'><strong>propinquos</strong></span> <span class='ocrx_word' id='word_1_94' title='bbox 771 2234 860 2288; x_wconf 86' lang='lat' dir='ltr'><strong>esse,</strong></span> <span class='ocrx_word' id='word_1_95' title='bbox 895 2218 1005 2296; x_wconf 87' lang='lat' dir='ltr'><strong>magis</strong></span> <span class='ocrx_word' id='word_1_96' title='bbox 1037 2217 1219 2295; x_wconf 85' lang='lat' dir='ltr'><strong>elongatos</strong></span> <span class='ocrx_word' id='word_1_97' title='bbox 1249 2214 1462 2275; x_wconf 87' lang='lat' dir='ltr'><strong>invenerunt</strong></span> <span class='ocrx_word' id='word_1_98' title='bbox 1487 2215 1524 2275; x_wconf 93' lang='lat' dir='ltr'><strong>in</strong></span> <span class='ocrx_word' id='word_1_99' title='bbox 1559 2215 1704 2294; x_wconf 81' lang='lat' dir='ltr'><strong>regione</strong></span> 
     </span>
     <span class='ocr_line' id='line_1_12' title="bbox 370 2320 680 2384; baseline 0.01 -3"><span class='ocrx_word' id='word_1_100' title='bbox 370 2320 680 2384; x_wconf 85' lang='lat' dir='ltr'><strong>dissimilitudinis.</strong></span> 
     </span>
    </p>
   </div>
   <div class='ocr_carea' id='block_1_5' title="bbox 371 2546 584 2553">
    <p class='ocr_par' dir='ltr' id='par_1_5' title="bbox 371 2546 584 2553">
     <span class='ocr_line' id='line_1_13' title="bbox 371 2546 584 2553; baseline 0 0"><span class='ocrx_word' id='word_1_101' title='bbox 371 2546 584 2553; x_wconf 55' lang='lat' dir='ltr'><strong>——d</strong></span> 
     </span>
    </p>
   </div>
   <div class='ocr_carea' id='block_1_6' title="bbox 477 2724 814 2792">
    <p class='ocr_par' dir='ltr' id='par_1_6' title="bbox 477 2724 814 2792">
     <span class='ocr_line' id='line_1_14' title="bbox 477 2724 814 2792; baseline 0.006 -13"><span class='ocrx_word' id='word_1_102' title='bbox 477 2724 499 2791; x_wconf 91' lang='lat'><strong>¹)</strong></span> <span class='ocrx_word' id='word_1_103' title='bbox 518 2726 562 2779; x_wconf 81' lang='lat' dir='ltr'><strong>cf.</strong></span> <span class='ocrx_word' id='word_1_104' title='bbox 584 2727 700 2789; x_wconf 68' lang='lat' dir='ltr'><strong>cenes,</strong></span> <span class='ocrx_word' id='word_1_105' title='bbox 720 2728 770 2792; x_wconf 81' lang='lat'>111,</span> <span class='ocrx_word' id='word_1_106' title='bbox 789 2729 814 2781; x_wconf 89' lang='grc'><strong>5.</strong></span> 
     </span>
    </p>
   </div>
   <div class='ocr_carea' id='block_1_7' title="bbox 0 0 2164 6116">
    <p class='ocr_par' dir='ltr' id='par_1_7' title="bbox 0 0 2164 6116">
     <span class='ocr_line' id='line_1_15' title="bbox 0 0 2164 6116; baseline 0 0"><span class='ocrx_word' id='word_1_107' title='bbox 0 0 2164 6116; x_wconf 95' lang='lat' dir='ltr'><strong> </strong></span> 
     </span>
    </p>
   </div>
  </div>
 </body>
</html>
