4300 6117
834 954 1021 1011 merulus
1043 955 1226 1009 nonnum
1630 946 1694 1010 307

357 1179 439 1239 tute
476 1178 650 1239 sermonis
689 1181 766 1240 tota
802 1178 924 1240 divina
960 1177 1159 1258 Scriptura,
1197 1179 1348 1241 testibus
1386 1175 1625 1241 Ticoniol
1660 1183 1696 1243 et

359 1283 657 1365 Augustino,
690 1286 806 1365 primo
837 1304 994 1365 super
1018 1284 1251 1348 Genesim
1276 1286 1336 1348 ad
1358 1284 1636 1361 Litteram²,
1661 1291 1697 1350 et

362 1393 506 1471 poetica
530 1392 689 1471 quelibet
712 1391 813 1464 falsa,
850 1394 969 1473 sepius
1009 1392 1139 1455 falsum
1162 1393 1348 1455 affirmans
1371 1412 1438 1473 pro
1460 1412 1556 1457 vero.
1595 1393 1643 1456 Et
1666 1395 1697 1456 si

360 1499 572 1577 frequenter
585 1498 682 1561 Deus
705 1501 772 1562 sub
796 1500 966 1561 membris
989 1500 1198 1562 nominatur
1219 1499 1392 1573 humanis,
1421 1503 1541 1563 tamen
1555 1520 1703 1582 semper

359 1605 461 1685 apud
483 1624 532 1677 se,
557 1607 619 1668 ubi
642 1607 742 1686 prius
767 1609 803 1668 et
825 1609 909 1686 post
930 1625 1002 1668 non
1027 1608 1212 1670 inveniunt
1226 1608 1358 1679 sedem,
1384 1609 1492 1670 tuerit
1506 1608 1612 1671 homo
1625 1628 1698 1671 non

364 1713 459 1784 ficte,
484 1713 550 1775 sed
572 1712 841 1793 propriissime⁸
863 1732 906 1775 ex
928 1714 1081 1775 artubus
1107 1714 1178 1776 illis
1202 1732 1403 1793 expressus.
1437 1714 1520 1796 Ipse
1542 1716 1697 1795 denique

362 1817 516 1900 Spiritus
540 1818 703 1892 Sanctus,
743 1820 804 1900 qui
842 1820 1066 1882 «scienciam
1104 1821 1214 1883 habet
1236 1819 1379 1883 vocis»⁴
1401 1822 1438 1883 in
1466 1823 1566 1885 cuius
1590 1842 1698 1885 manu

358 1945 491 1999 sumus,
529 1945 593 1989 nos
618 1930 654 1989 et
677 1946 858 1989 sermones
882 1928 1006 1999 nostri,
1045 1928 1116 1990 sibi
1142 1928 1286 1990 nomina
1308 1929 1486 2009 ascripsit,
1512 1933 1552 1992 ut
1574 1930 1696 2004 voluIt,

361 2038 548 2114 totumque
571 2037 626 2096 est
640 2035 826 2114 proprium
851 2035 949 2114 quod
973 2038 1027 2097 est
1050 2035 1252 2097 iustitutum
1276 2053 1344 2115 per
1358 2036 1475 2115 Ipsum
1485 2033 1506 2098 ⁵.
1532 2035 1570 2098 Si
1592 2036 1699 2118 igitur

364 2141 496 2221 regulis
519 2141 649 2203 divinis
664 2141 786 2227 divina
807 2144 1012 2221 pensentur,
1037 2145 1077 2203 ut
1094 2142 1208 2213 decet,
1234 2142 1283 2202 nil
1298 2142 1428 2214 verius,
1454 2143 1503 2203 nil
1519 2144 1697 2224 proprius,

360 2266 435 2327 quo
459 2248 507 2310 ad
528 2245 682 2310 formam
705 2251 845 2328 spectat
868 2248 1040 2327 loquendi
1057 2247 1193 2329 Pagina
1218 2267 1322 2310 sacra
1345 2250 1471 2312 nullibi
1487 2250 1696 2323 dubitanda,

360 2356 456 2417 sicut
479 2359 516 2417 et
537 2356 773 2435 improprium
797 2358 851 2417 est
875 2359 985 2434 atque
1015 2354 1147 2417 falsum
1170 2355 1362 2435 plurimum
1384 2354 1566 2419 hominum
1588 2358 1697 2437 loqui.

363 2460 455 2524 Hinc
478 2463 646 2541 estquod
673 2462 795 2525 subdit
818 2461 875 2524 hic
893 2461 1047 2542 Spiritus
1071 2461 1194 2524 techa:
1221 2460 1381 2524 ‹OmnIa
1399 2465 1581 2537 mandata,
1605 2465 1700 2528 idest

360 2569 508 2640 tradita,
534 2572 596 2631 tua
612 2570 831 2631 veritas...»
849 2569 861 2603 ⁶
878 2606 917 2612 —
945 2569 1092 2631 Iterum:
1120 2568 1205 2630 «Ilii
1221 2574 1410 2632 narrantes
1423 2591 1458 2645 >›,
1482 2574 1522 2632 ut
1545 2590 1699 2634 commu·

365 2677 470 2748 niter,
495 2680 579 2738 sunt
602 2678 724 2756 iniqui,
743 2695 895 2756 quorum
912 2676 1081 2739 habenda
1104 2680 1160 2739 est
1183 2676 1282 2738 nulla
1302 2677 1394 2739 iides
1414 2678 1530 2739 dictis.
1554 2677 1669 2742 Huius
1684 2671 1699 2763 ΙΙ

367 2785 489 2845 autem
510 2784 618 2863 primi
641 2784 807 2845 doctores
832 2782 933 2846 tuere
956 2784 1048 2845 mira
1072 2784 1264 2845 sanctitate
1287 2784 1420 2856 decori,
1455 2802 1568 2863 quare
1592 2787 1697 2849 dictis

365 2890 546 2952 adiunxit:
585 2890 733 2969 ‹Iniqui
756 2892 936 2970 persecuti
959 2893 1042 2952 sunt
1065 2880 1080 2973 ΙΙ
1106 2909 1163 2953 me
1186 2891 1306 2972 gratis,
1336 2910 1394 2953 me
1417 2892 1550 2953 adiuva
1572 2912 1629 2954 me
1646 2914 1662 2947 s
1676 2892 1696 2955 ⁷.

366 2996 453 3082 Quis
478 3015 548 3058 non
570 2997 763 3077 perpendit
786 3001 921 3076 aperte,
959 2997 1056 3076 quod
1080 2998 1221 3059 illorum
1255 2999 1422 3060 narracio
1459 3002 1514 3061 est
1543 3003 1696 3074 terrena,

363 3104 414 3165 ad
437 3107 571 3165 terram
596 3122 616 3165 e
640 3104 718 3166 celo
740 3105 998 3166 nobilissimam
1020 3107 1175 3166 mentem
1198 3104 1388 3167 Inclinans:
1418 3105 1485 3168 hec
1509 3110 1628 3169 autem
1651 3108 1697 3169 de

367 3211 453 3282 celo,
480 3196 632 3283 celestis
657 3229 741 3273 suos
765 3211 949 3273 auditores
974 3210 1086 3273 elficit
1111 3212 1237 3274 celsos.
1276 3211 1334 3273 Ad
1357 3210 1424 3274 hoc
1448 3213 1700 3276 insinuandum

363 3318 501 3379 oravit:
539 3317 799 3380 «Paulominus
838 3323 1177 3380 consummaverunt
1200 3338 1257 3380 me
1280 3319 1317 3380 in
1340 3322 1455 3392 terra;
1490 3332 1556 3400 ego
1580 3324 1700 3383 autem

366 3444 436 3487 non
461 3425 636 3503 dereliqui
659 3425 831 3487 mandata
854 3427 916 3486 tua
931 3447 946 3480 ›
959 3423 980 3487 ⁸.
998 3457 1041 3466 —
1053 3426 1130 3487 Iam
1143 3428 1284 3488 constat
1296 3426 1394 3487 illam
1406 3445 1485 3488 esse
1503 3428 1701 3501 mortalem,

365 3533 472 3594 istam
495 3551 581 3593 vero
605 3532 759 3604 vitalem,
799 3551 842 3594 eo
866 3532 1119 3594 concludente:
1163 3531 1397 3595 ‹Secundum
1419 3534 1703 3596 misericordiam

367 3642 466 3701 tuam
489 3638 634 3701 vivifica
658 3657 723 3710 me,
750 3642 785 3701 et
809 3639 1009 3702 custodiam
1032 3640 1241 3701 testimonia
1263 3640 1335 3702 oris
1359 3638 1475 3701 tui29.

475 3962 495 4028 ¹)
519 3963 687 4027 Tichonius,
707 3962 843 4026 atricain,
863 3964 971 4016 ancien
989 3963 1161 4017 Donatiste.
1198 3964 1223 4016 n
1249 3979 1394 4031 composa
1418 3979 1462 4017 un
1479 3964 1560 4017 livre
1584 3966 1704 4034 ‹Regu-

369 4056 491 4107 larum›
511 4068 592 4120 pour
609 4053 866 4120 l'interpretation
884 4053 924 4105 de
942 4053 973 4105 la
991 4053 1098 4106 Sainte
1115 4053 1266 4106 Ecriture.
1286 4051 1331 4106 ΘΙ.
1346 4051 1376 4106 8.
1387 4053 1469 4107 Auo.
1490 4055 1537 4106 De
1556 4054 1705 4106 Doctrina

368 4144 479 4207 christ,
499 4143 548 4206 ΙΙΙ,
568 4153 635 4195 xxx
654 4158 699 4210 sq.
737 4142 781 4195 ci.
800 4143 884 4195 aussi
902 4142 1017 4194 Patrai.
1035 4144 1104 4193 Lai.
1123 4144 1143 4194 t.
1163 4141 1268 4205 xvm,
1288 4141 1337 4205 16;
1364 4142 1459 4211 Sybel
1478 4141 1514 4205 (Ι.
1532 4141 1565 4194 L.
1587 4142 1639 4208 E),
1658 4146 1705 4196 De

372 4236 427 4287 VII
446 4234 557 4302 regulis
581 4231 723 4297 Tyehonii
742 4234 785 4283 ad
801 4232 1016 4298 inter-pretend.
1036 4229 1066 4284 S.
1086 4230 1118 4284 S.
1129 4245 1140 4281 .·
1156 4230 1263 4292 Halae,
1285 4231 1362 4295 1756,
1379 4227 1418 4294 4⁰,
1437 4231 1473 4284 32
1490 4246 1520 4298 p.

476 4322 497 4385 '·')
515 4323 545 4375 S.
563 4323 644 4375 AUG.
672 4321 772 4388 Super
799 4322 906 4375 Genea.
932 4322 974 4372 ad
998 4321 1087 4372 litter.
1107 4320 1130 4382 Ι,
1150 4330 1206 4372 xlx
1225 4334 1280 4386 sq..
1306 4322 1349 4372 nd
1371 4335 1450 4373 sens.
1486 4321 1523 4372 In
1547 4320 1636 4387 Oper.
1656 4322 1706 4389 111,

369 4414 432 4478 260,
451 4413 514 4467 261.

476 4498 496 4567 ³)
515 4502 575 4556 Sur
594 4488 734 4569 ¹l'emploi
752 4499 843 4553 santii
861 4500 901 4551 de
922 4502 1137 4566 propriissime
1160 4514 1219 4565 par
1237 4498 1397 4563 Dominici,
1416 4498 1453 4552 ef.
1465 4514 1495 4566 p.
1510 4500 1572 4562 212,
1590 4501 1664 4553 note
1677 4501 1704 4554 4.

475 4590 497 4658 ⁴)
517 4591 562 4646 ΘΙ.
583 4590 803 4657 Sapient.1,7.

474 4679 495 4749 ⁶)
517 4682 669 4735 Domlnici
693 4679 809 4732 de'tend
833 4680 914 4732 donc
939 4678 1156 4731 ouvertement
1173 4678 1220 4730 les
1239 4678 1600 4744 anthropomorphismes
1617 4677 1657 4730 de
1674 4679 1705 4729 la

368 4770 469 4824 Bible.
486 4770 565 4825 Tout
584 4786 619 4824 ce
637 4776 767 4837 passage
785 4770 834 4821 est
852 4768 949 4836 dirige
962 4768 1165 4820 directement
1180 4770 1288 4821 contre
1302 4766 1454 4830 Coluccio,
1471 4767 1524 4833 qui
1538 4767 1631 4820 disait
1644 4782 1706 4834 que

369 4862 473 4913 tontes
491 4876 543 4913 ces
567 4859 779 4927 expressions:
807 4858 939 4910 «videns
957 4857 1066 4918 Deum,
1091 4857 1243 4922 poenituit
1268 4871 1347 4921 eum,
1372 4858 1449 4909 etc..
1466 4875 1535 4908 ...»
1561 4856 1705 4909 devaient

367 4951 545 5003 s'entendre
564 4951 736 5014 improprie.
757 4947 800 5000 Ct.
819 4947 1015 5013 Epistolarto,
1034 4946 1093 4998 loc.
1114 4946 1163 4999 cit
1181 4962 1211 5012 p.
1232 4945 1292 4998 178.

477 5036 498 5104 ⁴³)
518 5038 632 5091 Psalm.
653 5037 784 5099 CXVIII,
803 5031 846 5089 ei.

479 5124 498 5193 ⁷)
516 5130 603 5191 Ibid,
622 5128 666 5181 86.

477 5214 498 5283 ⁸)
517 5218 602 5279 Ibin,
621 5218 664 5271 87.

469 5304 599 5373 lllbid,
619 5309 663 5362 88.
