<?xml version="1.0" encoding="UTF-8"?>
<!DOCTYPE html PUBLIC "-//W3C//DTD XHTML 1.0 Transitional//EN"
    "http://www.w3.org/TR/xhtml1/DTD/xhtml1-transitional.dtd">
<html xmlns="http://www.w3.org/1999/xhtml" xml:lang="en" lang="en">
 <head>
  <title>
</title>
<meta http-equiv="Content-Type" content="text/html;charset=utf-8" />
  <meta name='ocr-system' content='tesseract 3.04.00' />
  <meta name='ocr-capabilities' content='ocr_page ocr_carea ocr_par ocr_line ocrx_word'/>
</head>
<body>
  <div class='ocr_page' id='page_1' title='image "./luculanoctis00domigoog_0480.png"; bbox 0 0 4300 6117; ppageno 0'>
   <div class='ocr_carea' id='block_1_1' title="bbox 988 907 1309 964">
    <p class='ocr_par' dir='ltr' id='par_1_1' title="bbox 988 907 1309 964">
     <span class='ocr_line' id='line_1_1' title="bbox 988 907 1309 964; baseline 0 -2"><span class='ocrx_word' id='word_1_1' title='bbox 988 910 1147 964; x_wconf 88' lang='lat' dir='ltr'><strong>LUCULA</strong></span> <span class='ocrx_word' id='word_1_2' title='bbox 1168 907 1309 963; x_wconf 86' lang='lat' dir='ltr'>NOCTIS</span> 
     </span>
    </p>
   </div>
   <div class='ocr_carea' id='block_1_2' title="bbox 948 1550 1319 1657">
    <p class='ocr_par' dir='ltr' id='par_1_2' title="bbox 948 1550 1319 1657">
     <span class='ocr_line' id='line_1_2' title="bbox 948 1550 1319 1657; baseline 0 -1"><span class='ocrx_word' id='word_1_3' title='bbox 948 1550 1157 1656; x_wconf 78' lang='lat' dir='ltr'><strong>[CAPUT</strong></span> <span class='ocrx_word' id='word_1_4' title='bbox 1190 1550 1319 1657; x_wconf 82' lang='lat' dir='ltr'><strong>XL]</strong></span> 
     </span>
    </p>
   </div>
   <div class='ocr_carea' id='block_1_3' title="bbox 472 1887 1811 2510">
    <p class='ocr_par' dir='ltr' id='par_1_3' title="bbox 472 1887 1811 2510">
     <span class='ocr_line' id='line_1_3' title="bbox 588 1887 1810 1975; baseline 0.001 -20"><span class='ocrx_word' id='word_1_5' title='bbox 588 1887 810 1975; x_wconf 88' lang='lat' dir='ltr'><strong>[E]thnica</strong></span> <span class='ocrx_word' id='word_1_6' title='bbox 845 1914 930 1957; x_wconf 90' lang='lat' dir='ltr'><strong>non</strong></span> <span class='ocrx_word' id='word_1_7' title='bbox 964 1896 1109 1957; x_wconf 89' lang='lat' dir='ltr'><strong>minus</strong></span> <span class='ocrx_word' id='word_1_8' title='bbox 1148 1898 1217 1957; x_wconf 89' lang='lat' dir='ltr'><strong>est</strong></span> <span class='ocrx_word' id='word_1_9' title='bbox 1256 1895 1337 1955; x_wconf 90' lang='lat' dir='ltr'><strong>illa</strong></span> <span class='ocrx_word' id='word_1_10' title='bbox 1376 1894 1810 1975; x_wconf 88' lang='lat' dir='ltr'><strong>thologiasecunda,</strong></span> 
     </span>
     <span class='ocr_line' id='line_1_4' title="bbox 475 2002 1811 2083; baseline 0.001 -20"><span class='ocrx_word' id='word_1_11' title='bbox 475 2002 572 2063; x_wconf 87' lang='lat' dir='ltr'><strong>veri</strong></span> <span class='ocrx_word' id='word_1_12' title='bbox 600 2020 820 2073; x_wconf 84' lang='lat' dir='ltr'><strong>noverca,</strong></span> <span class='ocrx_word' id='word_1_13' title='bbox 861 2020 989 2081; x_wconf 89' lang='lat' dir='ltr'><strong>quarn</strong></span> <span class='ocrx_word' id='word_1_14' title='bbox 1023 2002 1279 2064; x_wconf 83' lang='lat' dir='ltr'><strong>naturalem</strong></span> <span class='ocrx_word' id='word_1_15' title='bbox 1328 2002 1503 2081; x_wconf 79' lang='lat' dir='ltr'><strong>placuit</strong></span> <span class='ocrx_word' id='word_1_16' title='bbox 1541 2021 1811 2083; x_wconf 88' lang='lat' dir='ltr'><strong>nuncupare</strong></span> 
     </span>
     <span class='ocr_line' id='line_1_5' title="bbox 475 2109 1805 2188; baseline 0.002 -19"><span class='ocrx_word' id='word_1_17' title='bbox 475 2109 570 2170; x_wconf 87' lang='lat' dir='ltr'><strong>sive</strong></span> <span class='ocrx_word' id='word_1_18' title='bbox 608 2109 952 2188; x_wconf 83' lang='lat' dir='ltr'><strong>speculativam,</strong></span> <span class='ocrx_word' id='word_1_19' title='bbox 989 2111 1105 2172; x_wconf 88' lang='lat' dir='ltr'><strong>tante</strong></span> <span class='ocrx_word' id='word_1_20' title='bbox 1142 2109 1250 2171; x_wconf 87' lang='lat' dir='ltr'><strong>lucis</strong></span> <span class='ocrx_word' id='word_1_21' title='bbox 1289 2111 1328 2172; x_wconf 98' lang='lat' dir='ltr'><strong>et</strong></span> <span class='ocrx_word' id='word_1_22' title='bbox 1366 2110 1579 2181; x_wconf 85' lang='lat' dir='ltr'><strong>veritatis,</strong></span> <span class='ocrx_word' id='word_1_23' title='bbox 1626 2112 1670 2173; x_wconf 89' lang='lat' dir='ltr'><strong>ut</strong></span> <span class='ocrx_word' id='word_1_24' title='bbox 1716 2129 1805 2172; x_wconf 88' lang='lat' dir='ltr'><strong>eam</strong></span> 
     </span>
     <span class='ocr_line' id='line_1_6' title="bbox 475 2202 1807 2296; baseline 0 -19"><span class='ocrx_word' id='word_1_25' title='bbox 475 2202 697 2278; x_wconf 80' lang='lat' dir='ltr'><strong>censerent</strong></span> <span class='ocrx_word' id='word_1_26' title='bbox 719 2216 887 2295; x_wconf 90' lang='lat' dir='ltr'><strong>populis</strong></span> <span class='ocrx_word' id='word_1_27' title='bbox 918 2234 997 2277; x_wconf 87' lang='lat' dir='ltr'><strong>non</strong></span> <span class='ocrx_word' id='word_1_28' title='bbox 1028 2215 1370 2296; x_wconf 85' lang='lat' dir='ltr'><strong>predicandam,</strong></span> <span class='ocrx_word' id='word_1_29' title='bbox 1396 2219 1443 2277; x_wconf 92' lang='lat' dir='ltr'><strong>ut</strong></span> <span class='ocrx_word' id='word_1_30' title='bbox 1465 2216 1687 2278; x_wconf 88' lang='lat' dir='ltr'><strong>abscondi</strong></span> <span class='ocrx_word' id='word_1_31' title='bbox 1717 2235 1807 2278; x_wconf 89' lang='lat' dir='ltr'><strong>non</strong></span> 
     </span>
     <span class='ocr_line' id='line_1_7' title="bbox 473 2321 1801 2404; baseline 0.001 -20"><span class='ocrx_word' id='word_1_32' title='bbox 473 2324 619 2402; x_wconf 85' lang='lat' dir='ltr'><strong>possit</strong></span> <span class='ocrx_word' id='word_1_33' title='bbox 641 2321 869 2385; x_wconf 78' lang='lat' dir='ltr'><strong>falsitatis</strong></span> <span class='ocrx_word' id='word_1_34' title='bbox 893 2324 1133 2402; x_wconf 73' lang='lat' dir='ltr'><strong>peruicieS,</strong></span> <span class='ocrx_word' id='word_1_35' title='bbox 1159 2342 1255 2384; x_wconf 90' lang='lat' dir='ltr'><strong>cum</strong></span> <span class='ocrx_word' id='word_1_36' title='bbox 1278 2323 1418 2383; x_wconf 89' lang='lat' dir='ltr'><strong>aliter</strong></span> <span class='ocrx_word' id='word_1_37' title='bbox 1442 2323 1494 2384; x_wconf 93' lang='lat' dir='ltr'><strong>de</strong></span> <span class='ocrx_word' id='word_1_38' title='bbox 1516 2322 1607 2386; x_wconf 89' lang='lat' dir='ltr'><strong>Deo</strong></span> <span class='ocrx_word' id='word_1_39' title='bbox 1640 2324 1801 2404; x_wconf 91' lang='lat' dir='ltr'><strong>plebei,</strong></span> 
     </span>
     <span class='ocr_line' id='line_1_8' title="bbox 472 2428 1337 2510; baseline 0 -18"><span class='ocrx_word' id='word_1_40' title='bbox 472 2430 611 2492; x_wconf 86' lang='lat' dir='ltr'><strong>aliter</strong></span> <span class='ocrx_word' id='word_1_41' title='bbox 633 2428 890 2510; x_wconf 87' lang='lat' dir='ltr'><strong>philosophi</strong></span> <span class='ocrx_word' id='word_1_42' title='bbox 927 2430 1100 2493; x_wconf 90' lang='lat' dir='ltr'><strong>sentire</strong></span> <span class='ocrx_word' id='word_1_43' title='bbox 1123 2430 1337 2492; x_wconf 90' lang='lat' dir='ltr'><strong>debeant.</strong></span> 
     </span>
    </p>
   </div>
   <div class='ocr_carea' id='block_1_4' title="bbox 343 2622 1804 4517">
    <p class='ocr_par' dir='ltr' id='par_1_4' title="bbox 582 2622 1804 2704">
     <span class='ocr_line' id='line_1_9' title="bbox 582 2622 1804 2704; baseline 0.001 -18"><span class='ocrx_word' id='word_1_44' title='bbox 582 2622 664 2698; x_wconf 89' lang='lat' dir='ltr'><strong>Sed,</strong></span> <span class='ocrx_word' id='word_1_45' title='bbox 691 2625 777 2686; x_wconf 89' lang='lat' dir='ltr'><strong>dato</strong></span> <span class='ocrx_word' id='word_1_46' title='bbox 800 2626 898 2704; x_wconf 90' lang='lat' dir='ltr'><strong>quod</strong></span> <span class='ocrx_word' id='word_1_47' title='bbox 920 2626 1070 2687; x_wconf 85' lang='lat' dir='ltr'><strong>velimus</strong></span> <span class='ocrx_word' id='word_1_48' title='bbox 1095 2644 1216 2687; x_wconf 89' lang='lat' dir='ltr'><strong>eorum</strong></span> <span class='ocrx_word' id='word_1_49' title='bbox 1250 2627 1379 2688; x_wconf 88' lang='lat' dir='ltr'><strong>cedere</strong></span> <span class='ocrx_word' id='word_1_50' title='bbox 1415 2626 1531 2696; x_wconf 86' lang='lat' dir='ltr'><strong>dictis,</strong></span> <span class='ocrx_word' id='word_1_51' title='bbox 1564 2644 1688 2687; x_wconf 87' lang='lat' dir='ltr'><strong>veram</strong></span> <span class='ocrx_word' id='word_1_52' title='bbox 1724 2644 1804 2687; x_wconf 85' lang='lat' dir='ltr'><strong>nos-</strong></span> 
     </span>
    </p>

    <p class='ocr_par' dir='ltr' id='par_1_5' title="bbox 426 2731 1802 3029">
     <span class='ocr_line' id='line_1_10' title="bbox 426 2731 1799 2823; baseline -0.001 -29"><span class='ocrx_word' id='word_1_53' title='bbox 426 2761 455 2823; x_wconf 43' lang='lat'><strong>1·</strong></span> <span class='ocrx_word' id='word_1_54' title='bbox 470 2735 564 2794; x_wconf 91' lang='lat' dir='ltr'><strong>tram</strong></span> <span class='ocrx_word' id='word_1_55' title='bbox 587 2732 806 2795; x_wconf 86' lang='lat' dir='ltr'><strong>sentenciam</strong></span> <span class='ocrx_word' id='word_1_56' title='bbox 828 2733 961 2793; x_wconf 87' lang='lat' dir='ltr'><strong>iuvant.</strong></span> <span class='ocrx_word' id='word_1_57' title='bbox 988 2769 1028 2777; x_wconf 90' lang='lat'>—</span> <span class='ocrx_word' id='word_1_58' title='bbox 1054 2731 1093 2794; x_wconf 92' lang='lat' dir='ltr'><strong>Si</strong></span> <span class='ocrx_word' id='word_1_59' title='bbox 1115 2734 1209 2794; x_wconf 86' lang='lat' dir='ltr'><strong>euim</strong></span> <span class='ocrx_word' id='word_1_60' title='bbox 1232 2751 1303 2794; x_wconf 91' lang='lat' dir='ltr'><strong>non</strong></span> <span class='ocrx_word' id='word_1_61' title='bbox 1331 2732 1436 2794; x_wconf 90' lang='lat' dir='ltr'><strong>decet</strong></span> <span class='ocrx_word' id='word_1_62' title='bbox 1467 2731 1604 2794; x_wconf 88' lang='lat' dir='ltr'><strong>activos</strong></span> <span class='ocrx_word' id='word_1_63' title='bbox 1639 2734 1799 2813; x_wconf 91' lang='lat' dir='ltr'><strong>specula-</strong></span> 
     </span>
     <span class='ocr_line' id='line_1_11' title="bbox 470 2839 1802 2930; baseline 0.001 -30"><span class='ocrx_word' id='word_1_64' title='bbox 470 2840 580 2900; x_wconf 87' lang='lat' dir='ltr'><strong>tivam</strong></span> <span class='ocrx_word' id='word_1_65' title='bbox 603 2839 825 2919; x_wconf 89' lang='lat' dir='ltr'><strong>theologiam,</strong></span> <span class='ocrx_word' id='word_1_66' title='bbox 851 2840 916 2901; x_wconf 91' lang='lat' dir='ltr'><strong>sed</strong></span> <span class='ocrx_word' id='word_1_67' title='bbox 939 2839 1034 2902; x_wconf 85' lang='lat' dir='ltr'><strong>solos</strong></span> <span class='ocrx_word' id='word_1_68' title='bbox 1059 2839 1290 2930; x_wconf 87' lang='lat' dir='ltr'><strong>philosophos</strong></span> <span class='ocrx_word' id='word_1_69' title='bbox 1314 2858 1419 2901; x_wconf 87' lang='lat' dir='ltr'><strong>nosse</strong></span> <span class='ocrx_word' id='word_1_70' title='bbox 1433 2844 1456 2912; x_wconf 78' lang='lat'><strong>⁸,</strong></span> <span class='ocrx_word' id='word_1_71' title='bbox 1485 2840 1592 2919; x_wconf 88' lang='lat' dir='ltr'><strong>igitur</strong></span> <span class='ocrx_word' id='word_1_72' title='bbox 1615 2841 1729 2901; x_wconf 79' lang='lat' dir='ltr'><strong>nostri</strong></span> <span class='ocrx_word' id='word_1_73' title='bbox 1752 2841 1802 2901; x_wconf 92' lang='lat' dir='ltr'><strong>iu·</strong></span> 
     </span>
     <span class='ocr_line' id='line_1_12' title="bbox 468 2935 1800 3029; baseline 0.001 -22"><span class='ocrx_word' id='word_1_74' title='bbox 468 2946 609 3007; x_wconf 85' lang='lat' dir='ltr'><strong>venculi</strong></span> <span class='ocrx_word' id='word_1_75' title='bbox 633 2944 887 3008; x_wconf 88' lang='lat' dir='ltr'><strong>calamistrati¹</strong></span> <span class='ocrx_word' id='word_1_76' title='bbox 911 2949 946 3008; x_wconf 93' lang='lat' dir='ltr'><strong>et</strong></span> <span class='ocrx_word' id='word_1_77' title='bbox 970 2948 1112 3025; x_wconf 85' lang='lat' dir='ltr'><strong>compti,</strong></span> <span class='ocrx_word' id='word_1_78' title='bbox 1137 2949 1177 3007; x_wconf 89' lang='lat' dir='ltr'><strong>ut</strong></span> <span class='ocrx_word' id='word_1_79' title='bbox 1201 2935 1214 3029; x_wconf 72' lang='grc' dir='ltr'><strong>ΙΪ</strong></span> <span class='ocrx_word' id='word_1_80' title='bbox 1240 2946 1434 3007; x_wconf 86' lang='lat' dir='ltr'><strong>similitudo</strong></span> <span class='ocrx_word' id='word_1_81' title='bbox 1458 2946 1591 3025; x_wconf 91' lang='lat' dir='ltr'><strong>templi,</strong></span> <span class='ocrx_word' id='word_1_82' title='bbox 1607 2966 1693 3009; x_wconf 77' lang='lat' dir='ltr'><strong>,non</strong></span> <span class='ocrx_word' id='word_1_83' title='bbox 1715 2948 1800 3017; x_wconf 85' lang='lat' dir='ltr'><strong>vita,</strong></span> 
     </span>
    </p>

    <p class='ocr_par' dir='ltr' id='par_1_6' title="bbox 359 3052 1804 3457">
     <span class='ocr_line' id='line_1_13' title="bbox 359 3052 1803 3135; baseline 0.001 -21"><span class='ocrx_word' id='word_1_84' title='bbox 359 3085 388 3116; x_wconf 72' lang='lat' dir='ltr'><strong>ro</strong></span> <span class='ocrx_word' id='word_1_85' title='bbox 468 3071 541 3114; x_wconf 90' lang='lat' dir='ltr'><strong>non</strong></span> <span class='ocrx_word' id='word_1_86' title='bbox 574 3053 739 3125; x_wconf 85' lang='lat' dir='ltr'><strong>sciencia,</strong></span> <span class='ocrx_word' id='word_1_87' title='bbox 769 3052 1041 3135; x_wconf 84' lang='lat' dir='ltr'><strong>phylosophiam</strong></span> <span class='ocrx_word' id='word_1_88' title='bbox 1074 3052 1168 3115; x_wconf 89' lang='lat' dir='ltr'><strong>hanc</strong></span> <span class='ocrx_word' id='word_1_89' title='bbox 1198 3054 1361 3133; x_wconf 77' lang='lat' dir='ltr'><strong>profiteri</strong></span> <span class='ocrx_word' id='word_1_90' title='bbox 1394 3053 1564 3123; x_wconf 86' lang='lat' dir='ltr'><strong>volentes,</strong></span> <span class='ocrx_word' id='word_1_91' title='bbox 1589 3054 1654 3116; x_wconf 88' lang='lat' dir='ltr'><strong>sed</strong></span> <span class='ocrx_word' id='word_1_92' title='bbox 1686 3055 1803 3116; x_wconf 88' lang='lat' dir='ltr'><strong>solum</strong></span> 
     </span>
     <span class='ocr_line' id='line_1_14' title="bbox 466 3160 1800 3241; baseline 0.001 -20"><span class='ocrx_word' id='word_1_93' title='bbox 466 3160 589 3238; x_wconf 91' lang='lat' dir='ltr'><strong>aliqua</strong></span> <span class='ocrx_word' id='word_1_94' title='bbox 612 3160 818 3223; x_wconf 87' lang='lat' dir='ltr'><strong>curiositate</strong></span> <span class='ocrx_word' id='word_1_95' title='bbox 842 3161 937 3231; x_wconf 92' lang='lat' dir='ltr'><strong>moti,</strong></span> <span class='ocrx_word' id='word_1_96' title='bbox 962 3161 1107 3223; x_wconf 90' lang='lat' dir='ltr'><strong>inicium</strong></span> <span class='ocrx_word' id='word_1_97' title='bbox 1129 3161 1331 3222; x_wconf 88' lang='lat' dir='ltr'><strong>litterarum</strong></span> <span class='ocrx_word' id='word_1_98' title='bbox 1355 3161 1469 3221; x_wconf 90' lang='lat' dir='ltr'><strong>eciam</strong></span> <span class='ocrx_word' id='word_1_99' title='bbox 1492 3160 1694 3224; x_wconf 88' lang='lat' dir='ltr'><strong>inordinate</strong></span> <span class='ocrx_word' id='word_1_100' title='bbox 1717 3180 1800 3241; x_wconf 90' lang='lat' dir='ltr'><strong>que-</strong></span> 
     </span>
     <span class='ocr_line' id='line_1_15' title="bbox 467 3266 1804 3339; baseline 0 -10"><span class='ocrx_word' id='word_1_101' title='bbox 467 3269 597 3339; x_wconf 84' lang='lat' dir='ltr'><strong>rentes,</strong></span> <span class='ocrx_word' id='word_1_102' title='bbox 622 3267 670 3329; x_wconf 90' lang='lat' dir='ltr'><strong>ad</strong></span> <span class='ocrx_word' id='word_1_103' title='bbox 694 3268 773 3329; x_wconf 86' lang='lat' dir='ltr'><strong>illas</strong></span> <span class='ocrx_word' id='word_1_104' title='bbox 797 3268 913 3329; x_wconf 88' lang='lat' dir='ltr'><strong>scolas</strong></span> <span class='ocrx_word' id='word_1_105' title='bbox 937 3285 1008 3328; x_wconf 90' lang='lat' dir='ltr'><strong>non</strong></span> <span class='ocrx_word' id='word_1_106' title='bbox 1031 3270 1115 3329; x_wconf 91' lang='lat' dir='ltr'><strong>sunt</strong></span> <span class='ocrx_word' id='word_1_107' title='bbox 1141 3267 1365 3329; x_wconf 88' lang='lat' dir='ltr'><strong>admittendi.</strong></span> <span class='ocrx_word' id='word_1_108' title='bbox 1411 3266 1515 3328; x_wconf 91' lang='lat' dir='ltr'><strong>Unde</strong></span> <span class='ocrx_word' id='word_1_109' title='bbox 1549 3266 1607 3329; x_wconf 91' lang='lat' dir='ltr'><strong>hic</strong></span> <span class='ocrx_word' id='word_1_110' title='bbox 1639 3286 1711 3329; x_wconf 88' lang='lat' dir='ltr'><strong>non</strong></span> <span class='ocrx_word' id='word_1_111' title='bbox 1747 3272 1804 3330; x_wconf 87' lang='lat' dir='ltr'><strong>est</strong></span> 
     </span>
     <span class='ocr_line' id='line_1_16' title="bbox 469 3363 1798 3457; baseline 0.002 -22"><span class='ocrx_word' id='word_1_112' title='bbox 469 3374 738 3447; x_wconf 87' lang='lat' dir='ltr'><strong>immorandum,</strong></span> <span class='ocrx_word' id='word_1_113' title='bbox 763 3392 846 3436; x_wconf 86' lang='lat' dir='ltr'><strong>nam</strong></span> <span class='ocrx_word' id='word_1_114' title='bbox 868 3374 1058 3454; x_wconf 87' lang='lat' dir='ltr'><strong>prodesset</strong></span> <span class='ocrx_word' id='word_1_115' title='bbox 1082 3374 1228 3436; x_wconf 88' lang='lat' dir='ltr'><strong>cuilibet</strong></span> <span class='ocrx_word' id='word_1_116' title='bbox 1251 3375 1365 3435; x_wconf 91' lang='lat' dir='ltr'><strong>eciam</strong></span> <span class='ocrx_word' id='word_1_117' title='bbox 1380 3374 1495 3435; x_wconf 91' lang='lat' dir='ltr'><strong>solum</strong></span> <span class='ocrx_word' id='word_1_118' title='bbox 1509 3374 1664 3436; x_wconf 84' lang='lat' dir='ltr'><strong>transire</strong></span> <span class='ocrx_word' id='word_1_119' title='bbox 1680 3363 1694 3457; x_wconf 68' lang='lat' dir='ltr'>fl</span> <span class='ocrx_word' id='word_1_120' title='bbox 1715 3394 1798 3437; x_wconf 90' lang='lat' dir='ltr'><strong>non·</strong></span> 
     </span>
    </p>

    <p class='ocr_par' dir='ltr' id='par_1_7' title="bbox 343 3481 1801 3989">
     <span class='ocr_line' id='line_1_17' title="bbox 343 3481 1801 3561; baseline -0.001 -15"><span class='ocrx_word' id='word_1_121' title='bbox 343 3515 371 3546; x_wconf 75' lang='lat' dir='ltr'><strong>ro</strong></span> <span class='ocrx_word' id='word_1_122' title='bbox 469 3500 650 3561; x_wconf 88' lang='lat' dir='ltr'><strong>nunquam</strong></span> <span class='ocrx_word' id='word_1_123' title='bbox 686 3499 753 3561; x_wconf 93' lang='lat' dir='ltr'><strong>per</strong></span> <span class='ocrx_word' id='word_1_124' title='bbox 774 3481 937 3545; x_wconf 86' lang='lat' dir='ltr'><strong>veritatis</strong></span> <span class='ocrx_word' id='word_1_125' title='bbox 959 3481 1184 3543; x_wconf 85' lang='lat' dir='ltr'><strong>venerabiles</strong></span> <span class='ocrx_word' id='word_1_126' title='bbox 1214 3481 1341 3554; x_wconf 89' lang='lat' dir='ltr'><strong>scolas,</strong></span> <span class='ocrx_word' id='word_1_127' title='bbox 1366 3481 1521 3560; x_wconf 88' lang='lat' dir='ltr'><strong>qualiter</strong></span> <span class='ocrx_word' id='word_1_128' title='bbox 1550 3482 1644 3544; x_wconf 88' lang='lat' dir='ltr'><strong>enim</strong></span> <span class='ocrx_word' id='word_1_129' title='bbox 1676 3483 1801 3545; x_wconf 88' lang='lat' dir='ltr'><strong>venire</strong></span> 
     </span>
     <span class='ocr_line' id='line_1_18' title="bbox 469 3587 1799 3668; baseline 0 -17"><span class='ocrx_word' id='word_1_130' title='bbox 469 3592 596 3668; x_wconf 90' lang='lat' dir='ltr'><strong>potero</strong></span> <span class='ocrx_word' id='word_1_131' title='bbox 619 3590 656 3649; x_wconf 92' lang='lat' dir='ltr'><strong>in</strong></span> <span class='ocrx_word' id='word_1_132' title='bbox 678 3588 847 3651; x_wconf 88' lang='lat' dir='ltr'><strong>noticiam</strong></span> <span class='ocrx_word' id='word_1_133' title='bbox 870 3588 937 3651; x_wconf 88' lang='lat' dir='ltr'><strong>Dei</strong></span> <span class='ocrx_word' id='word_1_134' title='bbox 959 3589 1044 3661; x_wconf 86' lang='lat' dir='ltr'><strong>veri,</strong></span> <span class='ocrx_word' id='word_1_135' title='bbox 1070 3590 1110 3650; x_wconf 91' lang='lat' dir='ltr'><strong>ut</strong></span> <span class='ocrx_word' id='word_1_136' title='bbox 1131 3591 1254 3650; x_wconf 89' lang='lat' dir='ltr'><strong>notum</strong></span> <span class='ocrx_word' id='word_1_137' title='bbox 1277 3587 1412 3667; x_wconf 88' lang='lat' dir='ltr'><strong>possim</strong></span> <span class='ocrx_word' id='word_1_138' title='bbox 1435 3607 1558 3650; x_wconf 87' lang='lat' dir='ltr'><strong>amare</strong></span> <span class='ocrx_word' id='word_1_139' title='bbox 1581 3592 1617 3650; x_wconf 87' lang='lat' dir='ltr'><strong>et</strong></span> <span class='ocrx_word' id='word_1_140' title='bbox 1640 3593 1799 3651; x_wconf 87' lang='lat' dir='ltr'><strong>amatum</strong></span> 
     </span>
     <span class='ocr_line' id='line_1_19' title="bbox 467 3695 1801 3775; baseline 0.001 -18"><span class='ocrx_word' id='word_1_141' title='bbox 467 3696 663 3775; x_wconf 88' lang='lat' dir='ltr'><strong>possidere,</strong></span> <span class='ocrx_word' id='word_1_142' title='bbox 689 3699 724 3758; x_wconf 89' lang='lat' dir='ltr'><strong>et</strong></span> <span class='ocrx_word' id='word_1_143' title='bbox 747 3697 817 3758; x_wconf 85' lang='lat' dir='ltr'><strong>frui</strong></span> <span class='ocrx_word' id='word_1_144' title='bbox 839 3714 1016 3775; x_wconf 89' lang='lat' dir='ltr'><strong>possesso,</strong></span> <span class='ocrx_word' id='word_1_145' title='bbox 1041 3695 1139 3775; x_wconf 91' lang='lat' dir='ltr'><strong>quod</strong></span> <span class='ocrx_word' id='word_1_146' title='bbox 1154 3695 1350 3756; x_wconf 90' lang='lat' dir='ltr'><strong>secundum</strong></span> <span class='ocrx_word' id='word_1_147' title='bbox 1365 3695 1563 3767; x_wconf 85' lang='lat' dir='ltr'><strong>veritatem,</strong></span> <span class='ocrx_word' id='word_1_148' title='bbox 1588 3697 1703 3757; x_wconf 87' lang='lat' dir='ltr'><strong>eciam</strong></span> <span class='ocrx_word' id='word_1_149' title='bbox 1719 3697 1801 3759; x_wconf 86' lang='lat' dir='ltr'><strong>illos</strong></span> 
     </span>
     <span class='ocr_line' id='line_1_20' title="bbox 466 3800 1800 3882; baseline 0 -18"><span class='ocrx_word' id='word_1_150' title='bbox 466 3805 659 3882; x_wconf 83' lang='lat' dir='ltr'><strong>cogentem,</strong></span> <span class='ocrx_word' id='word_1_151' title='bbox 684 3805 739 3864; x_wconf 89' lang='lat' dir='ltr'><strong>est</strong></span> <span class='ocrx_word' id='word_1_152' title='bbox 755 3802 930 3882; x_wconf 82' lang='lat' dir='ltr'><strong>theologie</strong></span> <span class='ocrx_word' id='word_1_153' title='bbox 944 3802 1268 3881; x_wconf 86' lang='lat' dir='ltr'><strong>irreprehensibilis</strong></span> <span class='ocrx_word' id='word_1_154' title='bbox 1284 3800 1375 3874; x_wconf 82' lang='lat' dir='ltr'><strong>linis,</strong></span> <span class='ocrx_word' id='word_1_155' title='bbox 1400 3804 1467 3864; x_wconf 85' lang='lat' dir='ltr'><strong>sub</strong></span> <span class='ocrx_word' id='word_1_156' title='bbox 1483 3802 1703 3873; x_wconf 88' lang='lat' dir='ltr'><strong>doctoribus,</strong></span> <span class='ocrx_word' id='word_1_157' title='bbox 1728 3823 1800 3865; x_wconf 87' lang='lat' dir='ltr'><strong>non</strong></span> 
     </span>
     <span class='ocr_line' id='line_1_21' title="bbox 463 3908 1801 3989; baseline 0.001 -19"><span class='ocrx_word' id='word_1_158' title='bbox 463 3909 577 3970; x_wconf 89' lang='lat' dir='ltr'><strong>solum</strong></span> <span class='ocrx_word' id='word_1_159' title='bbox 600 3910 844 3989; x_wconf 81' lang='lat' dir='ltr'><strong>ignorantibus</strong></span> <span class='ocrx_word' id='word_1_160' title='bbox 867 3908 991 3981; x_wconf 88' lang='lat' dir='ltr'><strong>Deum,</strong></span> <span class='ocrx_word' id='word_1_161' title='bbox 1016 3909 1082 3972; x_wconf 90' lang='lat' dir='ltr'><strong>sed</strong></span> <span class='ocrx_word' id='word_1_162' title='bbox 1106 3911 1143 3970; x_wconf 89' lang='lat' dir='ltr'><strong>et</strong></span> <span class='ocrx_word' id='word_1_163' title='bbox 1164 3910 1389 3971; x_wconf 89' lang='lat' dir='ltr'><strong>maiestatem</strong></span> <span class='ocrx_word' id='word_1_164' title='bbox 1412 3909 1488 3971; x_wconf 92' lang='lat' dir='ltr'><strong>eius</strong></span> <span class='ocrx_word' id='word_1_165' title='bbox 1527 3910 1739 3988; x_wconf 88' lang='lat' dir='ltr'><strong>negantibus</strong></span> <span class='ocrx_word' id='word_1_166' title='bbox 1763 3914 1801 3971; x_wconf 88' lang='lat' dir='ltr'><strong>et</strong></span> 
     </span>
    </p>

    <p class='ocr_par' dir='ltr' id='par_1_8' title="bbox 457 4014 1800 4517">
     <span class='ocr_line' id='line_1_22' title="bbox 460 4014 1797 4095; baseline 0 -17"><span class='ocrx_word' id='word_1_167' title='bbox 460 4016 500 4078; x_wconf 91' lang='lat' dir='ltr'><strong>id</strong></span> <span class='ocrx_word' id='word_1_168' title='bbox 523 4015 808 4089; x_wconf 85' lang='lat' dir='ltr'><strong>defendentibus,</strong></span> <span class='ocrx_word' id='word_1_169' title='bbox 833 4019 953 4078; x_wconf 88' lang='lat' dir='ltr'><strong>erecto</strong></span> <span class='ocrx_word' id='word_1_170' title='bbox 977 4016 1169 4095; x_wconf 88' lang='lat' dir='ltr'><strong>supercilio</strong></span> <span class='ocrx_word' id='word_1_171' title='bbox 1194 4017 1229 4077; x_wconf 88' lang='lat' dir='ltr'><strong>et</strong></span> <span class='ocrx_word' id='word_1_172' title='bbox 1252 4016 1375 4077; x_wconf 87' lang='lat' dir='ltr'><strong>buccis</strong></span> <span class='ocrx_word' id='word_1_173' title='bbox 1388 4014 1533 4077; x_wconf 86' lang='lat' dir='ltr'><strong>inflatis.</strong></span> <span class='ocrx_word' id='word_1_174' title='bbox 1557 4014 1655 4077; x_wconf 75' lang='lat' dir='ltr'><strong>Infra</strong></span> <span class='ocrx_word' id='word_1_175' title='bbox 1674 4035 1797 4078; x_wconf 88' lang='lat' dir='ltr'><strong>eorum</strong></span> 
     </span>
     <span class='ocr_line' id='line_1_23' title="bbox 461 4121 1800 4203; baseline 0.001 -19"><span class='ocrx_word' id='word_1_176' title='bbox 461 4142 615 4203; x_wconf 89' lang='lat' dir='ltr'><strong>namque</strong></span> <span class='ocrx_word' id='word_1_177' title='bbox 638 4123 924 4203; x_wconf 87' lang='lat' dir='ltr'><strong>inexplicabilem</strong></span> <span class='ocrx_word' id='word_1_178' title='bbox 956 4123 1170 4184; x_wconf 90' lang='lat' dir='ltr'><strong>laberintum</strong></span> <span class='ocrx_word' id='word_1_179' title='bbox 1207 4123 1348 4202; x_wconf 88' lang='lat' dir='ltr'><strong>reperio</strong></span> <span class='ocrx_word' id='word_1_180' title='bbox 1381 4121 1574 4185; x_wconf 75' lang='lat' dir='ltr'><strong>diffinitum</strong></span> <span class='ocrx_word' id='word_1_181' title='bbox 1608 4124 1800 4203; x_wconf 87' lang='lat' dir='ltr'><strong>pecuniam</strong></span> 
     </span>
     <span class='ocr_line' id='line_1_24' title="bbox 460 4228 1797 4309; baseline 0.001 -17"><span class='ocrx_word' id='word_1_182' title='bbox 460 4248 540 4292; x_wconf 87' lang='lat' dir='ltr'><strong>esse</strong></span> <span class='ocrx_word' id='word_1_183' title='bbox 562 4230 685 4303; x_wconf 91' lang='lat' dir='ltr'><strong>Deum,</strong></span> <span class='ocrx_word' id='word_1_184' title='bbox 712 4248 817 4309; x_wconf 90' lang='lat' dir='ltr'><strong>quem</strong></span> <span class='ocrx_word' id='word_1_185' title='bbox 839 4228 959 4292; x_wconf 87' lang='lat' dir='ltr'><strong>Varro</strong></span> <span class='ocrx_word' id='word_1_186' title='bbox 994 4230 1148 4293; x_wconf 89' lang='lat' dir='ltr'><strong>credidit</strong></span> <span class='ocrx_word' id='word_1_187' title='bbox 1183 4230 1339 4291; x_wconf 86' lang='lat' dir='ltr'><strong>animam</strong></span> <span class='ocrx_word' id='word_1_188' title='bbox 1374 4229 1507 4300; x_wconf 90' lang='lat' dir='ltr'><strong>mundi,</strong></span> <span class='ocrx_word' id='word_1_189' title='bbox 1533 4247 1641 4308; x_wconf 90' lang='lat' dir='ltr'><strong>quam</strong></span> <span class='ocrx_word' id='word_1_190' title='bbox 1675 4233 1797 4293; x_wconf 87' lang='lat' dir='ltr'><strong>tamen</strong></span> 
     </span>
     <span class='ocr_line' id='line_1_25' title="bbox 458 4336 1796 4416; baseline 0.001 -18"><span class='ocrx_word' id='word_1_191' title='bbox 458 4336 556 4399; x_wconf 89' lang='lat' dir='ltr'><strong>Deus</strong></span> <span class='ocrx_word' id='word_1_192' title='bbox 590 4355 696 4399; x_wconf 87' lang='lat' dir='ltr'><strong>verus</strong></span> <span class='ocrx_word' id='word_1_193' title='bbox 730 4355 967 4398; x_wconf 87' lang='lat' dir='ltr'><strong>mammonam</strong></span> <span class='ocrx_word' id='word_1_194' title='bbox 997 4337 1203 4416; x_wconf 88' lang='lat' dir='ltr'><strong>appellavit,</strong></span> <span class='ocrx_word' id='word_1_195' title='bbox 1239 4338 1297 4397; x_wconf 90' lang='lat' dir='ltr'><strong>cui</strong></span> <span class='ocrx_word' id='word_1_196' title='bbox 1332 4354 1434 4398; x_wconf 88' lang='lat' dir='ltr'><strong>nemo</strong></span> <span class='ocrx_word' id='word_1_197' title='bbox 1469 4337 1590 4415; x_wconf 88' lang='lat' dir='ltr'><strong>potest</strong></span> <span class='ocrx_word' id='word_1_198' title='bbox 1612 4355 1693 4398; x_wconf 88' lang='lat' dir='ltr'><strong>curn</strong></span> <span class='ocrx_word' id='word_1_199' title='bbox 1718 4336 1796 4400; x_wconf 88' lang='lat' dir='ltr'><strong>Deo</strong></span> 
     </span>
     <span class='ocr_line' id='line_1_26' title="bbox 457 4441 1796 4517; baseline 0 -12"><span class='ocrx_word' id='word_1_200' title='bbox 457 4444 593 4506; x_wconf 87' lang='lat' dir='ltr'><strong>servire</strong></span> <span class='ocrx_word' id='word_1_201' title='bbox 608 4442 629 4505; x_wconf 82' lang='lat'><strong>³.</strong></span> <span class='ocrx_word' id='word_1_202' title='bbox 654 4443 732 4506; x_wconf 88' lang='lat' dir='ltr'><strong>Hec</strong></span> <span class='ocrx_word' id='word_1_203' title='bbox 755 4443 900 4517; x_wconf 87' lang='lat' dir='ltr'><strong>heresis,</strong></span> <span class='ocrx_word' id='word_1_204' title='bbox 929 4444 1043 4506; x_wconf 90' lang='lat' dir='ltr'><strong>eciam</strong></span> <span class='ocrx_word' id='word_1_205' title='bbox 1075 4444 1172 4505; x_wconf 89' lang='lat' dir='ltr'><strong>nullo</strong></span> <span class='ocrx_word' id='word_1_206' title='bbox 1204 4444 1358 4515; x_wconf 87' lang='lat' dir='ltr'><strong>dicente,</strong></span> <span class='ocrx_word' id='word_1_207' title='bbox 1397 4443 1448 4504; x_wconf 88' lang='lat' dir='ltr'><strong>ita</strong></span> <span class='ocrx_word' id='word_1_208' title='bbox 1481 4441 1578 4505; x_wconf 89' lang='lat' dir='ltr'><strong>iacto</strong></span> <span class='ocrx_word' id='word_1_209' title='bbox 1600 4442 1719 4505; x_wconf 75' lang='lat' dir='ltr'><strong>infixa</strong></span> <span class='ocrx_word' id='word_1_210' title='bbox 1741 4447 1796 4505; x_wconf 91' lang='lat' dir='ltr'><strong>est</strong></span> 
     </span>
    </p>
   </div>
   <div class='ocr_carea' id='block_1_5' title="bbox 563 4793 717 4852">
    <p class='ocr_par' dir='ltr' id='par_1_9' title="bbox 563 4793 717 4852">
     <span class='ocr_line' id='line_1_27' title="bbox 563 4793 717 4852; baseline -0.006 -13"><span class='ocrx_word' id='word_1_211' title='bbox 563 4793 595 4852; x_wconf 86' lang='grc' dir='ltr'><strong>α)</strong></span> <span class='ocrx_word' id='word_1_212' title='bbox 614 4801 717 4841; x_wconf 87' lang='lat' dir='ltr'><strong>nosce.</strong></span> 
     </span>
    </p>
   </div>
   <div class='ocr_carea' id='block_1_6' title="bbox 454 4934 1796 5274">
    <p class='ocr_par' dir='ltr' id='par_1_10' title="bbox 560 4934 1053 5005">
     <span class='ocr_line' id='line_1_28' title="bbox 560 4934 1053 5005; baseline -0.004 -13"><span class='ocrx_word' id='word_1_213' title='bbox 560 4936 581 5005; x_wconf 84' lang='lat'><strong>¹)</strong></span> <span class='ocrx_word' id='word_1_214' title='bbox 602 4935 916 4992; x_wconf 74' lang='lat' dir='ltr'><strong>C’est·a-direFr1&#39;se&#39;s</strong></span> <span class='ocrx_word' id='word_1_215' title='bbox 934 4953 974 4990; x_wconf 83' lang='lat' dir='ltr'><strong>uu</strong></span> <span class='ocrx_word' id='word_1_216' title='bbox 989 4934 1053 5001; x_wconf 83' lang='lat' dir='ltr'><strong>ser.</strong></span> 
     </span>
    </p>

    <p class='ocr_par' dir='ltr' id='par_1_11' title="bbox 454 5023 1796 5184">
     <span class='ocr_line' id='line_1_29' title="bbox 562 5023 1796 5095; baseline -0.002 -14"><span class='ocrx_word' id='word_1_217' title='bbox 562 5025 582 5093; x_wconf 79' lang='lat'><strong>²)</strong></span> <span class='ocrx_word' id='word_1_218' title='bbox 601 5028 734 5095; x_wconf 89' lang='lat' dir='ltr'><strong>Opinion</strong></span> <span class='ocrx_word' id='word_1_219' title='bbox 751 5028 791 5080; x_wconf 88' lang='lat' dir='ltr'><strong>de</strong></span> <span class='ocrx_word' id='word_1_220' title='bbox 804 5027 935 5090; x_wconf 81' lang='lat' dir='ltr'><strong>Varrou,</strong></span> <span class='ocrx_word' id='word_1_221' title='bbox 953 5027 1033 5079; x_wconf 78' lang='lat' dir='ltr'><strong>tiree</strong></span> <span class='ocrx_word' id='word_1_222' title='bbox 1050 5043 1108 5094; x_wconf 87' lang='lat' dir='ltr'><strong>par</strong></span> <span class='ocrx_word' id='word_1_223' title='bbox 1127 5027 1282 5081; x_wconf 85' lang='lat' dir='ltr'><strong>Dominici</strong></span> <span class='ocrx_word' id='word_1_224' title='bbox 1299 5028 1340 5079; x_wconf 92' lang='lat' dir='ltr'><strong>de</strong></span> <span class='ocrx_word' id='word_1_225' title='bbox 1357 5028 1389 5079; x_wconf 82' lang='lat' dir='ltr'><strong>la</strong></span> <span class='ocrx_word' id='word_1_226' title='bbox 1404 5023 1467 5079; x_wconf 71' lang='lat' dir='ltr'><strong>crre&#39;</strong></span> <span class='ocrx_word' id='word_1_227' title='bbox 1485 5029 1522 5079; x_wconf 83' lang='lat' dir='ltr'><strong>de</strong></span> <span class='ocrx_word' id='word_1_228' title='bbox 1540 5028 1628 5091; x_wconf 84' lang='lat' dir='ltr'><strong>Dteu,</strong></span> <span class='ocrx_word' id='word_1_229' title='bbox 1644 5026 1694 5089; x_wconf 87' lang='lat' dir='ltr'><strong>IV,</strong></span> <span class='ocrx_word' id='word_1_230' title='bbox 1705 5036 1796 5079; x_wconf 80' lang='lat' dir='ltr'><strong>xm.</strong></span> 
     </span>
     <span class='ocr_line' id='line_1_30' title="bbox 454 5112 844 5184; baseline -0.005 -15"><span class='ocrx_word' id='word_1_231' title='bbox 454 5118 490 5169; x_wconf 91' lang='lat' dir='ltr'><strong>In</strong></span> <span class='ocrx_word' id='word_1_232' title='bbox 510 5112 762 5184; x_wconf 79' lang='lat' dir='ltr'><strong>oper.vn,137,</strong></span> <span class='ocrx_word' id='word_1_233' title='bbox 784 5116 844 5170; x_wconf 84' lang='grc'><strong>138.</strong></span> 
     </span>
    </p>

    <p class='ocr_par' dir='ltr' id='par_1_12' title="bbox 561 5202 1162 5274">
     <span class='ocr_line' id='line_1_31' title="bbox 561 5202 1162 5274; baseline -0.002 -14"><span class='ocrx_word' id='word_1_234' title='bbox 561 5202 581 5274; x_wconf 73' lang='lat' dir='ltr'><strong>“t</strong></span> <span class='ocrx_word' id='word_1_235' title='bbox 600 5206 630 5260; x_wconf 84' lang='lat' dir='ltr'><strong>s.</strong></span> <span class='ocrx_word' id='word_1_236' title='bbox 645 5207 769 5259; x_wconf 68' lang='lat' dir='ltr'><strong>Murra.</strong></span> <span class='ocrx_word' id='word_1_237' title='bbox 787 5206 836 5270; x_wconf 85' lang='lat' dir='ltr'><strong>VI,</strong></span> <span class='ocrx_word' id='word_1_238' title='bbox 856 5207 906 5270; x_wconf 73' lang='lat'><strong>24,</strong></span> <span class='ocrx_word' id='word_1_239' title='bbox 926 5207 1002 5261; x_wconf 85' lang='lat' dir='ltr'><strong>Luc.</strong></span> <span class='ocrx_word' id='word_1_240' title='bbox 1020 5207 1099 5271; x_wconf 81' lang='lat' dir='ltr'><strong>XVI,</strong></span> <span class='ocrx_word' id='word_1_241' title='bbox 1120 5206 1162 5260; x_wconf 83' lang='lat'><strong>13.</strong></span> 
     </span>
    </p>
   </div>
   <div class='ocr_carea' id='block_1_7' title="bbox 0 0 2154 6117">
    <p class='ocr_par' dir='ltr' id='par_1_13' title="bbox 0 0 2154 6117">
     <span class='ocr_line' id='line_1_32' title="bbox 0 0 2154 6117; baseline 0 1"><span class='ocrx_word' id='word_1_242' title='bbox 0 0 2154 6117; x_wconf 95' lang='lat' dir='ltr'><strong> </strong></span> 
     </span>
    </p>
   </div>
  </div>
 </body>
</html>
