4300 6117
819 947 1006 1000 IOHANNIS
1029 947 1211 1000 DOMINICI
1644 938 1685 1001 13

353 1168 579 1249 Augustinus,
615 1169 677 1231 De
698 1166 978 1232 Trinitate1.
1025 1169 1121 1255 Quid
1149 1171 1267 1232 dicam
1295 1171 1341 1231 de
1369 1172 1551 1233 obstinato
1575 1170 1686 1234 Iudeo

354 1294 433 1337 cum
457 1277 564 1338 domo
587 1295 662 1348 sua,
685 1278 756 1356 qui,
781 1280 942 1357 tempore
964 1277 1184 1339 Ferdinandi
1206 1278 1298 1356 regis
1320 1276 1489 1357 Yspanie,
1514 1279 1551 1339 in
1575 1279 1685 1340 altum

352 1381 502 1455 fodiens,
541 1384 671 1445 librum
693 1386 875 1463 repertum
896 1385 1049 1464 perlegit
1071 1387 1109 1446 et
1129 1385 1295 1465 Xpistum
1318 1385 1443 1456 induit,
1485 1404 1591 1463 quem
1613 1404 1686 1446 non

352 1490 523 1551 valebant
544 1509 666 1552 omnes
691 1509 808 1562 voces,
834 1491 977 1581 codices
1000 1490 1269 1571 Xpistianorum
1292 1490 1437 1554 fidelem
1462 1490 1616 1553 efficere.

458 1595 634 1676 Relinquo
658 1600 789 1670 cetera,
814 1600 850 1659 et
872 1598 921 1658 ad
943 1598 1116 1660 minorem
1141 1598 1396 1660 declarandam
1412 1599 1556 1661 accedo.
1583 1597 1684 1683 Quis·
1745 1642 1753 1657 .

353 1720 461 1781 quam
484 1704 577 1765 enim
599 1702 788 1784 Xpistiana
810 1705 943 1766 veritas
968 1705 1013 1766 de
1038 1704 1126 1777 Deo,
1164 1706 1209 1767 de
1234 1706 1377 1784 angelis,
1401 1706 1446 1767 de
1471 1706 1684 1767 animalibus

352 1810 477 1883 brutis,
502 1811 549 1872 de
563 1811 639 1872 vita
661 1812 791 1882 futura,
817 1812 864 1872 de
885 1812 1156 1873 immortalitate
1173 1812 1299 1884 anime,
1325 1812 1370 1873 de
1391 1812 1556 1873 manibus
1579 1813 1685 1873 infer·

352 1916 502 1987 natibus,
539 1918 584 1979 de
607 1919 801 1998 suppliciis,
832 1919 878 1979 de
903 1916 1031 1997 Xpisto
1056 1920 1243 1980 incarnato
1267 1920 1303 1980 et
1325 1919 1492 1980 misteriis
1518 1920 1602 1989 eius,
1639 1919 1685 1979 de

352 2023 475 2085 ultimo
497 2024 639 2095 iudicio,
668 2028 704 2086 et
727 2026 856 2086 ceteris
879 2026 1045 2086 articulis
1069 2026 1166 2095 fidei,
1197 2044 1268 2104 que
1291 2027 1367 2086 sola
1391 2026 1609 2087 revelatione
1633 2026 1685 2087 di·

352 2130 433 2190 vina
458 2131 626 2192 dicuntur
655 2131 790 2203 haberi,
826 2132 925 2193 iubet
963 2132 1192 2205 credendum,
1227 2133 1373 2194 tradunt
1408 2136 1534 2212 aperte
1566 2132 1685 2194 littere

353 2238 542 2299 seculares.

463 2342 546 2405 Scio
569 2344 644 2416 hec,
669 2363 739 2424 que
762 2346 838 2406 dixi
860 2346 934 2418 tibi,
972 2346 1130 2407 virorum
1153 2346 1295 2425 optime,
1333 2346 1394 2424 qui
1417 2348 1545 2407 cuncta
1569 2345 1684 2425 legisti

353 2452 387 2511 et
421 2452 592 2513 memorie
626 2453 794 2513 universa
830 2453 1025 2524 mandasti,
1064 2452 1250 2515 notissima
1290 2453 1376 2514 fore.
1416 2450 1682 2525 Verumtamen,

351 2560 500 2636 propter
522 2559 637 2620 minus
662 2560 815 2621 scientes
840 2560 887 2620 ad
908 2578 999 2638 quos
1016 2560 1180 2621 fortassis
1196 2558 1262 2621 hec
1285 2559 1542 2621 Noctiluca
1567 2559 1682 2620 existi-

351 2666 470 2725 matur
492 2668 653 2737 ventura,
693 2667 723 2727 si
748 2685 819 2727 non
842 2667 986 2728 duxeris
1015 2664 1305 2737 comburendum,
1345 2666 1466 2745 aliqua
1498 2684 1616 2745 pauca
1639 2685 1683 2727 ex

350 2788 481 2832 acervo
505 2773 658 2833 maximo
681 2773 717 2833 in
739 2772 895 2834 medium
917 2775 984 2835 sub
1010 2774 1159 2853 proprio
1184 2773 1363 2834 interdum
1398 2773 1490 2834 sicut
1517 2776 1683 2834 occurret

350 2879 460 2939 menti
484 2879 702 2940 sinthasma²
724 2880 932 2959 producam.

457 2984 624 3047 Profecto
649 2988 725 3048 tota
748 2986 972 3066 philosophia
991 2986 1106 3048 Deum
1130 2987 1223 3057 colit,
1249 3005 1291 3047 ex
1314 2987 1413 3048 cuius
1437 2988 1681 3049 amantissimo
1718 2992 1748 3053 5.

350 3092 430 3153 sinu
453 3092 525 3153 tria
547 3104 677 3172 genera
700 3096 918 3173 potestatum
942 3113 1052 3173 super
1087 3093 1270 3155 celestium
1293 3094 1547 3173 gubernacioni
1570 3094 1681 3173 presi·

350 3198 480 3260 dencia
504 3218 622 3260 rerum
657 3201 756 3262 orbis
781 3202 957 3262 terrarum
981 3201 1181 3279 prosiliunt.
1229 3199 1387 3261 Primum
1420 3200 1531 3262 habet
1558 3200 1681 3273 Deum,

350 3323 456 3384 quem
488 3307 536 3367 ab
570 3307 719 3386 imperio
759 3307 1047 3369 anthonomatice
1079 3307 1183 3369 Plato
1220 3306 1439 3369 «Basileon»
1478 3308 1683 3379 nominavit,

350 3413 578 3492 omniumque
602 3416 742 3475 encium
765 3433 787 3475 a
812 3433 850 3477 se
874 3414 1040 3494 opificem
1064 3416 1188 3485 solum,
1222 3416 1430 3476 beatissima
1454 3433 1519 3476 sua
1543 3415 1683 3475 immor-

350 3520 490 3581 talitate
513 3520 698 3600 vigentem.
737 3520 941 3583 Secundum
964 3534 1074 3602 genus
1096 3524 1263 3583 versatur
1294 3522 1389 3583 circa
1412 3522 1683 3600 providenciam

350 3626 544 3704 quamdam
577 3628 841 3706 preclarissimo
878 3629 1089 3708 magistratu
1124 3626 1339 3698 defunctam,
1373 3646 1443 3707 que
1476 3628 1639 3690 consistit
1663 3618 1682 3710 ΙΙ
1771 3628 1886 3691 L19ro

350 3732 386 3792 in
407 3733 660 3795 collustrandis
683 3736 847 3797 omnibus
870 3736 1034 3815 partibus
1059 3736 1156 3797 orbis
1172 3753 1311 3814 proque
1328 3735 1582 3797 conservandis
1602 3736 1682 3807 illis,

350 3840 546 3901 secundum
590 3841 867 3921 uniuscuiusque
901 3842 1014 3922 partis
1050 3841 1259 3921 dignitatem
1298 3844 1334 3904 et
1371 3842 1530 3921 gradum,
1570 3842 1683 3903 fatum

349 3948 568 4025 potestatum
590 3947 749 4026 ipsarum
773 3950 872 4010 velut
902 3949 974 4009 vim
1013 3949 1195 4026 quandam
1228 3949 1448 4027 superiorem
1481 3950 1590 4027 atque
1621 3967 1682 4027 pe·

350 4052 557 4131 dissequam
591 4055 732 4115 illarum
754 4055 908 4117 decretis
932 4055 1086 4116 mirifice
1120 4056 1388 4116 ministrantem.
1429 4054 1616 4117 Postremo
1639 4074 1683 4116 ex

350 4170 479 4237 genere
506 4161 618 4222 tercio
648 4160 759 4241 fulget
780 4160 940 4223 Platonis
973 4181 1073 4223 mens
1106 4162 1167 4222 illa
1204 4162 1373 4231 sublimis,
1413 4162 1549 4223 cunctis
1572 4161 1682 4222 vitam

350 4265 544 4345 inspirans,
584 4268 683 4331 alens
721 4269 858 4339 omnia,
901 4270 1219 4347 universorumque
1268 4269 1500 4330 solertissima
1551 4270 1681 4329 custos.

350 4370 462 4443 Hanc,
488 4374 518 4434 si
540 4372 751 4435 Varroni
775 4376 962 4445 credimus,
1000 4374 1109 4436 nichil
1132 4375 1232 4436 aliud
1255 4393 1333 4437 esse
1355 4377 1532 4454 putamus,
1574 4393 1681 4453 quam

350 4476 464 4539 Deum
487 4480 603 4558 ipsum
636 4482 709 4543 iam
731 4486 965 4544 memoratum
976 4480 997 4543 ³.
1045 4481 1132 4543 Cum
1156 4492 1239 4560 ergo
1268 4482 1337 4542 ista
1366 4481 1545 4543 subtiliter
1574 4485 1682 4561 poeta

353 4690 564 4700 —-—

458 4852 479 4921 ¹)
498 4844 579 4909 C⁸est
597 4873 637 4910 en
655 4857 728 4910 vain
746 4871 807 4925 que
825 4874 902 4911 nous
917 4873 1014 4912 avons
1033 4859 1165 4912 cherche
1184 4874 1220 4912 ce
1238 4867 1377 4926 passage,
1396 4858 1415 4911 a
1431 4856 1554 4911 travers
1567 4858 1613 4911 les
1627 4858 1681 4910 XV

353 4943 445 4996 livres
463 4947 501 4998 de
524 4944 677 4999 Trinitate.

458 5030 579 5097 ¹)Pour
596 5036 767 5105 synthema,
795 5036 962 5104 singuliere
981 5038 1172 5103 expression,
1197 5036 1250 5103 qui
1278 5036 1398 5104 signifie
1424 5038 1625 5103 proprement
1651 5037 1681 5090 le

352 5121 465 5187 permis
490 5138 569 5189 pour
594 5124 682 5177 avoir
707 5125 762 5177 des
785 5126 925 5178 chevaux
944 5127 984 5178 de
1002 5126 1100 5191 poste.
1127 5125 1171 5178 Cf.
1191 5125 1220 5178 S.
1239 5126 1370 5187 Je'rome,
1387 5126 1486 5191 Epist.
1506 5125 1635 5187 cxvm,
1656 5127 1680 5177 1.

458 5207 526 5275 ³)S.
545 5212 624 5267 Aue.
656 5215 703 5267 De
724 5212 808 5266 Ctvtt.
827 5215 892 5267 Det.
910 5213 975 5276 VII,
993 5224 1034 5266 vt.
1065 5213 1101 5267 In
1122 5213 1372 5280 Oper.vn‚199.
