4300 6117
460 914 504 978 84
963 923 1123 977 LUCULA
1145 920 1284 976 NOCTIS

457 1150 591 1219 narrat,
615 1150 740 1226 aperte
758 1148 883 1227 arguit,
907 1147 1041 1208 acriter
1057 1147 1200 1226 colligit,
1224 1144 1365 1208 fortiter
1381 1147 1496 1219 ornat,
1520 1145 1660 1207 excelse
1676 1146 1797 1218 docet,

459 1255 616 1317 delectat
639 1258 675 1315 et
698 1251 832 1316 afficit»
845 1251 866 1315 ¹.
900 1253 982 1315 Non
1006 1253 1074 1315 erit
1095 1256 1227 1325 orator,
1252 1253 1314 1332 qui
1338 1254 1477 1314 tantum
1497 1252 1676 1314 studuerit
1691 1251 1791 1314 Aris·
1975 1230 1976 1309 l

458 1362 577 1422 totelis
601 1360 854 1439 Ciceronisque
878 1360 1076 1422 rethoricus
1100 1377 1255 1432 normas,
1280 1359 1346 1421 sed
1368 1359 1430 1438 qui
1454 1362 1663 1421 cunctarum
1681 1357 1796 1420 tacul-
1975 1350 1976 1365 ¹

458 1470 572 1530 tatum
595 1466 703 1529 tuerit
725 1467 873 1546 limpide
896 1467 1069 1529 doctrinis
1094 1467 1259 1529 imbutus.
1290 1465 1391 1543 Nam,
1416 1467 1509 1527 teste
1532 1464 1663 1547 Sydo
1677 1465 1796 1538 nio²,

458 1575 567 1636 moris
603 1577 658 1636 est
692 1573 942 1652 eloquentibus
966 1573 1053 1634 viris
1088 1573 1309 1652 ingeniorum
1331 1571 1541 1635 facultatem
1563 1573 1796 1652 negociorum

458 1683 614 1761 probare
637 1678 930 1752 difficultatibus;
956 1682 1001 1750 et,
1026 1679 1099 1741 illic
1123 1680 1244 1742 stilum
1267 1681 1405 1758 pariter
1433 1679 1537 1759 quasi
1560 1680 1719 1758 quodam
1742 1678 1795 1741 ie·
1845 1725 1851 1736 .

459 1788 566 1851 cundi
589 1788 746 1868 pectoris
769 1786 918 1849 fluvium
933 1805 1110 1857 emanare,
1135 1787 1198 1848 ubi
1220 1787 1371 1848 materie
1393 1787 1526 1848 sterilis
1544 1789 1796 1866 argumentum

457 1895 556 1957 velut
580 1895 683 1956 arida
699 1894 852 1974 Cespitis
876 1897 991 1956 mater
1013 1893 1119 1974 gleba
1142 1893 1286 1955 ieiunat.
1311 1892 1471 1956 Scaturit
1494 1894 1648 1955 mundus
1672 1894 1798 1956 simili·

458 2003 526 2064 bus
561 2001 740 2081 exemplis,
781 2001 910 2081 quibus
944 2000 1157 2063 habundare
1181 2000 1291 2061 debet
1323 2003 1456 2072 orator,
1496 2001 1583 2062 alibi
1618 2018 1726 2079 quam
1757 2001 1798 2062 in

460 2109 630 2188 exemplis
654 2108 841 2169 rethoricis
866 2106 1064 2186 acquisitis.

413 2211 445 2275 9.
566 2214 633 2276 Ast
655 2214 792 2276 iudices
816 2214 991 2275 debentes
1010 2215 1179 2275 dirimere
1204 2213 1333 2275 civium
1350 2231 1487 2286 causas,
1513 2216 1549 2274 et
1565 2214 1798 2275 concordiam

460 2325 620 2384 foventes
644 2323 726 2402 paci
749 2320 881 2394 favere,
903 2322 934 2382 si
958 2321 1054 2383 solas
1080 2320 1246 2382 noverint
1267 2321 1363 2400 leges
1387 2321 1577 2382 canonicas
1601 2323 1638 2382 et
1660 2321 1794 2394 civiles,

459 2433 534 2492 tam
570 2428 790 2490 universales
817 2446 925 2507 quam
947 2428 1197 2508 municipales,
1236 2428 1356 2489 multis
1391 2428 1584 2508 inopinatis
1608 2428 1799 2490 eventibus

461 2538 723 2616 obstupescent,
748 2554 819 2596 uon
832 2535 994 2596 valentes
1018 2535 1074 2597 ius
1093 2535 1246 2614 equitati
1262 2539 1435 2615 prestare.
1460 2534 1620 2614 Ideoque
1635 2535 1799 2615 prudens

461 2646 635 2716 senectus,
673 2646 709 2704 et
742 2643 975 2721 antiquorum
1000 2643 1153 2704 canicies
1177 2642 1392 2715 veneranda,
1432 2643 1592 2720 providit
1628 2641 1795 2704 fortuitos

462 2769 565 2814 casus
588 2768 659 2810 non
681 2750 818 2829 legibus
842 2747 984 2811 definiri
1007 2749 1072 2810 sed
1097 2750 1389 2829 ariopagitarum,
1421 2750 1517 2810 omni
1542 2750 1697 2810 sciencia
1719 2751 1796 2829 pol·

459 2857 623 2929 leucium,
652 2857 803 2918 arbitrio
827 2859 862 2918 et
885 2857 1075 2918 sentenciis
1101 2857 1297 2918 terminari.
1323 2846 1338 2938 {l
1376 2855 1575 2932 Salomonis
1600 2857 1791 2936 sapiencia,

460 2984 483 3027 a
505 2962 656 3026 Domino
680 2964 748 3024 sibi
772 2963 867 3036 data,
892 2967 1041 3025 auctore
1066 2962 1228 3035 Ieremia,
1258 2963 1340 3025 huic
1365 2963 1582 3026 conclusioni
1605 2964 1642 3024 in
1666 2966 1799 3025 testem

461 3070 610 3135 accedit.
650 3069 712 3132 Set
735 3070 783 3132 da
807 3070 1045 3132 consultorem
1082 3071 1249 3150 ignarum
1272 3073 1335 3132 aut
1369 3071 1520 3132 inscium
1543 3072 1798 3140 confessorem,

462 3181 497 3241 et
519 3179 551 3240 si
572 3177 698 3256 legerit
721 3177 909 3257 quinquies
931 3177 1098 3238 universa
1125 3176 1302 3238 canonica
1325 3177 1413 3249 iura,
1449 3195 1655 3256 quanquam
1677 3177 1794 3247 hodie,

460 3285 673 3365 prohdolor!
713 3283 762 3344 ad
783 3283 873 3345 hec²
900 3284 1137 3372 saluberrima
1165 3281 1287 3345 ofiicia
1310 3283 1526 3364 peragenda,
1551 3283 1601 3344 hii
1624 3302 1710 3363 sepe
1732 3303 1796 3364 po·

460 3395 592 3454 uantur
614 3393 650 3453 et
673 3409 829 3464 numero,
855 3391 916 3471 qui
940 3408 1005 3452 nec
1030 3391 1292 3452 conscienciam
1317 3390 1451 3452 habent
1474 3391 1521 3453 de
1536 3390 1703 3469 propriis,
1729 3409 1799 3454 nec

461 3500 579 3562 sciunt
601 3498 648 3560 de
671 3498 795 3560 alienis
826 3496 1059 3560 formare...
1102 3495 1174 3560 Sed
1197 3498 1288 3559 hanc
1313 3515 1459 3559 causam
1489 3516 1561 3559 non
1584 3498 1711 3577 accepi
1733 3498 1793 3560 hic

462 3606 757 3687 proloquendam.

397 3699 449 3765 1⁰·
571 3710 608 3774 Si
632 3712 732 3784 tales,
772 3715 812 3772 ut
836 3711 909 3773 dixi
931 3712 1040 3791 prius,
1083 3711 1209 3791 quales
1233 3729 1303 3772 non
1327 3711 1468 3785 dantur,
1507 3711 1625 3773 adhuc
1653 3715 1800 3791 oportet

464 3819 569 3899 plura
591 3819 726 3880 vidisse
748 3821 898 3899 propter
920 3818 1075 3890 hereses,
1111 3817 1371 3880 tasciuaciones
1406 3820 1443 3878 et
1476 3818 1687 3891 huiusmodi,
1725 3837 1798 3899 que

464 3925 603 3988 Varro
642 3926 872 3988 subtilissime
908 3923 1049 3997 tradit³,
1100 3927 1233 3987 tractat
1267 3923 1518 4004 Virgilius⁴,
1560 3923 1798 3988 Lucanus

468 4119 680 4128 ——-

570 4280 603 4341 a)
622 4305 655 4314 -
675 4277 715 4328 ad
731 4276 798 4329 hec.

572 4425 593 4493 ¹)
613 4428 798 4481 CAss10DOR.
817 4430 864 4481 De
882 4430 1001 4480 ortibus
1020 4443 1058 4480 oc
1075 4429 1245 4494 disctpltnts
1262 4428 1347 4481 tiber.
1362 4429 1432 4491 ort,
1450 4443 1516 4495 cap.
1529 4428 1565 4490 11,
1583 4429 1630 4481 De
1642 4431 1710 4482 arie
1728 4429 1800 4481 rho·

465 4520 571 4570 lorica.
596 4517 632 4569 In
653 4516 743 4583 Oper.
769 4517 903 4579 11,1157.

573 4603 593 4672 ²)
614 4606 644 4660 C
663 4606 693 4659 S.
711 4607 828 4658 APOLL.
850 4605 1007 4658 SIDONIUS,
1026 4605 1127 4672 Epist.
1148 4606 1196 4657 lib.
1209 4605 1258 4657 IV.
1277 4607 1376 4672 Epist.
1394 4605 1444 4669 XI,
1462 4608 1505 4657 od
1521 4607 1688 4659 Petreium:

866 4716 979 4759 :Doctus
993 4717 1090 4759 solvere
1104 4717 1185 4759 vincla
1200 4717 1366 4770 quaestionum

864 4787 895 4830 Et
909 4787 991 4830 verbis
1007 4788 1088 4842 girulo
1102 4798 1185 4829 secare
1198 4789 1284 4838 secta,

865 4859 891 4901 Sl
905 4869 967 4913 quae
980 4861 1124 4902 catholicam
1138 4858 1213 4900 tidem
1228 4859 1349 4900 lacessunt
1359 4872 1377 4900 ι.

465 4917 575 4986 Migne,
596 4915 698 4979 Lv111,
718 4916 780 4969 516.

574 5003 658 5071 ¹)Ci.
676 5004 778 5058 MARC.
796 5006 939 5058 VARRON.
963 5007 1010 5058 De
1025 5008 1113 5074 gente
1127 5005 1237 5072 populi
1252 5005 1401 5067 Romani,-
1423 5004 1461 5057 cl.
1483 5004 1513 5059 S.
1529 5003 1610 5058 Aue.
1640 5006 1687 5058 De
1709 5004 1797 5058 avit.

466 5096 709 5160 Det,XXI,V111.

574 5182 734 5248 ⁴)V1RGIL.
756 5184 862 5253 Georg.
882 5183 904 5234 1.
