4300 6117
472 999 536 1060 162
632 1003 637 1014 ¹
972 1008 1131 1062 LUCULA
1154 1007 1293 1061 NOCTIS

466 1231 596 1294 dabilis
630 1207 826 1312 reipublice
853 1233 950 1294 salus
978 1231 1141 1302 habetur,
1176 1250 1292 1310 neque
1324 1233 1418 1293 enim
1441 1233 1575 1311 optime
1599 1232 1802 1294 custoditur

466 1339 602 1410 civitas,
627 1339 695 1400 nisi
717 1339 949 1400 fundamento
972 1342 1008 1400 et
1030 1339 1172 1400 vinculo
1194 1339 1281 1401 fidei
1303 1339 1479 1418 firmeque
1500 1339 1701 1409 concordie,
1717 1357 1801 1400 cum

463 1447 596 1507 bonum
620 1464 806 1507 commune
829 1447 995 1526 diligitur,
1020 1447 1120 1525 quod
1142 1465 1317 1507 summum
1331 1450 1440 1525 atque
1454 1446 1678 1508 verissimum
1701 1445 1800 1507 Deus

465 1557 529 1615 est.
574 1551 604 1614 O
642 1557 814 1632 quantum
853 1554 958 1615 obest
992 1554 1190 1633 reipublice
1220 1554 1427 1632 eloquencie
1461 1553 1593 1615 decore
1626 1557 1798 1632 potestas,

464 1661 495 1722 si
530 1661 754 1722 consciencia
780 1659 927 1721 vacillat
961 1661 1150 1739 loquentis,
1184 1662 1214 1722 si
1248 1661 1352 1722 abest
1386 1659 1453 1721 Dei
1488 1661 1594 1721 timor
1628 1664 1663 1722 et
1686 1678 1798 1731 amor,

464 1769 495 1830 si
529 1768 675 1847 proprie
711 1767 822 1847 glorie
857 1767 1035 1846 cupiditas
1070 1771 1204 1848 regnat,
1243 1786 1312 1846 que
1351 1771 1391 1829 ut
1427 1767 1619 1846 plurimum
1657 1767 1800 1847 gignere

466 1875 651 1936 consuevit
674 1877 709 1935 et
739 1875 875 1936 nutrire
904 1875 1060 1954 genitum
1090 1873 1311 1936 sufficiencia
1340 1875 1520 1935 mundane
1551 1873 1694 1955 sophye.
1719 1873 1801 1935 Non

465 1983 558 2043 enim
581 2001 646 2043 nos
667 1983 828 2061 preterit,
853 1985 960 2061 prout
991 1983 1027 2043 in
1063 1980 1287 2043 Cronicis
1318 1983 1446 2043 recitat
1475 1979 1797 2050 Helinandus,

465 2089 564 2168 quod
585 2087 843 2150 Demosthenes
867 2108 946 2150 cum
970 2089 1246 2160 Aristodemum,
1270 2092 1430 2150 actorem
1453 2088 1664 2158 fabularum,
1690 2089 1798 2148 inter-

464 2199 624 2275 rogasset
647 2199 818 2274 quantum
841 2196 1018 2257 mercedis
1035 2197 1087 2256 uti
1105 2200 1227 2276 ageret
1242 2197 1451 2275 accepisset,
1465 2198 1523 2256 et⁸
1537 2194 1798 2274 respondisset:

463 2297 661 2364 Talentum.
672 2323 739 2354 -ε
759 2303 807 2363 At
830 2315 903 2383 ego,
930 2303 980 2364 ait
995 2301 1262 2373 Demosthenes,
1279 2304 1360 2382 plus
1376 2303 1501 2381 accepi
1517 2305 1556 2362 ut
1571 2305 1728 2362 tacerem
1747 2323 1761 2356 ›
1775 2299 1797 2362 ¹.

466 2409 570 2470 —Ita
586 2409 848 2471 causidicorum
863 2407 1215 2490 lingua'dampnifica
1228 2414 1290 2481 est,
1304 2411 1381 2481 nisi,
1398 2413 1439 2471 ut
1450 2409 1522 2470 dici
1535 2410 1635 2480 solet,
1653 2407 1798 2469 funibus

463 2517 641 2596 argenteis
657 2517 803 2578 vincias.
828 2517 937 2596 Apud
953 2517 1149 2578 advocatos
1166 2518 1272 2598 igitur
1288 2521 1324 2578 et
1338 2519 1455 2597 ipsum
1471 2517 1656 2577 silencium
1670 2515 1799 2576 venale

464 2626 518 2683 est
542 2626 578 2684 et
601 2623 780 2702 eloquium
804 2625 977 2685 nocivum.
1003 2657 1045 2664 —
1067 2624 1166 2695 Item,
1192 2642 1271 2684 cum
1296 2625 1391 2685 idem
1415 2642 1437 2683 a
1453 2626 1580 2684 senatu
1604 2622 1798 2684 Athenien·

463 2732 554 2792 sium
576 2731 614 2791 in
636 2731 875 2810 patrocinium
897 2735 1083 2810 peteretur
1106 2734 1233 2792 contra
1256 2731 1468 2811 Philippum,
1495 2743 1615 2810 regem
1629 2728 1799 2790 Macedo·

464 2858 557 2908 num,
582 2838 748 2899 simulata
770 2837 987 2910 infirmitate,
1023 2842 1063 2900 ut
1087 2839 1195 2908 aiunt,
1220 2839 1313 2900 lecto
1349 2839 1520 2899 decubuit
1544 2841 1579 2898 et
1609 2837 1799 2916 respondit

462 2946 539 3016 hiis,
564 2945 625 3023 qui
649 2945 759 3006 adse
784 2949 1033 3018 convenerant,
1060 2964 1099 3006 se
1123 2947 1201 3024 pati
1224 2948 1387 3007 morbum
1412 2944 1666 3006 sinanchis:
1696 2944 1797 3004 cuia

464 3053 620 3131 quodam
644 3070 687 3112 ex
711 3053 847 3114 nunciis
882 3053 1153 3114 mordacissime
1189 3071 1399 3132 responsum
1435 3055 1515 3113 est:
1550 3049 1690 3112 «Certe
1725 3068 1797 3110 non
1857 3043 1863 3052 ⁴

462 3158 723 3220 sinanchem
750 3152 1004 3237 pateris,bsed
1026 3159 1341 3239 argiranchem
1361 3182 1388 3228 i,
1413 3158 1452 3219 id
1475 3161 1538 3229 est,
1563 3177 1635 3219 non
1660 3157 1795 3237 pateris

465 3267 653 3346 spirituum
678 3266 921 3338 reclusionem,
947 3285 1018 3345 quo
1040 3266 1140 3345 loqui
1163 3285 1234 3327 non
1266 3267 1398 3335 valeas,
1434 3266 1501 3326 sed
1523 3268 1710 3345 argentum
1738 3282 1796 3324 ac-

465 3373 601 3452 cepisti,
628 3377 667 3435 ut
689 3374 796 3435 sileas
815 3373 836 3434 2.

399 3471 451 3534 11·
571 3480 625 3542 Ea
647 3484 804 3560 propter,
830 3482 952 3560 spacio
977 3481 1136 3560 longiori,
1154 3484 1296 3542 cautum
1314 3481 1429 3541 extitit
1439 3481 1516 3559 lege
1538 3497 1583 3539 ne
1599 3478 1679 3556 quis
1691 3490 1796 3557 greco

465 3607 637 3658 sermone,
662 3589 747 3666 quia
771 3589 978 3667 eloquencia
1002 3588 1190 3649 redolebat
1212 3589 1323 3657 suavi,
1347 3588 1568 3649 inconcione
1589 3586 1797 3663 loqueretur

464 3714 622 3756 romana.
652 3693 873 3779 Quinymmo,
899 3696 1051 3774 repertis
1076 3698 1213 3773 septem
1236 3695 1336 3755 libris
1361 3694 1479 3755 latinis
1503 3693 1549 3754 de
1572 3693 1649 3753 iure
1679 3691 1796 3771 ponti-

464 3803 572 3863 ficum
597 3805 631 3862 et
665 3803 813 3863 totidem
848 3803 962 3882 grecis
999 3803 1103 3862 simul
1135 3802 1180 3862 de
1215 3801 1404 3881 disciplina
1438 3800 1627 3879 sapiencie,
1652 3801 1796 3877 patrum

465 3909 776 3981 determinacione,
791 3923 919 3989 magna
936 3928 1022 3970 cura
1034 3909 1155 3970 latinis
1168 3909 1397 3979 conservatis,
1414 3920 1538 3988 grecos
1554 3893 1792 3986 victimariosff

463 4123 675 4130 ——qn

568 4301 600 4360 a)
620 4314 653 4342 =
673 4312 750 4350 cum.
788 4299 819 4360 b)
841 4323 870 4334 -·
890 4295 1016 4363 pateris.

462 4489 522 4541 que
541 4475 623 4526 enim
642 4475 784 4527 conditur
802 4477 833 4528 et
850 4475 1022 4528 custoditur
1040 4474 1157 4540 optime
1177 4473 1294 4534 civitas,
1317 4472 1378 4523 nisi
1402 4471 1603 4523 fundamento
1622 4471 1653 4522 et
1671 4469 1794 4521 vinculo

460 4563 541 4626 fidei,
560 4563 732 4631 firmaeque
750 4565 940 4626 concordiae,
965 4579 1035 4616 cum
1053 4565 1169 4615 bonum
1188 4575 1349 4614 commune
1367 4561 1510 4627 diligitur,
1535 4560 1619 4626 quod
1643 4571 1815 4654 summum·

462 4667 498 4704 ac
516 4653 712 4706 verissimum
731 4654 815 4706 Deus
831 4655 879 4706 est
881 4689 964 4704 .....
980 4672 992 4696 »

570 4741 588 4807 ¹)
609 4743 668 4795 Sur
686 4743 848 4804 He'linand,
868 4742 905 4794 cf.
924 4741 1026 4794 notice
1044 4756 1074 4807 p.
1094 4740 1130 4792 78
1151 4756 1180 4792 n.
1205 4740 1230 4790 2.
1268 4739 1355 4791 Cette
1373 4738 1524 4790 anecdote
1543 4739 1591 4790 est
1613 4736 1795 4803 empruntte

459 4834 524 4885 mot
541 4847 621 4899 pour
639 4834 703 4884 mot
722 4832 740 4884 a
759 4831 848 4884 Anlu.
879 4859 905 4866 ·-
934 4831 1022 4882 Gelle
1041 4830 1093 4897 qui
1112 4830 1142 4882 la
1161 4829 1288 4882 raconte
1306 4828 1385 4879 dans
1404 4828 1450 4879 les
1467 4827 1556 4878 Noct.
1574 4827 1666 4878 Atttc.
1685 4825 1735 4886 XI,
1753 4833 1794 4875 lx.

568 4918 588 4986 Ἰ)
608 4921 653 4974 cf.
675 4922 757 4974 aussi
774 4923 809 4972 A.
830 4921 924 4972 GELL.
960 4920 1048 4972 Noct.
1075 4920 1167 4971 Attio.
1193 4917 1243 4978 xl,
1266 4927 1308 4968 1x.
1347 4934 1359 4958 ‹
1375 4955 1381 4968 .
1399 4916 1706 4968 ...Demosthenem
1723 4915 1794 4966 lana

458 5012 555 5064 multa
575 5013 687 5063 collum
706 5011 843 5063 cervices
862 5025 922 5076 que
941 5009 1196 5061 circumvolutum
1221 5007 1261 5059 ad
1286 5006 1434 5071 populum
1452 5005 1597 5071 prodisse
1618 4998 1794 5070 [narratur],

459 5102 489 5153 et
508 5101 622 5152 dixisse
638 5079 676 5152 ’se
694 5101 876 5165 synancbem
903 5099 983 5164 pati,
1012 5113 1049 5150 eo
1079 5098 1187 5149 contra
1205 5095 1344 5147 Milesios
1370 5095 1455 5161 loqui
1473 5108 1537 5145 non
1563 5093 1666 5159 quire:
1694 5095 1793 5144 tnme

459 5190 573 5256 populo
592 5204 686 5241 unum
705 5189 905 5248 exclamasse,
923 5202 986 5239 non
1004 5189 1187 5252 synanchen,
1204 5184 1287 5250 quod
1307 5183 1533 5236 Demosthenes
1552 5183 1721 5247 pateretur,
1739 5180 1794 5234 sed

460 5279 667 5347 argyranchen
686 5291 789 5330 esse».
826 5272 975 5339 Συνάγχην,
994 5276 1146 5343 anginam,
1165 5269 1333 5337 ἀργυράγχην
1351 5272 1471 5340 argenti
1491 5272 1662 5339 anginam».
