4300 6117
890 826 1078 880 IOHANNIS
1101 826 1282 880 DOMlNICI
1569 847 1584 883 e
1681 814 1746 878 437

405 1053 539 1131 sponte
575 1048 736 1130 lupanar,
771 1051 916 1112 lenones
951 1050 1089 1122 limene,
1126 1050 1229 1129 longe
1260 1050 1503 1129 lupanandam
1526 1049 1749 1129 sequentes?

411 1156 506 1242 Quid
531 1158 563 1219 si
598 1158 772 1238 cuispiam
796 1157 928 1227 dixero,
954 1155 1117 1218 Chironis
1139 1158 1283 1218 antrum
1308 1157 1476 1218 intranti:
1500 1155 1617 1218 Iniere
1639 1156 1749 1218 mani-

407 1265 477 1326 bus
506 1265 611 1326 trade
647 1267 682 1326 te
723 1265 808 1337 suis,
833 1264 959 1326 dentes
995 1265 1238 1343 contemplare
1267 1264 1426 1344 gigantis,
1451 1265 1499 1337 ut,
1524 1282 1567 1326 eo
1598 1265 1748 1356 cognito¹

410 1391 481 1434 non
502 1374 539 1433 te
564 1372 750 1452 contingat
770 1372 807 1432 in
830 1372 947 1451 ipsum
970 1370 1103 1442 venire,
1128 1373 1295 1449 totosque
1317 1371 1423 1432 visita
1445 1374 1575 1444 tracos,
1599 1373 1640 1432 ut
1659 1371 1748 1434 alias

410 1481 551 1540 tracum
576 1479 698 1540 valeas
722 1477 856 1540 ferinas
886 1481 1008 1558 ingere
1039 1477 1189 1558 pestes?
1222 1477 1348 1539 Nonne
1381 1478 1412 1540 si
1444 1479 1593 1541 cesserit
1625 1497 1748 1540 consu·

409 1586 495 1647 lenti
523 1588 668 1647 antrum
697 1584 870 1656 Chironis,
902 1588 938 1646 et
971 1585 1148 1646 trachiam
1177 1604 1248 1646 non
1278 1585 1435 1647 exiturus
1468 1586 1626 1658 intrabit,
1650 1605 1721 1647 non
1735 1591 1750 1620 ²

412 1692 505 1754 traci
513 1711 556 1754 or
578 1695 680 1754 traco
704 1691 871 1754 Chironte
894 1693 1083 1754 immanior
1105 1693 1255 1754 vitulum
1277 1693 1515 1754 victimarium
1540 1694 1610 1754 ieci
1640 1693 1748 1754 tenel-

409 1799 492 1872 lum,
521 1800 583 1879 qui
604 1799 827 1862 occidendus
851 1818 923 1862 non
944 1802 1031 1871 erat,
1057 1800 1142 1879 quia
1165 1799 1297 1861 dicitur
1319 1800 1452 1861 bonum
1475 1793 1555 1861 estb
1587 1800 1750 1862 semitam

413 1905 711 1985 philosophorum
734 1908 880 1979 intrare,
904 1925 950 1968 ne
973 1905 1066 1968 forte
1090 1925 1134 1968 ex
1156 1905 1384 1986 simplicitate
1415 1907 1595 1987 contingat
1622 1907 1750 1969 adver·
1784 1887 1788 1896 ⁸

407 2032 470 2074 sus
494 2011 608 2075 iidem
633 2032 767 2075 errare.
791 2013 928 2076 Verum
951 2017 1006 2076 est
1028 2014 1135 2093 igitur
1158 2017 1193 2075 et
1217 2016 1379 2075 sanctum
1397 2014 1583 2076 consilium
1599 2014 1748 2076 rudibus

407 2120 668 2182 demonstrare
689 2121 751 2182 ubi
786 2121 875 2183 latet
903 2119 1018 2192 fovea,
1044 2121 1105 2183 ubi
1137 2122 1285 2199 paratus
1321 2123 1376 2182 est
1398 2121 1558 2199 laqueuS,
1583 2121 1645 2184 ubi
1667 2123 1751 2182 sunt

405 2228 581 2288 crudeles
618 2228 783 2307 gigantes
813 2228 989 2297 absconsi.
1015 2245 1060 2288 ne
1095 2228 1223 2289 saltem
1254 2228 1397 2289 accidat
1428 2246 1514 2290 casu
1550 2229 1648 2289 iuxta
1671 2229 1750 2290 illos

405 2334 623 2413 simpliciter
645 2335 832 2396 deviantes
855 2335 1057 2396 immaniter
1081 2334 1265 2400 trucidari,

527 2438 606 2502 Hac
632 2460 742 2503 causa
766 2441 909 2520 quippe,
934 2444 974 2502 ut
996 2459 1089 2511 reor,
1114 2441 1150 2500 in
1184 2441 1297 2502 sacris
1331 2438 1476 2503 Litteris
1510 2441 1555 2503 de
1587 2441 1675 2520 ipsis
1709 2430 1815 2532 fst3‘.

409 2548 550 2609 mencio
572 2549 771 2627 presertim
795 2549 831 2608 in
855 2547 1139 2628 Sapiencialibus
1162 2549 1273 2616 libris,
1297 2551 1335 2608 ut
1358 2549 1461 2627 longe
1476 2549 1612 2629 fugiant
1628 2567 1750 2610 omnes

409 2655 523 2715 eciam
555 2674 577 2716 a
600 2655 779 2717 liminibus
803 2656 985 2735 gentilium
1019 2655 1230 2726 litterarum,
1254 2655 1370 2717 territi
1409 2656 1485 2717 sola
1514 2674 1604 2717 voce
1636 2657 1750 2718 cuius·

405 2778 564 2839 cumque
589 2762 676 2823 inde
700 2763 866 2824 tonantis.
893 2761 1001 2824 «Leo
1024 2762 1149 2842 rugiet,
1174 2762 1289 2840 inquit
1311 2759 1464 2841 Spiritus
1489 2760 1652 2836 Sanctus,
1669 2764 1749 2842 quis

408 2874 480 2928 non
504 2869 678 2931 timebit?
697 2867 739 2930 ³¹.
776 2868 872 2931 Data
906 2872 961 2930 est
992 2870 1097 2931 unius
1132 2869 1214 2931 diei·
1236 2869 1345 2930 solius
1377 2870 1574 2932 abeodem
1597 2869 1751 2933 mirifica

407 2976 608 3052 sapiencia,
632 2979 671 3038 nt
695 2977 757 3056 qui
779 2977 1057 3055 contemplative
1079 2976 1152 3038 vite
1175 2977 1299 3038 volunt
1320 2995 1359 3038 se
1383 2976 1480 3049 dare,
1506 2979 1673 3040 antscire
1689 2979 1750 3041 de·

407 3082 574 3144 siderant
600 3083 688 3162 qnid
711 3085 759 3145 sit
784 3085 986 3155 tenendum,
1018 3083 1151 3162 quidve
1181 3081 1396 3163 fugiendum,
1425 3085 1542 3146 securi
1569 3086 1751 3164 reperiant

407 3206 555 3267 semper
591 3188 824 3270 proficiendo,
862 3193 898 3252 et
933 3209 1116 3269 nunquam
1149 3190 1224 3251 eius
1255 3191 1529 3270 intelligenciam
1564 3193 1677 3254 eciam
1700 3195 1748 3256 ad

406 3296 570 3357 medium
593 3298 882 3360 consummando.

524 3401 631 3465 Patet
651 3403 719 3466 hoc
744 3404 850 3476 clare,
875 3423 960 3465 nam
982 3405 1094 3484 magis
1117 3381 1199 3466 sunt
1221 3423 1288 3484 per
1310 3405 1564 3484 decepcionem
1595 3407 1746 3469 miracu·
1760 3410 1791 3473 4.

407 3506 544 3582 lorum,
579 3512 832 3591 auguriorum,
868 3512 1116 3585 oraculorum,
1151 3529 1452 3591 sompnorumque
1486 3512 1748 3592 philosophiam

411 3617 570 3678 scientes
608 3637 631 3679 a
669 3619 854 3696 spiritibus
889 3618 991 3680 malis
1031 3619 1160 3680 irretiti
1198 3619 1298 3680 rethe
1335 3617 1497 3691 Volcani,
1527 3639 1635 3700 quam
1671 3625 1747 3686 veri

418 3723 608 3803 Xpistiani.
632 3723 771 3797 Ymmo,
796 3727 922 3805 siqua
955 3726 1095 3787 falsitas
1119 3729 1174 3787 est
1202 3726 1239 3787 in
1271 3726 1455 3789 codicibus
1477 3725 1747 3806 Xpistianorum

406 3831 616 3911 conscripta
644 3823 676 3915 ll,
701 3833 747 3894 de
769 3831 953 3894 mortifero
977 3835 1075 3894 fonte
1107 3833 1288 3912 gentilium
1311 3834 1481 3913 originem
1505 3834 1622 3896 traxit.
1669 3834 1748 3897 Non

417 3939 567 4000 haberet
591 3938 754 4002 Ecclesia
778 3939 971 4019 quamdam
996 3958 1216 4001 communem
1232 3939 1428 4021 hystoriam
1444 3941 1558 4003 sancti
1579 3939 1747 4022 Georgii

410 4047 579 4119 martiris,
604 4047 672 4108 nisi
696 4046 843 4108 Persei
866 4047 1026 4109 fabulam
1040 4045 1203 4108 finxisset
1219 4047 1351 4126 poetae
1375 4046 1462 4110 Inde
1485 4066 1628 4127 quoque
1643 4067 1747 4128 apos·

515 4375 549 4434 u)
569 4399 602 4408 -
627 4387 700 4426 non.
739 4373 771 4435 b)
792 4397 823 4408 -
844 4375 901 4424 est.

520 4544 542 4610 ¹)
562 4548 666 4611 Amos,
685 4549 734 4613 III,
753 4550 779 4602 8.

520 4635 529 4661 ·'
575 4637 600 4689 11
624 4653 703 4690 nous
728 4639 830 4705 paruit
854 4637 917 4691 iort
940 4639 1127 4692 inte'ressant
1151 4640 1191 4693 de
1215 4639 1349 4708 signaler
1368 4653 1442 4693 sous
1459 4641 1489 4691 la
1508 4639 1612 4706 plume
1630 4639 1670 4691 de
1687 4639 1748 4692 Do·

417 4727 524 4779 minici
549 4742 584 4779 ce
611 4727 870 4794 rapprocbement
894 4729 934 4780 de
959 4729 1047 4781 Saint
1076 4728 1213 4797 Georges
1241 4730 1272 4782 et
1300 4730 1340 4781 de
1367 4729 1482 4782 Perse'e
1506 4729 1583 4781 dont
1607 4727 1706 4781 Ovide
1729 4742 1748 4780 a

419 4816 530 4869 chante
548 4816 595 4869 les
614 4817 754 4883 exploits,
773 4818 899 4869 Metam.
917 4818 966 4880 IV,
984 4818 1038 4871 ⁶10
1056 4819 1088 4870 et
1106 4832 1168 4884 sq.;
1188 4817 1232 4870 ef.
1250 4818 1320 4870 E-S.
1338 4819 1523 4882 HARTLAND,
1549 4815 1608 4870 'Hie
1626 4819 1750 4894 Legend

419 4905 455 4970 os
470 4907 612 4967 Perseus,
630 4908 650 4957 t.
662 4906 714 4970 111,
733 4907 871 4970 London,
892 4906 975 4970 189&
995 4906 1324 4969 clermont-Ganneau,
1342 4909 1448 4959 Horas
1465 4910 1495 4960 et
1511 4909 1594 4958 suini
1607 4905 1742 4974 Georges
1766 4891 1768 4898 ¹

405 4997 487 5048 dans
505 4996 611 5053 Revue
629 4993 867 5064 archeologtque,
884 4995 919 5047 N.
931 4996 969 5059 8.,
982 4998 1003 5048 t.
1021 4996 1143 5060 xxxn,
1163 4997 1240 5059 1876,
1259 4996 1428 5064 p.196-204,
1446 4995 1579 5059 372-399;
1597 4995 1633 5047 H.
1652 4992 1745 5048 Dele-

409 5085 502 5153 haye,
520 5087 581 5138 Les
598 5082 753 5154 Le'gendes
770 5087 1063 5153 Haglographtques,
1081 5085 1253 5149 Bruxelles,
1273 5085 1350 5150 1906,
1369 5101 1398 5154 p.
1417 5085 1479 5138 215.
