4300 6117
823 940 1010 993 IOHANNIS
1032 940 1213 994 DOMINICI
1627 931 1689 995 185

350 1180 425 1242 que
442 1163 635 1224 humanam
649 1166 815 1225 naturam
831 1164 1017 1236 excedunt,
1043 1182 1152 1243 quam
1168 1164 1256 1226 dicit
1270 1164 1464 1244 Apostolus
1481 1164 1527 1227 de
1541 1184 1612 1227 non
1628 1184 1690 1245 ap·

349 1270 564 1350 parentibus
583 1267 735 1331 esse¹.—
754 1268 957 1332 Secundum
973 1271 1107 1332 malum
1124 1274 1215 1341 est⁸,
1240 1272 1341 1350 quia
1366 1272 1594 1351 opponitur
1615 1272 1689 1333 uti·

351 1376 472 1438 litati
494 1376 609 1449 fidei,
634 1395 717 1438 nam
740 1396 820 1439 cum
844 1379 941 1439 nulla
964 1378 1062 1440 racio
1089 1378 1137 1440 ad
1160 1378 1272 1458 ipsius
1295 1377 1578 1459 profunditatem
1609 1398 1689 1458 per·

352 1483 477 1564 tingat,
502 1484 617 1545 omnis
640 1503 840 1563 processus,
866 1486 927 1564 qui
946 1485 1092 1547 videtur
1115 1486 1223 1558 racio,
1249 1485 1508 1565 nuncupandus
1533 1488 1588 1547 est
1609 1504 1689 1565 per·

352 1592 473 1652 suasio
504 1610 604 1671 pura,
642 1609 750 1670 quam
780 1592 810 1653 si
841 1592 1016 1654 obieceris
1046 1592 1246 1673 dyalectico
1270 1594 1310 1654 ut
1337 1594 1471 1663 credat,
1509 1593 1690 1655 deridebit

351 1700 466 1759 totam
489 1696 577 1760 fidei
599 1699 799 1771 veritatem,
825 1699 1031 1761 existimans
1055 1700 1236 1778 simplices
1261 1718 1344 1761 suos
1367 1700 1537 1762 articulos
1560 1698 1688 1761 firmis·

351 1805 441 1867 sime
459 1806 623 1868 confiteri
638 1806 931 1885 persuasionibus
948 1806 1122 1868 similibus
1138 1807 1320 1886 deceptos.
1339 1805 1458 1891 Quare
1474 1807 1551 1868 sola
1567 1807 1689 1869 divina

349 1912 546 1974 autoritate
561 1915 615 1974 est
630 1912 722 1976 fides
740 1913 917 1975 catholica
932 1914 1212 1975 roboranda.—‹<
1226 1913 1348 1985 Aufer,
1366 1914 1481 1993 inquit
1504 1913 1688 1975 Ambro-

350 2020 463 2091 sius,
488 2023 744 2100 argumentum,
768 2021 830 2083 ubi
853 2020 945 2082 fides
969 2021 1156 2099 queritur?
1181 2019 1222 2081 In
1244 2020 1332 2099 ipsis
1348 2021 1492 2101 gniasiis
1509 2021 1591 2093 suis,
1617 2021 1688 2082 iam

350 2127 554 2208 dyalectica
578 2130 715 2201 taceat;
739 2129 979 2208 piscatoribus
1004 2128 1172 2199 creditur,
1200 2147 1270 2190 non
1293 2128 1502 2208 dyalech'cis
1518 2150 1532 2183 »
1547 2128 1688 2190 ².-Ait

348 2252 506 2313 namque
530 2235 704 2296 maximus
726 2233 1021 2316 Dyonisius,
1046 2235 1140 2297 libro
1164 2232 1227 2297 De
1249 2233 1452 2296 Divinis
1476 2234 1687 2297 Nomini-

352 2342 462 2403 bus:
501 2340 568 2402 ‹Si
592 2344 647 2403 est
671 2342 800 2421 aliquis
825 2342 887 2421 qui
910 2342 1070 2403 totaliter
1094 2342 1244 2421 eloquiis
1269 2343 1422 2414 resistat,
1448 2343 1551 2423 longe
1575 2344 1642 2405 erit
1666 2362 1687 2403 a

351 2452 475 2509 nostra
498 2448 741 2529 philosophia;
766 2450 796 2511 si
820 2452 941 2511 autem
957 2439 972 2531 {l
990 2448 1038 2510 ad
1052 2450 1242 2511 veritatem
1263 2450 1485 2528 eloquiorum
1502 2468 1687 2512 sacrorum
1775 2452 1894 2514 1341r0

351 2556 509 2635 respicit,
534 2554 602 2617 hoc
627 2558 662 2618 et
685 2575 749 2619 nos
774 2575 910 2619 canone
934 2557 1092 2618 utimur»
1105 2554 1126 2617 ³.

457 2657 625 2725 Tercium
655 2663 788 2724 malum
816 2664 1000 2725 inductum
1031 2666 1087 2724 est
1115 2664 1298 2743 prolata
1334 2664 1518 2726 falsitas
1554 2664 1732 2737 circa,3.

350 2787 491 2850 ymmo
524 2773 683 2832 contra
717 2771 980 2851 religionem
1011 2771 1303 2833 verissimam.
1340 2769 1562 2833 Erraverunt
1594 2772 1686 2833 enim

350 2876 449 2938 circa
482 2877 643 2939 divinam
672 2878 878 2950 essenciam,
909 2878 1001 2940 sicut
1035 2880 1256 2957 pertractum
1286 2881 1349 2940 est.
1388 2878 1497 2957 Apud
1527 2878 1685 2940 Athenas

350 2984 541 3063 siquidem,
567 2982 745 3047 Homerus
769 2985 859 3047 dixit
874 2985 969 3046 inter
983 3003 1022 3047 se
1039 2984 1127 3046 deos
1145 2986 1337 3065 confligere
1352 2986 1472 3059 bellis;
1499 2983 1636 3047 Seneca
1651 2989 1687 3049 et

349 3089 485 3152 Plinius
509 3092 632 3171 aliqua
654 3111 761 3172 posse
777 3092 946 3164 homines,
972 3110 1042 3171 que
1058 3110 1130 3153 non
1145 3092 1290 3153 valeant
1306 3092 1356 3154 dii
1366 3090 1387 3163 ⁴,
1413 3092 1496 3154 licet
1511 3092 1569 3155 hic
1585 3111 1687 3154 error

350 3199 396 3260 sit
420 3199 531 3278 magis
556 3199 714 3261 verbalis
737 3217 845 3278 quam
869 3198 1086 3271 essencialis,
1118 3199 1184 3260 sed
1213 3217 1256 3259 ex
1286 3200 1486 3261 intencione
1509 3201 1627 3278 posita
1652 3203 1688 3261 et

349 3305 632 3386 sophismatibus
657 3304 757 3378 fulta,
781 3306 819 3367 in
841 3306 903 3367 illa
927 3307 1085 3367 ferarum
1110 3305 1201 3367 silva
1227 3306 1397 3367 necancia
1412 3307 1590 3369 virulenta
1605 3326 1687 3387 por·

352 3415 460 3474 tenta.
498 3411 577 3474 Hec
606 3413 701 3474 inter
732 3414 844 3474 multa
875 3413 1014 3474 latrant
1038 3416 1072 3474 et
1096 3412 1311 3485 discurrunt,
1343 3414 1480 3475 animas
1505 3415 1686 3476 erroribus

350 3519 590 3599 illaqueando.
604 3518 718 3581 Deum
735 3537 890 3599 namque
904 3520 1054 3599 quidam
1069 3538 1194 3582 eorum
1209 3520 1302 3601 ylem
1320 3538 1407 3591 esse,
1423 3520 1485 3582 alii
1500 3521 1685 3594 elementa,

349 3626 469 3688 sidera
505 3627 665 3689 nonnulli
699 3626 936 3688 affirmarunt.
976 3625 1241 3688 Intencionibns
1278 3627 1493 3706 quibusdam
1527 3628 1685 3689 vicissim

350 3733 635 3806 succedentibus,
659 3732 774 3795 Deum
797 3734 965 3796 mobilem
986 3734 1221 3813 predicarunt
1243 3731 1406 3812 plures⁵;
1433 3734 1580 3813 quidam
1605 3753 1685 3796 eum

349 3841 539 3903 cuiuslibet
561 3841 614 3902 rei
636 3839 788 3902 formam
798 3839 819 3911 ⁶,
856 3844 891 3903 et
916 3840 1027 3903 ceteri
1051 3843 1189 3902 tantum
1212 3840 1278 3901 celi
1303 3858 1382 3902 esse
1398 3841 1585 3903 formalem
1601 3843 1682 3904 sub-

347 3948 552 4009 sistentiam
575 3948 826 4028 dogmatizant,
862 3966 952 4027 quos
987 3950 1107 4009 tamen
1129 3956 1194 4007 ΧΙο
1216 3946 1547 4027 Metaphisice
1578 3949 1686 4010 belua

350 4187 561 4199 ..—

452 4409 485 4470 u)
507 4432 536 4443 -
557 4408 613 4459 est.

454 4580 476 4647 ¹)
494 4582 524 4636 S.
544 4583 663 4645 Pam..
682 4583 911 4647 adHebr.,X1,
931 4585 955 4636 1.

456 4668 477 4737 ²)
496 4672 526 4724 S.
547 4672 688 4725 Alienos.
708 4674 754 4726 De
767 4669 836 4737 side
857 4672 1012 4725 Catholiou
1031 4673 1053 4736 1,
1071 4682 1140 4725 xm:
1163 4669 1272 4725 «Tolle
1285 4675 1529 4741 argumenla...».
1549 4674 1584 4726 In
1601 4673 1684 4740 Ορω-

454 4757 475 4826 ³)
494 4760 539 4814 Cf.
560 4758 606 4814 De
624 4764 692 4814 Dtv.
711 4762 801 4814 Nom.
820 4777 886 4829 cap.
904 4772 923 4825 1,
943 4763 976 4814 in
993 4761 1055 4825 fin,
1074 4764 1118 4814 ad
1133 4776 1213 4814 sens.

453 4848 476 4913 ⁴)
495 4849 539 4904 Cf.
556 4849 667 4903 Sarac.
686 4853 733 4904 De
751 4854 808 4914 tra,
826 4852 862 4915 11,
881 4862 980 4904 xxvn.

453 4936 474 5003 ⁵)
493 4939 554 4993 Sur
572 4954 625 4993 ces
644 4940 788 5007 opinions
807 4941 864 4992 des
877 4941 1030 5007 premiere
1048 4941 1249 5007 philosophas
1262 4941 1469 5004 naturalistes,
1488 4940 1525 4994 cf.
1538 4938 1681 4995 Milon.

353 5026 461 5081 contra
483 5028 568 5082 Geni.
590 5030 611 5094 1,
630 5039 685 5082 xx.

453 5114 475 5182 ⁰)
494 5118 580 5171 Dans
606 5119 778 5187 l'antiqnife
806 5120 1007 5187 Xenophane,
1031 5119 1224 5182 Parmenide,
1250 5118 1320 5184 etc,
1354 5120 1385 5172 et
1418 5134 1458 5172 au
1483 5119 1598 5189 Moyen
1617 5120 1683 5188 Age

352 5202 490 5270 hmalric,
510 5208 612 5261 David
637 5207 677 5261 de
696 5208 829 5261 Dinand.
849 5209 893 5262 cf.
915 5208 1027 5261 Confra
1048 5208 1133 5262 Geni.
1153 5209 1174 5273 1,
1194 5218 1280 5261 xxvt.
