4300 6117
448 944 491 1007 68
950 956 1109 1009 LUCULA
1131 954 1271 1009 NOCTIS

447 1176 552 1236 nibus
578 1180 820 1256 comprobata,
845 1181 881 1239 et
904 1198 926 1239 a
949 1177 1117 1241 Patribus
1141 1197 1255 1258 usque
1278 1179 1315 1239 in
1337 1177 1548 1240 hodiernum
1572 1179 1666 1240 diem
1686 1197 1781 1240 com·

447 1283 603 1344 muniter
617 1286 798 1345 venerata.
823 1283 896 1346 Nec
918 1287 1011 1347 enim
1037 1286 1192 1347 sciencia
1216 1284 1328 1347 tradit
1351 1286 1529 1366 principia
1551 1286 1628 1347 siue
1650 1287 1782 1365 quibus

448 1389 573 1449 ultima
597 1391 764 1470 cognicio,
800 1410 869 1470 que
892 1393 1014 1454 divina
1037 1394 1199 1465 vocatur,
1231 1392 1357 1453 haberi
1381 1410 1451 1454 non
1475 1395 1604 1472 potest,
1629 1395 1666 1454 et
1689 1392 1779 1454 hanc

447 1495 571 1557 ultimo
596 1498 731 1575 pandit.
763 1497 969 1578 Propterea,
994 1499 1092 1560 dicta
1118 1502 1172 1560 est
1195 1501 1241 1560 ab
1267 1500 1429 1560 omnibus
1454 1499 1535 1578 ipsa
1556 1498 1783 1579 philosophia

447 1601 738 1665 divinarum
766 1586 1190 1685 humanarumque
1213 1624 1372 1667 rerum
1404 1602 1630 1668 noticia1.
1658 1638 1697 1645 -
1721 1605 1779 1667 Ad

447 1707 515 1769 hoc
541 1710 656 1771 tendit
671 1713 884 1773 venerabilis
908 1714 1057 1774 verbum
1074 1712 1268 1792 Hughonis,
1292 1713 1329 1773 in
1352 1711 1406 1772 Di
1419 1712 1443 1773 d
1455 1712 1641 1774 ascolic
1652 1731 1708 1773 on
1728 1712 1780 1773 di·

448 1816 581 1877 centis:
623 1816 705 1878 «Ex
728 1819 896 1885 omnibus
928 1821 1092 1881 scienciis
1128 1822 1265 1899 septem
1303 1820 1508 1899 specialiter
1532 1820 1782 1881 discreverunt

447 1922 586 2001 antiqui
609 1924 645 1983 in
669 1925 796 1987 studiis
820 1927 893 1988 suis
915 1927 965 1988 ad
987 1945 1077 2006 opus
1102 1927 1389 1999 erudiendorum,
1429 1927 1466 1986 in
1490 1926 1618 2005 quibus
1643 1927 1780 1986 tantam

447 2028 638 2091 utilitatem
673 2050 752 2094 esse
786 2052 850 2112 pre
885 2034 1014 2095 ceteris
1047 2034 1211 2096 omnibus
1235 2034 1503 2113 perspexerunt,
1542 2035 1583 2094 ut
1618 2032 1778 2111 quisquis

448 2136 564 2215 primo
580 2136 706 2199 harum
722 2140 948 2220 disciplinam
963 2140 1115 2202 firmiter
1130 2142 1361 2220 percepisset,
1376 2140 1425 2201 ad
1442 2140 1594 2201 aliarum
1610 2140 1780 2201 noticiam

446 2245 573 2321 postea
596 2245 809 2324 inquirendo
833 2249 944 2327 magis
968 2251 1004 2310 et
1018 2248 1217 2309 exercendo
1235 2266 1342 2327 quam
1358 2247 1541 2308 audiendo
1564 2247 1776 2325 perveniret.

447 2348 538 2411 Sunt
554 2352 647 2412 enim
664 2355 766 2432 quasi
783 2355 937 2433 quedam
954 2356 1088 2434 optima
1104 2356 1340 2416 instrumenta
1358 2356 1393 2416 et
1410 2354 1622 2423 rudimenta,
1648 2354 1778 2432 quibus

446 2457 505 2516 via
521 2462 671 2535 paratur
686 2462 813 2532 animo,
829 2462 878 2523 ad
894 2463 1038 2541 plenam
1053 2460 1298 2541 philosophice
1309 2462 1471 2522 veritatis
1488 2460 1666 2521 noticiam.
1683 2458 1776 2521 Hinc

447 2563 590 2624 trivium
614 2568 650 2627 et
673 2568 899 2646 quadrivium
922 2587 1048 2630 nomen
1074 2568 1223 2647 accepit,
1264 2568 1428 2647 eoquod
1460 2567 1536 2638 hiis,
1574 2568 1676 2646 quasi
1701 2567 1776 2646 qui·

445 2670 598 2731 busdam
621 2673 698 2746 viis,
722 2674 828 2736 vivax
851 2677 989 2737 animus
1013 2676 1062 2737 ad
1079 2679 1218 2737 secreta
1237 2675 1375 2755 sophie²
1393 2676 1548 2736 introeat
1560 2696 1574 2729 »
1585 2672 1606 2735 Ι.
1620 2710 1659 2719 -
1675 2672 1780 2735 Iuvet

444 2775 550 2837 istam
565 2780 779 2856 particulam
802 2781 889 2843 Mic
903 2783 1017 2844 hael
1040 2780 1229 2844 Scotus³
1252 2784 1288 2843 et
1304 2782 1417 2844 dicat:
1445 2780 1623 2842 ‹Intencio
1643 2780 1777 2841 mathe-

446 2884 576 2945 matice
599 2890 654 2947 est
676 2889 764 2951 dare
789 2891 1037 2952 certitudinem
1073 2891 1119 2951 de
1143 2891 1239 2951 omni
1263 2888 1418 2968 ambigui
1442 2878 1456 2970 {i
1483 2889 1556 2949 tate
1579 2888 1776 2967 proposita,

447 3007 516 3067 que
538 2995 694 3070 pertinet
716 2997 765 3057 ad
787 3016 890 3063 suam
913 2998 1135 3077 questionem
1151 3018 1176 3057 >>.
1219 2996 1267 3058 Et
1297 2997 1446 3057 iterum:
1482 2993 1592 3055 «Hec
1622 2994 1776 3055 sciencia

446 3096 578 3160 dicitur
600 3102 809 3165 doctrinalis
832 3106 890 3165 vel
913 3105 1147 3184 disciplinalis
1172 3107 1208 3166 et
1231 3104 1412 3182 restringit
1434 3101 1611 3162 hominem
1635 3118 1777 3179 semper

444 3210 622 3272 adunam
645 3214 785 3291 partem
808 3213 984 3291 suppositi
1008 3212 1154 3283 scilicet,
1180 3215 1219 3272 ut
1234 3230 1342 3271 unum
1367 3210 1504 3269 tantum
1522 3210 1652 3279 teneat,
1679 3205 1775 3285 quod

443 3318 723 3380 demonstrative
739 3319 945 3397 probatur».
958 3352 1001 3359 —
1011 3314 1174 3379 Tandem
1190 3317 1403 3379 Aristoteles
1420 3317 1458 3377 in
1472 3312 1775 3393 Metaphisica,

444 3513 656 3521 ..ι’-ἐ

547 3645 579 3706 α)
597 3658 632 3687 =
650 3640 850 3708 philosophie.

548 3791 569 3857 ¹)
588 3793 616 3846 S.
635 3793 715 3846 Aue.
733 3794 780 3845 De
803 3790 905 3845 Trinit.
924 3791 1001 3854 XIV,
1020 3802 1039 3853 1,
1057 3791 1143 3843 avait
1161 3790 1287 3857 accepte
1306 3790 1348 3841 lui
1366 3789 1449 3841 aussi
1463 3790 1544 3841 cette
1558 3787 1718 3841 delinitiou
1729 3787 1771 3838 de

439 3884 469 3936 la
488 3882 692 3949 philosophie.
712 3882 748 3934 In
765 3881 855 3949 Oper.
874 3881 951 3943 VIII,
971 3880 1048 3933 1037.
1075 3879 1120 3933 Ci.
1140 3878 1202 3938 Cic,
1226 3878 1311 3930 Tusc.
1330 3878 1379 3941 1v,
1398 3887 1491 3940 xxvl;
1511 3877 1545 3940 V,
1564 3887 1611 3939 111;
1630 3876 1666 3939 ΙΙ,
1687 3886 1733 3928 xl.

548 3969 568 4035 ²)
587 3972 667 4024 HUG.
685 3987 711 4023 a.
734 3970 762 4023 S.
781 3971 815 4022 V.
835 3972 954 4022 Erudit.
972 3971 1097 4021 didusc..
1117 3970 1167 4031 ΙΙΙ,
1187 3978 1228 4020 111.
1254 3967 1298 4020 ef.
1318 3967 1427 4020 Putrol
1444 3967 1513 4028 lut.,·
1537 3964 1690 4029 CLXXVI,
1710 3964 1770 4018 768.

547 4058 698 4125 ³)Michel
718 4060 797 4122 Scot,
823 4059 957 4112 ecossais
982 4059 1131 4126 d'origine
1148 4072 1267 4110 comme
1287 4072 1344 4109 son
1362 4070 1435 4108 nom
1453 4056 1608 4121 l'indique,
1627 4052 1770 4121 naquita

439 4150 613 4203 Balwearie
634 4148 721 4214 (Fiie)
740 4164 812 4201 vers
832 4148 910 4201 1190.
943 4148 968 4199 Ι1
986 4148 1078 4200 vecut
1097 4149 1166 4201 tour
1184 4146 1202 4198 i
1221 4148 1292 4199 tour
1312 4145 1330 4197 a
1350 4145 1446 4206 Paris,
1465 4144 1483 4197 a
1501 4142 1618 4196 Tolede
1637 4143 1715 4203 1217,
1734 4157 1773 4195 en

438 4238 973 4306 Allemagneapres1240,puisen
991 4237 1118 4289 Ecosse.
1146 4236 1170 4287 ll
1189 4237 1312 4288 mourut
1331 4249 1403 4288 vers
1424 4233 1503 4286 1291.
1535 4234 1559 4283 Il
1578 4248 1596 4285 a
1610 4232 1706 4285 luisse
1730 4246 1774 4283 un

439 4330 557 4381 certain
583 4330 713 4382 nombre
733 4328 773 4379 de
791 4328 907 4389 traite's,
935 4329 1024 4379 entre
1049 4327 1155 4377 autres
1184 4327 1215 4377 le
1236 4326 1282 4377 De
1301 4326 1428 4377 seeretis
1446 4325 1585 4384 naturae,
1611 4320 1649 4373 ci.
1669 4335 1769 4387 supra,

438 4434 468 4485 p.
488 4418 530 4482 19,
555 4419 586 4470 le
604 4419 671 4470 seul
698 4417 787 4470 edite.
816 4417 841 4468 ll
858 4431 877 4468 a
903 4416 952 4468 ete
980 4414 1176 4482 quelquetois
1207 4414 1341 4466 attribue
1365 4410 1687 4471 aAlbert-le·Grand,
1705 4409 1774 4462 voir

438 4517 571 4579 Echard,
597 4515 779 4583 Scriptores,
805 4515 878 4568 Ord.
904 4515 1013 4567 Praed.
1035 4512 1057 4576 1,
1084 4512 1143 4564 183.
1175 4510 1288 4563 Michel
1306 4509 1378 4563 Scot
1403 4525 1421 4562 a
1447 4509 1591 4575 compose
1615 4507 1770 4574 plusieurs

439 4608 543 4660 autres
562 4606 669 4658 traites
688 4605 823 4665 curieux,
841 4602 880 4655 cf.
894 4604 1063 4664 JoURnam,
1077 4602 1270 4658 Recherches
1282 4601 1428 4665 critiques
1440 4614 1495 4650 sur
1508 4595 1581 4665 Pdge
1596 4600 1626 4649 et
1641 4596 1771 4663 l'origine

438 4697 494 4749 des
519 4698 708 4747 traductions
732 4695 841 4746 tutinus
862 4693 1037 4752 d'Aristote,
1065 4691 1211 4742 nouvelle
1237 4689 1293 4751 e'd.,
1317 4704 1347 4755 p.
1368 4688 1433 4749 124;
1460 4686 1690 4746 WUSTENFELD,
1715 4685 1771 4736 Die

444 4786 700 4852 Uebersetzungen
726 4783 905 4836 urabtscher
928 4782 1033 4833 Werke
1058 4782 1089 4833 in
1114 4782 1172 4831 das
1197 4779 1388 4831 Lutetnische
1411 4778 1472 4829 seit
1494 4776 1562 4827 dem
1585 4774 1638 4826 XI.
1656 4773 1773 4835 Jahrh,

438 4891 468 4942 p.
485 4875 536 4937 99;
553 4875 707 4935 LECLERC,
725 4874 805 4924 Hist.
823 4873 860 4923 de
879 4872 909 4923 lu
927 4867 1079 4922 medecine
1094 4868 1199 4930 arabe,
1213 4868 1249 4929 ΙΙ,
1261 4868 1323 4919 451.
1340 4892 1367 4902 -
1386 4864 1446 4917 Les
1460 4871 1607 4931 passages
1620 4862 1696 4914 cites
1711 4877 1771 4928 que

437 4981 516 5018 nous
535 4964 663 5016 n'avons
682 4978 724 5029 pu
742 4960 878 5022 veriiier,
899 4959 1137 5027 appartiennent
1156 4972 1227 5009 sans
1245 4957 1339 5008 doute
1357 4970 1398 5007 au
1415 4954 1507 5006 Liber
1518 4952 1720 5019 purtIeuluris
1732 4965 1773 5003 ou

438 5072 478 5108 au
496 5055 589 5107 Liber
606 5053 856 5113 introductorius,
875 5050 928 5116 qui
939 5049 1066 5101 traitent
1081 5047 1144 5098 l'un
1158 5047 1189 5097 et
1201 5046 1311 5097 l'antre
1324 5044 1363 5095 de
1378 5042 1634 5107 mathematiques
1648 5041 1679 5092 et
1692 5039 1770 5091 d'as·

437 5144 598 5198 tronomie.
618 5142 677 5195 Sur
696 5156 748 5193 ces
767 5146 926 5206 ouvrages,
945 5138 1013 5190 voir
1032 5138 1059 5190 J.
1081 5135 1179 5188 Wood
1198 5135 1321 5197 Brown,
1341 5133 1390 5185 Au
1409 5133 1548 5197 anutry
1564 5132 1627 5182 tuto
1640 5130 1688 5182 the
1701 5126 1772 5193 Life

438 5236 501 5287 und
518 5234 639 5301 Legend
657 5228 694 5295 of
708 5230 843 5283 Michuel
860 5227 939 5292 Scot,
957 5225 1149 5293 Edinburgh,
1169 5223 1249 5288 1897,
1267 5238 1296 5289 p.
1315 5222 1358 5286 26,
1378 5221 1421 5273 27.
