4300 6117
845 964 1031 1017 roHANms
1053 963 1234 1016 Dounucr
1634 953 1698 1017 273

363 1190 501 1251 carnali
534 1189 669 1250 semine
691 1189 764 1250 dici
797 1190 976 1267 putentur,
1009 1205 1131 1248 omues
1155 1186 1317 1277 Ecclesie
1340 1187 1494 1268 virgines
1510 1188 1577 1249 sub
1593 1188 1701 1248 male-

363 1297 462 1358 dicto
485 1296 601 1375 posite
624 1295 851 1357 videbuntur.
897 1293 945 1355 Et
965 1293 1053 1373 quid
1088 1294 1134 1356 de
1170 1293 1333 1356 Ecclesie
1363 1294 1558 1374 virginibus
1591 1295 1701 1356 dico?

362 1402 445 1483 Ipse
468 1402 654 1475 Iohannes,
675 1420 746 1480 quo
771 1402 887 1463 maior
907 1402 1001 1463 inter
1024 1403 1129 1463 natos
1152 1401 1340 1462 mulierum
1363 1420 1466 1462 nemo
1489 1402 1564 1473 fuit,
1583 1404 1619 1463 et
1640 1401 1701 1463 alii

363 1514 570 1572 sanctorum
602 1509 755 1589 plurimi,
791 1527 913 1570 semen
945 1508 1143 1570 secundum
1178 1526 1323 1569 carnem
1354 1527 1427 1569 non
1461 1508 1700 1587 reliquerunt:

364 1619 509 1697 quippe,
535 1617 596 1695 qui
612 1634 677 1678 nec
693 1616 815 1677 iniisse
831 1616 976 1695 quidem
992 1616 1220 1676 matrimonia
1234 1616 1449 1677 referuntur.
1474 1614 1548 1677 Sed
1565 1618 1701 1677 certum

364 1728 417 1786 est
441 1724 521 1785 illos
545 1724 708 1803 spiritale
724 1741 845 1785 semen
869 1725 905 1784 et
927 1722 1109 1802 spiritales
1133 1720 1227 1784 filios
1252 1722 1448 1801 reliquisse,
1474 1725 1511 1783 et
1533 1721 1701 1784 habuisse

362 1849 653 1910 unumquemque
677 1831 870 1910 coniugem,
902 1828 1139 1909 Sapienciam,
1164 1830 1256 1890 sicut
1280 1833 1315 1891 et
1338 1829 1471 1891 Paulus
1494 1848 1561 1910 per
1584 1827 1701 1890 Evan-

363 1939 492 2019 gelium
508 1935 602 1998 filios
618 1938 814 2018 generabat
825 1934 845 1997 ¹.
868 1936 1019 2016 Accepit
1036 1948 1120 2017 ergo
1137 1954 1254 2008 senex,
1273 1937 1424 1998 emortui
1439 1937 1512 1997 iam
1527 1938 1699 2021 corporis,

363 2044 550 2107 Habraam
563 2063 710 2106 uxorem
727 2042 927 2105 cethuram.
952 2042 1028 2124 Ego
1041 2046 1130 2123 puto
1143 2044 1340 2105 secuudum
1352 2043 1453 2117 hanc,
1469 2062 1578 2122 quam
1590 2062 1701 2123 supra

364 2154 601 2233 exposuimus,
628 2151 818 2221 racionem,
847 2151 946 2230 quod
968 2152 1094 2212 melius
1118 2152 1203 2212 tunc
1227 2170 1317 2211 uxor
1339 2151 1525 2230 accipitur,
1555 2151 1700 2230 quando

364 2261 563 2320 emortuum
588 2277 718 2339 corpus
748 2261 812 2331 est,
838 2258 983 2336 quando
1015 2256 1234 2319 mortificata
1271 2262 1353 2319 suut
1387 2260 1558 2320 membra.
1582 2256 1701 2319 Maior

363 2368 458 2427 enim
492 2366 541 2427 ad
576 2366 796 2445 sapienciam
830 2366 993 2427 sensibus
1030 2366 1162 2426 uostris
1199 2366 1382 2445 capacitas
1416 2366 1518 2435 inest,
1555 2366 1700 2444 quaudo

363 2471 600 2535 mortificacio
623 2471 742 2552 Xpisti
767 2470 1016 2534 circumfertur
1039 2473 1077 2533 in
1100 2491 1253 2552 corpore
1277 2475 1400 2534 nostro
1424 2470 1632 2534 mortali...”.

476 2579 666 2658 «Denique
688 2583 724 2641 et
747 2578 911 2654 Cethura,
938 2597 1046 2657 quam
1062 2598 1156 2641 nunc
1173 2597 1281 2641 senex
1297 2579 1483 2641 Habraam
1498 2581 1647 2641 sortitur
1663 2581 1700 2640 in
1715 2574 1767 2638 15.

363 2687 636 2758 matrimonium,
659 2682 908 2747 Thimiama
930 2687 1198 2766 interpretatur,
1227 2688 1325 2764 quod
1348 2690 1403 2748 est
1425 2688 1617 2758 incensum,
1642 2686 1701 2748 vel

362 2794 478 2854 bonus
518 2793 617 2855 odor.
664 2791 711 2854 Et
749 2794 826 2872 ipse
863 2794 955 2855 enim
991 2793 1144 2865 dicebat,
1184 2794 1277 2855 sicut
1314 2793 1446 2855 Paulus
1475 2794 1573 2866 dixit,
1615 2794 1700 2872 quia

365 2899 510 2979 ‹Xpisti
532 2902 648 2962 bonus
672 2902 763 2962 odor
783 2919 904 2962 sumus
914 2898 935 2961 ³.
954 2932 994 2940 --
1012 2899 1201 2985 Quomodo
1217 2904 1337 2962 autem
1353 2902 1433 2979 quis
1449 2898 1566 2980 Xpisti
1583 2902 1698 2962 bonus

363 3009 454 3069 odor
477 3005 641 3079 efficitur,
666 3007 862 3069 videamus.
898 3007 1091 3069 Peccatum
1115 3025 1173 3069 res
1198 3011 1253 3069 est
1275 3009 1403 3080 fetida;
1434 3008 1589 3087 denique
1619 3026 1699 3088 pec·

258 3098 262 3109 ’
364 3118 504 3176 catores
539 3116 658 3194 porcis
690 3118 961 3194 comparantur,
993 3116 1055 3193 qui
1085 3116 1122 3175 in
1151 3116 1320 3195 peccatis,
1345 3116 1443 3177 velut
1473 3115 1511 3176 iu
1543 3118 1702 3177 stercore

362 3221 484 3293 fetido,
508 3222 748 3302 voluptautur.
772 3221 820 3283 Et
842 3222 970 3294 David,
988 3241 1032 3282 ex
1053 3240 1210 3301 persona
1225 3223 1427 3302 penitentis,
1441 3222 1545 3284 dicit:
1572 3221 1702 3283 ‹Com-

362 3330 576 3409 putruerunt
600 3331 635 3390 et
658 3330 754 3390 exise
776 3333 858 3390 sunt
881 3329 1068 3391 cicatrices
1092 3347 1171 3390 mee
1190 3327 1232 3390 10⁴.
1256 3327 1316 3390 Sic
1340 3342 1424 3409 ergo
1456 3348 1580 3391 senum
1615 3348 1702 3409 nup·

364 3436 438 3498 cias
471 3436 702 3516 interpretari
737 3436 878 3515 dignius
917 3440 1013 3516 puto,
1045 3438 1097 3498 sic
1121 3436 1270 3516 pulchre
1298 3437 1385 3498 inita
1415 3437 1703 3516 patriarcharum

362 3543 487 3605 ultima
522 3543 594 3603 iam
627 3547 663 3605 et
694 3542 837 3605 defecta
874 3546 969 3604 etate
1004 3544 1176 3623 coniugia,
1202 3543 1253 3605 sic
1288 3544 1510 3605 necessarias
1546 3534 1714 3605 filiorum

363 3651 637 3730 procreaciones
662 3651 788 3712 estimo
812 3651 1063 3713 numerandas.
1089 3648 1148 3711 Ad
1171 3650 1262 3712 tales
1287 3651 1380 3711 enim
1404 3651 1563 3729 nupcias,
1590 3652 1625 3711 et
1653 3650 1702 3710 ad

294 3782 297 3787 ·
363 3756 566 3818 huiusmodi
589 3758 759 3829 sobolem,
784 3777 855 3819 non
878 3759 929 3819 ita
953 3759 1099 3819 iuvenes
1124 3760 1163 3818 ut
1186 3776 1290 3819 senes
1325 3758 1401 3837 apti
1436 3759 1527 3819 sunt.
1560 3754 1701 3841 Quanto

364 3864 457 3925 enim
481 3864 560 3943 quis
585 3882 693 3925 carne
717 3864 797 3945 plus
820 3864 936 3927 fessus
961 3868 1024 3937 est,
1054 3867 1157 3926 tanto
1180 3864 1250 3925 erit
1273 3883 1353 3925 cum
1376 3864 1508 3926 virtute
1537 3854 1551 3946 Ι)
1577 3865 1702 3925 robus·

278 3992 281 3999 ’
362 3971 433 4033 tior
457 3975 493 4032 et
508 3972 690 4051 sapiencie
713 3972 956 4052 complexibus
978 3972 1112 4052 apcior.
1140 3968 1199 4033 Sic
1217 3973 1253 4032 et
1266 3971 1327 4031 ille
1342 3971 1398 4030 vir
1413 3971 1537 4042 iustus,
1554 3970 1700 4041 Elcana,

363 4080 454 4140 duas
478 4078 581 4139 simul
598 4078 767 4140 habuisse
784 4077 938 4140 refertur
953 4097 1083 4140 uxores
1093 4075 1114 4148 ⁵,
1140 4096 1292 4156 quarum
1307 4097 1378 4139 una
1402 4076 1644 4139 Fennena⁶
1667 4080 1702 4138 et

363 4185 435 4247 alia
458 4184 584 4246 Anna
604 4183 614 4221 ⁷
638 4185 836 4257 dicebatur,
860 4186 971 4247 idest:
997 4186 1185 4247 conversio
1209 4187 1245 4246 et
1267 4184 1398 4264 gracia.
1421 4184 1468 4247 Et
1493 4185 1610 4265 primo
1626 4184 1702 4263 qui·

363 4293 446 4354 dem
469 4292 602 4354 dicitur
625 4292 671 4353 de
694 4291 864 4354 Fennena
887 4293 981 4354 filios
1006 4293 1217 4372 suscepisse,
1242 4291 1280 4353 id
1305 4295 1368 4363 est,
1394 4291 1440 4353 de
1458 4292 1700 4362 conversione,

470 4704 491 4770 ¹)
511 4706 539 4759 s.
559 4708 657 4760 Pnur..
676 4708 689 4759 1
711 4707 777 4760 Cor.
796 4716 838 4770 Ν,
858 4708 899 4759 15.

472 4792 492 4859 ²)
511 4796 564 4858 In,
584 4796 611 4848 11
632 4796 700 4851 Cor.
721 4805 762 4860 1v,
783 4796 825 4850 20.

472 4882 492 4949 ³³)
511 4885 540 4938 S.
559 4886 666 4948 PAUL,
686 4886 713 4938 ll
733 4887 775 4937 ud
794 4885 919 4950 Cor.,11,
939 4887 981 4939 15.

469 4973 491 5041 4)
511 4973 555 5027 Cf.
571 4976 684 5041 psalm
702 4975 849 5039 XXXVII,
867 4975 895 5027 6.

471 5060 491 5129 5)
512 5064 556 5117 Cf.
576 5065 589 5117 I
609 5066 682 5133 Reg.
701 5066 723 5128 1,
743 5065 768 5117 2.

470 5150 492 5217 ⁰)
510 5154 559 5206 En
577 5154 697 5206 hebreu
715 5156 846 5219 Pheneh,
864 5156 1026 5208 convertit.

472 5240 492 5308 ⁷)
510 5244 559 5295 En
576 5244 696 5297 hebreu
714 5245 855 5308 Hannon,
875 5245 1004 5312 gratiam
1022 5244 1104 5297 fecit.
