4300 6117
857 961 1044 1017 IOHANNIS
1067 961 1248 1014 DOMINICI
1655 950 1718 1012 255

384 1186 451 1248 hos
476 1205 602 1249 sensus
626 1187 778 1265 aperire,
815 1186 880 1247 sed
904 1186 1029 1265 pocius
1053 1184 1234 1247 offuscare
1267 1184 1516 1264 probabilibus
1551 1187 1587 1247 et
1610 1202 1719 1263 appa·

386 1295 547 1356 rentibus
572 1292 783 1355 infantiliter
807 1294 925 1355 docta.
965 1291 1109 1354 Certum
1134 1295 1188 1354 est
1212 1292 1309 1371 quod
1341 1310 1412 1353 non
1435 1291 1584 1371 prodest
1607 1291 1720 1352 sacris

386 1400 595 1481 detegendis
626 1399 802 1462 archanis.
842 1400 932 1480 Ipse,
969 1400 1063 1461 inter
1096 1402 1245 1471 ceteros,
1281 1399 1372 1461 duos
1395 1398 1470 1459 vidi
1496 1397 1719 1477 philosophie

384 1508 480 1570 lacte
514 1506 651 1569 famose
685 1508 848 1577 nutritos,
887 1525 977 1586 quos
1011 1506 1154 1567 divisim
1189 1506 1356 1567 familiari
1391 1523 1554 1567 sermone
1587 1506 1718 1584 rogavi,

386 1618 563 1693 quatenus
588 1615 788 1676 intellectus
810 1632 960 1676 acumen
983 1614 1054 1674 iam
1079 1611 1224 1675 Litteris
1255 1613 1368 1674 sacris
1392 1613 1718 1683 adcommodarent,

386 1722 458 1785 sibi
479 1725 516 1784 et
538 1722 628 1793 aliis,
653 1725 692 1783 ut
715 1723 899 1801 putabam,
924 1721 1116 1800 plurimum
1138 1720 1344 1800 profecturi.
1369 1719 1417 1780 At
1432 1719 1510 1799 ipsi,
1537 1720 1630 1781 illius
1646 1719 1720 1799 pel·

385 1829 464 1891 licis
487 1829 710 1890 documentis
733 1829 903 1908 corrupti,
941 1827 1146 1889 deridentes
1170 1828 1435 1906 simplicitatem
1465 1828 1633 1907 rogantis,
1669 1828 1720 1888 in·

384 1936 560 1997 iustorum
592 1954 768 2015 sponsam,
804 1937 918 1997 verba
950 1935 1154 2013 procaciter
1186 1936 1412 2015 protulerunt
1446 1934 1577 2014 inepta.
1623 1932 1720 1996 Unus

386 2042 532 2122 quidem
568 2043 775 2123 dyalecticis
813 2043 944 2123 regulis
973 2043 1156 2104 nitebatur
1179 2043 1335 2122 probare
1374 2060 1452 2103 eam
1486 2042 1523 2103 in
1557 2042 1720 2120 pluribus

385 2151 475 2212 locis
499 2149 628 2211 falsam
652 2168 732 2211 esse
755 2149 801 2211 de
825 2150 959 2211 virtute
982 2150 1173 2222 sermonis;
1203 2149 1296 2210 alter
1319 2167 1415 2222 vero,
1439 2149 1562 2230 laycus
1585 2149 1719 2222 habitu,

385 2276 469 2318 nam
504 2257 640 2335 primus
675 2257 922 2337 religiosorum
945 2258 1064 2318 vestes
1097 2258 1246 2328 ferebat,
1284 2255 1373 2317 dixit
1408 2274 1486 2317 earn
1513 2257 1561 2317 ad
1596 2275 1722 2317 cenam

384 2368 469 2445 post
502 2365 618 2443 ignem
652 2382 719 2443 pro
751 2364 883 2425 tabulis
907 2381 987 2425 esse
1010 2363 1207 2443 legendam,
1244 2366 1280 2424 et
1314 2363 1560 2426 subtilioribus
1593 2364 1721 2425 studiis

384 2472 591 2551 geomancie
612 2472 803 2550 presertim
827 2471 1039 2532 vacandum.
1063 2468 1140 2550 Ego
1156 2489 1243 2532 vero
1264 2472 1449 2549 utriusque
1473 2471 1634 2549 periculo
1658 2471 1721 2531 im·

385 2578 532 2639 minenti
549 2596 767 2657 compassus,
784 2577 935 2639 recitavi
951 2596 1017 2649 me,
1035 2578 1072 2638 in
1089 2586 1160 2639 ΧΗο
1184 2578 1252 2639 lib
1265 2596 1313 2639 ro
1338 2577 1385 2639 Io
1396 2578 1533 2657 sephi
1545 2575 1564 2651 ¹,
1594 2578 1722 2657 legisse

385 2686 432 2747 de
456 2686 596 2747 duobus
620 2685 800 2763 percussis
825 2704 847 2746 a
860 2683 947 2753 Deo,
973 2702 1044 2763 quo
1067 2686 1105 2745 in
1129 2702 1271 2746 sacram
1287 2682 1511 2764 scripturam
1531 2685 1646 2746 minus
1662 2685 1721 2764 pie

385 2793 508 2854 oculos
544 2791 767 2853 direxissent.
810 2790 1004 2854 Referebat
1038 2792 1132 2852 enim
1166 2791 1370 2853 Demetrius
1394 2791 1603 2854 Ptholomeo
1637 2792 1719 2872 regi,

384 2900 501 2978 inquit
522 2898 704 2978 Iosephus,
728 2900 906 2960 neminem
930 2899 1039 2960 fuisse
1062 2916 1193 2960 ausum
1215 2902 1421 2961 sanctarum
1436 2900 1552 2979 legum
1576 2902 1721 2979 tangere

384 3007 699 3085 conscripcionem,
724 3007 822 3085 quod
846 3007 969 3068 divina
992 3009 1029 3067 et
1051 3006 1267 3068 venerabilis
1292 3008 1414 3077 essset,
1440 3007 1524 3085 quia
1548 3006 1615 3068 lesi
1638 3008 1720 3067 sunt

385 3114 534 3193 quidam
549 3133 571 3175 a
584 3113 671 3184 Deo,
688 3103 702 3195 l]
723 3113 789 3175 hoc
806 3117 1063 3192 presumentes.
1089 3112 1324 3194 significabat
1335 3132 1421 3175 vero
1439 3114 1594 3193 qualiter
1605 3108 1718 3174 Theo·

384 3239 546 3300 pompus,
569 3221 693 3281 volens
718 3221 754 3281 in
770 3220 931 3307 hystoria
954 3220 1093 3299 aliquid
1115 3221 1161 3281 de
1184 3220 1252 3282 hiis
1269 3222 1505 3297 conscribere,
1531 3221 1578 3282 sit
1600 3223 1718 3281 mente

384 3329 550 3390 turbatus
574 3328 654 3407 plus
678 3336 761 3387 xxx
784 3327 921 3400 diebus,
954 3317 971 3410 Η
1000 3329 1036 3389 et
1066 3330 1187 3389 tamen
1210 3327 1409 3389 humilitate
1432 3346 1454 3388 a
1477 3326 1554 3389 Deo
1577 3327 1719 3388 veniam

384 3436 622 3515 supplicabat,
646 3433 840 3497 dummodo
857 3435 1077 3496 demenciam
1094 3436 1163 3498 sibi
1179 3437 1312 3497 factam
1338 3436 1540 3514 suspicatus
1561 3438 1616 3496 est
1639 3452 1719 3496 nec·

384 3562 455 3604 non
478 3543 573 3603 etin
597 3542 754 3620 sompnis
778 3542 877 3611 vidit,
903 3542 1000 3621 quod
1024 3541 1091 3603 hoc
1116 3543 1149 3603 ei
1172 3541 1253 3603 ideo
1278 3543 1478 3611 accidisset,
1496 3542 1582 3620 quia
1599 3542 1719 3603 divina

384 3651 564 3711 scrutatus
581 3650 685 3719 esset,
708 3652 743 3710 et
758 3650 922 3727 proferre
946 3667 989 3710 ea
1005 3649 1053 3710 ad
1074 3648 1234 3710 homines
1250 3649 1409 3729 impuros
1425 3649 1543 3721 vellet,
1568 3666 1719 3727 cumque

384 3758 543 3818 scribere
574 3756 778 3834 quievisset,
819 3757 956 3835 recepit
979 3774 1132 3818 sensum.
1169 3754 1362 3818 Referebat
1385 3759 1422 3817 et
1445 3757 1490 3817 de
1513 3750 1719 3826 Theotecto,

384 3862 628 3943 tragediarum
650 3865 768 3941 poeta,
793 3863 879 3941 quia
904 3882 984 3925 cum
999 3864 1098 3925 visus
1114 3862 1241 3925 fuisset
1264 3864 1300 3924 in
1315 3864 1437 3942 aliquo
1453 3864 1720 3943 dragmatorum

384 3970 596 4041 meminisse,
621 3987 691 4048 que
715 3970 752 4030 in
776 3969 898 4031 divino
921 3970 1102 4031 volumine
1125 3970 1359 4043 continentur,
1389 3972 1436 4032 de
1458 3972 1570 4032 oculis
1594 3972 1721 4032 obscu-

384 4078 483 4148 ratis,
508 4077 715 4156 recognovit
740 4095 887 4138 causam
910 4095 973 4138 sue
997 4077 1161 4139 cecitatis
1185 4079 1294 4139 etita
1318 4078 1491 4140 liberatus
1515 4080 1570 4139 est
1597 4097 1619 4139 a
1641 4097 1722 4157 pas·

383 4184 493 4255 sione,
518 4183 595 4244 Deo
610 4184 753 4244 veniam
776 4184 991 4262 indulgente.
1017 4183 1096 4245 Non
1116 4185 1278 4263 permisit
1301 4186 1478 4247 tirannica
1501 4186 1562 4247 illa
1578 4187 1722 4247 terrena

383 4290 540 4352 sciencia
564 4292 665 4351 tanto
688 4291 766 4351 viro
793 4290 968 4352 adhibere
992 4291 1112 4352 fidem.
1136 4291 1322 4363 Abierunt,
1347 4293 1575 4355 subridentes
1599 4293 1722 4354 divina

383 4397 532 4467 ulcione,
558 4415 629 4458 non
653 4398 741 4458 soli:
767 4416 860 4469 nam,
885 4416 956 4459 non
979 4399 1092 4459 multo
1116 4400 1240 4477 spacio
1256 4400 1429 4477 temporis
1445 4400 1641 4471 interiecto,
1659 4400 1722 4460 lai-

384 4522 447 4565 cus
472 4506 588 4564 tortus
613 4504 809 4565 crudeliter
842 4506 918 4566 sine
943 4523 1037 4566 nova
1071 4505 1179 4584 culpa
1213 4507 1249 4567 et
1272 4506 1478 4585 plantarum
1502 4486 1608 4568 coriis
1632 4508 1722 4586 ignis

382 4611 516 4671 ardore
539 4612 712 4690 privatus,
739 4612 885 4673 tandem
907 4615 947 4673 ut
968 4612 1131 4673 innoxius
1158 4613 1362 4685 derelictus,
1392 4614 1517 4693 paucis
1541 4614 1721 4675 mensibus

384 4718 546 4779 decursis
582 4721 618 4781 et
641 4720 778 4780 viribus
803 4720 965 4798 corporis
999 4720 1203 4798 resumptis,
1244 4721 1382 4800 absque
1417 4722 1650 4792 confessione,
1687 4721 1723 4780 in

383 4825 477 4886 lecto
498 4844 573 4898 suo,
597 4827 737 4888 nemine
761 4826 917 4897 vidente,
953 4827 1126 4887 remansit
1149 4827 1389 4889 defunctus..
1430 4827 1601 4907 Reliquus
1624 4846 1721 4899 vero,

385 5040 598 5050 ——-.

491 5220 515 5289 ¹)
533 5225 674 5279 FLAVIUS
692 5220 844 5278 IoshPHE.
864 5227 968 5291 Anttq.
986 5227 1054 5278 Jud.
1072 5226 1137 5288 XII,
1157 5226 1182 5277 2.
