4300 6117
892 950 1081 1004 IOHANNIS
1102 949 1283 1003 DOMINICI
1689 935 1753 1000 377

415 1191 502 1235 vera
529 1174 626 1247 data,
665 1175 827 1253 sequitur
862 1174 960 1254 quod
983 1174 1035 1234 illi
1070 1192 1141 1236 non
1164 1175 1308 1235 fuerunt
1330 1171 1542 1252 philosophi,
1579 1190 1622 1234 eo
1657 1171 1756 1250 quod

413 1281 490 1342 vita
522 1281 686 1343 doctrine
708 1281 850 1342 illorum
872 1282 1160 1343 conformis-nou
1176 1283 1270 1353 erat;
1295 1280 1448 1341 maxime
1467 1279 1560 1340 enim
1576 1278 1753 1358 superbie,

415 1388 579 1460 tumoris,
618 1388 805 1459 iactaucie,
840 1388 1150 1476 immoderateque
1184 1387 1351 1468 cupidine
1386 1387 1497 1467 glorie
1530 1387 1753 1449 tenebantur.

415 1492 503 1578 Quis
532 1495 666 1557 dixerit
700 1495 868 1557 humilem
885 1494 1153 1566 Demostenem,
1190 1495 1237 1558 de
1271 1513 1343 1575 quo
1376 1490 1585 1556 Tullius
1619 1494 1754 1570 scribit,

414 1601 560 1663 dicens:
588 1601 810 1665 ‹Leviculus
833 1622 921 1665 sane
944 1606 1069 1667 noster
1086 1601 1329 1674 Demosteues,
1355 1601 1416 1681 qui
1439 1601 1502 1662 illo
1523 1619 1671 1663 susurro
1695 1601 1755 1662 de·

414 1706 544 1770 lectari
582 1728 623 1772 se
646 1710 793 1773 dicebat
822 1709 1029 1773 confitentis
1052 1709 1269 1781 muliercule,
1305 1712 1345 1771 ut
1368 1727 1444 1771 mos
1469 1709 1583 1770 estin
1607 1705 1754 1782 Grecia2

415 1812 484 1877 Hic
511 1819 566 1878 est
588 1817 648 1878 ille
664 1816 939 1880 Demosthenes!
969 1816 1065 1902 Quid
1088 1817 1155 1879 hoc
1178 1815 1317 1878 levius?
1356 1814 1430 1878 Sed
1452 1818 1575 1877 orator
1595 1815 1656 1876 ille
1678 1817 1755 1876 tan·

422 1925 481 1984 tus
496 1924 594 2002 apud
610 1924 701 1987 alios
718 1924 888 1988 videlicet
902 1925 1001 2005 loqui
1017 1925 1204 1996 didicerat,
1227 1943 1298 1986 non
1313 1923 1463 1985 multum
1479 1923 1556 2002 ipse
1570 1940 1719 1984 secum»
1733 1919 1754 1968 ¹·

417 2027 594 2092 Audituri
617 2050 739 2094 sumus
756 2030 935 2114 Gorgiam,
960 2031 1086 2095 Grecis
1109 2032 1154 2094 de
1172 2049 1263 2112 pace
1287 2031 1503 2094 scribentem
1526 2033 1563 2093 et
1585 2047 1754 2110 peroran-

424 2140 506 2205 tem,
542 2140 605 2217 qui
628 2139 725 2200 domi
748 2141 840 2202 sicut
863 2141 920 2202 leo
948 2140 1089 2220 rugiens
1113 2139 1332 2210 morabatur,
1356 2141 1396 2200 ut
1419 2138 1545 2200 scribit
1568 2136 1682 2198 Iero
1695 2136 1755 2198 ni·

416 2262 518 2306 mus
554 2249 737 2309 contra
770 2246 1126 2309 Iovinianum2.
1162 2243 1322 2308 Transeo
1344 2244 1584 2316 Aristotelem,
1610 2262 1755 2306 suorum

418 2355 687 2415 antecessorum
710 2354 821 2434 glorie
845 2358 882 2416 et
905 2354 1024 2419 laudis
1048 2354 1248 2426 inimicum
1288 2352 1521 2426 Carneadem,
1552 2351 1755 2413 iamelicum

420 2456 526 2530 tame,
564 2463 787 2540 ceterosque,
821 2480 911 2542 quos
935 2465 1077 2524 constat
1101 2463 1214 2523 eciam
1237 2460 1335 2540 apud
1359 2478 1430 2531 eos,
1454 2460 1505 2521 nil
1527 2458 1603 2521 tere
1626 2457 1755 2520 iecisse

415 2568 589 2628 memoria
616 2568 771 2649 dignum,
795 2569 865 2631 nisi
888 2569 934 2631 ob
958 2568 1119 2630 favorem
1143 2587 1231 2630 aure
1245 2567 1441 2648 popularis.
1464 2565 1544 2628 Nou
1559 2566 1657 2628 siluit
1674 2565 1752 2635 hoc,

417 2674 466 2735 de
492 2672 606 2736 Bruto
629 2674 724 2737 tilios
745 2680 898 2738 necante
920 2676 1080 2756 loqueus,
1104 2674 1285 2756 Virgilius,
1310 2675 1371 2736 ubi
1393 2673 1499 2736 dicit:

620 2849 632 2873 ε
648 2831 757 2883 Vincet
775 2847 862 2884 amor
879 2831 990 2898 patrie,
1009 2830 1199 2898 laudumque
1217 2831 1367 2884 immensa
1385 2831 1497 2898 cupido
1508 2826 1543 2883 »l

533 2992 627 3056 Hinc
651 2995 750 3074 apud
774 2996 1036 3058 declamantem
1059 2993 1306 3058 Senecam:
1345 2995 1478 3058 «Vane
1505 2996 1616 3077 glorie
1643 3007 1753 3076 genus

415 3103 471 3162 est
505 3104 732 3182 contemptus
773 3102 983 3165 diviciarum
999 3125 1027 3163 2.
1087 3101 1191 3165 Unde
1228 3121 1309 3165 cum
1346 3102 1546 3184 Augustino
1589 3102 1753 3164 omuibus

414 3206 566 3286 loquar:
594 3207 724 3293 «Quid
739 3228 856 3272 cause
880 3213 934 3271 est
949 3229 1013 3272 cur
1035 3214 1186 3290 propter
1208 3211 1393 3291 opiniones
1408 3213 1558 3282 vestras,
1584 3227 1673 3289 quas
1689 3228 1753 3270 vos

415 3314 484 3393 ipsi
502 3316 726 3396 oppugnatis,
749 3315 928 3396 Xpistiani
952 3336 1030 3379 esse
1055 3317 1193 3380 nolitis:
1220 3318 1288 3380 nisi
1312 3318 1398 3397 quia
1410 3316 1559 3396 Xpistus
1573 3317 1755 3379 humiliter

414 3423 512 3483 venit
530 3425 567 3484 et
580 3441 651 3484 vos
667 3424 813 3503 superbi
830 3425 934 3498 estis;
959 3443 1043 3486 narn
1058 3425 1108 3486 ad
1132 3423 1335 3486 habendam
1350 3425 1528 3494 virtutem,
1553 3424 1753 3486 humilitate

418 3546 508 3609 opus
531 3533 595 3603 est,
612 3549 721 3611 quam
736 3550 801 3593 vos
817 3550 888 3593 non
904 3532 1045 3594 habetis
1055 3529 1077 3593 ⁴.
1095 3530 1215 3616 Quero
1231 3532 1395 3594 similiter
1409 3550 1456 3593 au
1472 3531 1639 3593 adulacio
1654 3523 1751 3592 aula·

415 3763 626 3772 .-—-.--—-—-.

521 3963 544 4031 ¹)
565 3965 605 4018 ht
624 3963 657 4018 T.
677 3965 741 4019 CIC.
766 3964 851 4018 Tusc.
870 3966 906 4030 V,
926 3962 944 4032 5
962 3976 1073 4018 xxxw.
1092 3965 1245 4018 Dominici
1264 3966 1393 4018 s’c'carte
1411 3966 1454 4019 du
1470 3966 1555 4017 texte
1567 3980 1639 4018 vers
1650 3966 1681 4017 la
1693 3963 1749 4018 tin:

415 4053 518 4127 «Quid
535 4053 595 4108 hoc
613 4055 739 4109 levius?
763 4056 804 4108 At
821 4057 956 4122 quantus
976 4055 1104 4109 orator?
1130 4055 1192 4107 Sed
1211 4056 1293 4122 apud
1311 4055 1389 4108 alios
1408 4055 1493 4122 loqui
1510 4045 1656 4108 uidelicet
1673 4055 1750 4106 didi-

412 4146 509 4206 cerat,
533 4160 597 4197 non
615 4145 746 4197 multum
763 4145 829 4212 ipse
851 4159 989 4198 secum».

522 4230 551 4296 ²)
570 4234 684 4287 EusEss.
702 4234 835 4286 timeon.
854 4235 983 4288 Advers.
1003 4236 1149 4287 Iovtntun.
1170 4235 1260 4297 1,48:
1282 4235 1434 4302 «Gorgias
1453 4232 1626 4303 (Georgius)
1645 4233 1751 4288 rhetor

415 4322 553 4376 «librum
571 4324 815 4390 pulcherrimum
834 4324 874 4376 de
892 4325 1057 4377 concordia
1077 4324 1204 4378 Graecis
1223 4326 1297 4377 tunc
1322 4325 1404 4377 inter
1422 4337 1455 4376 se
1469 4325 1688 4376 dissidentibus
1704 4340 1750 4377 re·

414 4412 548 4465 «citavit
566 4412 738 4482 Olympiae.
769 4413 826 4467 Cui
838 4412 1024 4467 Melanthius
1042 4414 1184 4466 inimicus
1203 4413 1285 4480 ejus:
1304 4413 1362 4466 Hic
1379 4413 1478 4476 nobis,
1495 4414 1603 4481 inquit,
1621 4415 1661 4466 de
1679 4429 1750 4466 con-

415 4501 547 4558 «cordia
566 4503 726 4569 praecipit,
745 4503 799 4569 qui
817 4517 851 4554 se
870 4504 901 4556 et
918 4518 1048 4557 uxorem
1073 4504 1104 4556 et
1123 4503 1266 4555 ancillam
1284 4504 1349 4555 tres
1374 4503 1407 4555 in
1425 4517 1487 4555 una
1508 4503 1599 4555 domo
1624 4517 1749 4555 concor-

415 4591 513 4646 ‹dare
532 4606 597 4644 non
616 4593 725 4659 potuit.
764 4591 987 4646 Aemulabatur
1012 4593 1128 4660 quippe
1153 4607 1231 4646 uxor
1257 4593 1322 4658 eius
1346 4591 1509 4644 ancillulae
1531 4591 1752 4658 pulchritudini

416 4684 472 4735 «et
490 4682 696 4736 castissimum
721 4682 823 4734 virum
847 4681 1035 4748 quotidianis
1061 4682 1169 4749 iurgiis
1194 4682 1369 4749 exagitabat
1378 4701 1400 4733 ι.
1437 4681 1472 4733 In
1494 4680 1585 4748 Oper.
1606 4681 1750 4745 t.XX111,

412 4772 472 4826 col.
492 4771 554 4825 292.
618 4766 623 4774 '

523 4857 544 4924 ³)
563 4861 685 4913 VIRGIL.
703 4861 779 4914 Aen.
797 4861 848 4925 VI,
866 4861 928 4914 824.

522 4949 545 5014 ⁴)
565 4950 649 5004 Nous
667 4951 797 5004 n'avous
815 4966 859 5017 pu
876 4952 1005 5005 trouver
1022 4951 1102 5003 dans
1121 4950 1151 5003 S.
1170 4950 1245 5017 Aug.
1264 4951 1295 5002 le
1312 4951 1397 5002 texte
1422 4951 1511 5002 exact
1536 4950 1695 5016 reproduit
1713 4949 1751 5001 ici

411 5054 469 5105 par
490 5040 653 5092 Dominici.
691 5039 770 5093 Mais
796 5042 877 5094 cette
903 5040 1043 5093 doctrine
1063 5054 1098 5093 se
1118 5042 1264 5092 retrouve
1282 5038 1301 5091 h
1319 5039 1439 5106 chaque
1456 5047 1535 5107 page
1553 5040 1607 5091 des
1625 5053 1749 5091 oeuvres

412 5128 454 5181 du
472 5129 574 5195 grand
592 5129 731 5182 docteur.
767 5129 814 5183 Ci.
835 5145 875 5182 en
893 5129 1082 5196 particulier,
1108 5131 1143 5180 In
1169 5130 1278 5181 Iohan-
1302 5129 1419 5197 Evang.
1449 5126 1548 5181 Tract.
1573 5127 1663 5190 XXV,
1683 5143 1749 5195 cap.

413 5217 503 5270 1o19.
523 5217 562 5287 Iu
582 5217 673 5284 Oper.
692 5218 741 5282 111,
761 5220 843 5271 Pars
861 5220 913 5272 alt.
936 5219 1007 5271 1604
1028 5233 1073 5284 sq.
