4300 6117
869 1551 1010 1730 [11²
1058 1553 1372 1734 PARS]

921 2001 1132 2109 [Cipus
1167 2003 1322 2111 XIH.]

566 2341 706 2428 [L]ucet
728 2348 776 2410 ad
797 2350 1000 2429 oppositam
1023 2352 1164 2429 partem
1186 2351 1292 2412 unica
1313 2351 1411 2412 racio
1435 2351 1532 2411 talis:

566 2488 864 2569 Xpistianus
900 2491 1128 2570 quilibet
1160 2491 1275 2553 illis
1308 2491 1469 2554 solum
1500 2493 1628 2555 debet
1655 2492 1786 2554 inten-

454 2596 593 2668 dere,
630 2615 723 2676 que
756 2598 916 2675 ipsum
946 2598 1006 2659 ad
1040 2617 1211 2660 veram
1240 2599 1551 2661 beatitudinem
1585 2599 1784 2670 ducunt.

454 2707 537 2765 aut
575 2705 747 2765 saltem
781 2723 875 2766 non
912 2705 1204 2784 impediunt.
1257 2703 1344 2767 Set
1380 2705 1785 2785 philosophorum

455 2811 673 2872 studium
695 2811 753 2873 ad
788 2829 952 2872 veram
989 2812 1363 2874 beatitudinem
1398 2832 1490 2874 non
1527 2813 1784 2892 perducit,

329 2921 357 2953 ¹⁰
455 2920 531 2979 set
570 2919 867 2997 plerumque
912 2919 1141 2998 impedit.
1181 2908 1195 3000 11
1232 2919 1400 3000 Igitur
1436 2938 1605 2981 eorum
1643 2920 1785 2982 dicta

455 3025 658 3088 studeri
690 3044 782 3087 non
813 3025 1003 3087 debent
1034 3027 1094 3087 ab
1124 3026 1208 3087 eis.

407 3148 436 3209 ¹·
559 3166 826 3247 Consequencia
858 3168 895 3229 in
918 3186 984 3230 sua
1006 3185 1097 3248 pace
1121 3168 1256 3256 relicta,
1297 3169 1413 3247 probo
1449 3169 1621 3230 maiorem
1650 3169 1785 3248 triplici

451 3276 605 3337 racione.
652 3272 773 3336 Primo
796 3275 863 3336 sic:

560 3415 704 3478 Omnis
740 3419 939 3479 creatura
968 3435 1085 3479 suum
1111 3415 1241 3478 linem
1273 3418 1554 3498 principalem
1584 3419 1781 3492 intendit,

449 3525 553 3587 licet
577 3543 726 3587 errans
757 3542 1064 3603 nonnumquam
1089 3542 1163 3603 per
1188 3524 1315 3586 devia
1339 3527 1496 3605 pergat.
1530 3522 1602 3586 Set
1626 3523 1783 3604 Xpisti·

449 3651 570 3694 anus
598 3635 675 3693 est
703 3631 882 3710 aliqua
910 3633 1166 3703 creatura,
1195 3632 1249 3692 ab
1273 3650 1422 3694 errore
1444 3636 1639 3695 semotus.
1673 3631 1783 3713 Ergo

448 3758 542 3802 non
580 3758 667 3819 per
694 3739 967 3818 obliquum,
999 3738 1088 3799 sed
1121 3741 1242 3800 recto
1268 3739 1386 3810 calle,
1423 3740 1477 3801 ad
1510 3758 1625 3801 suam
1652 3740 1782 3801 beati-

449 3847 681 3908 tudinem
716 3845 966 3907 incedere
1000 3845 1168 3907 debet.

560 3986 676 4050 Huius
700 3988 856 4050 racionis
879 3987 993 4048 maior
1016 3989 1071 4048 est
1086 3984 1218 4049 Phisici
1242 3988 1452 4067 pariterque
1475 3990 1512 4049 et
1529 3985 1658 4060 Ethici‚
1681 3989 1781 4050 cuius

449 4096 547 4158 dicta
574 4096 623 4157 ad
645 4095 835 4156 humanam
860 4094 1026 4174 speciem,
1062 4094 1110 4154 de
1133 4111 1205 4173 qua
1228 4113 1321 4156 nunc
1347 4112 1464 4156 sermo
1488 4097 1663 4166 versatur,
1693 4091 1781 4156 Tor·

449 4206 579 4282 quatus
594 4202 787 4274 deducens,
804 4203 871 4263 ait:
903 4198 1054 4262 «Omnis
1071 4201 1274 4262 mortalium
1291 4219 1387 4273 cura,
1410 4219 1518 4280 quam
1532 4202 1782 4281 multiplicium

447 4309 646 4372 studiorum
692 4309 795 4371 labor
833 4310 988 4378 exercet,
1029 4307 1172 4369 diverso
1207 4307 1352 4386 quidem
1387 4308 1477 4369 calle
1511 4309 1692 4387 procedit:
1731 4308 1781 4370 ad

447 4435 556 4479 unum
580 4418 700 4477 tamen
723 4415 956 4478 beatitudinis
979 4415 1089 4475 tinem
1111 4415 1236 4476 nititur
1259 4415 1474 4494 pervenire»
1489 4411 1510 4487 1,
1535 4415 1600 4476 sed
1622 4415 1671 4476 ad
1688 4415 1780 4477 falsa

447 4524 572 4586 devius
597 4541 699 4586 error
721 4522 878 4584 abducit.

558 4629 678 4692 Minor
696 4632 817 4691 autem
834 4628 988 4691 racionis
1007 4628 1168 4690 eiusdem
1185 4631 1239 4690 est
1256 4629 1433 4689 maxima
1452 4628 1494 4689 in
1508 4623 1779 4690 Testamento

446 4757 562 4810 novo,
589 4757 669 4799 cum
693 4736 888 4816 aliquando
911 4735 1030 4797 tilius
1054 4735 1266 4814 prodigus,
1291 4735 1352 4813 qui
1376 4735 1617 4814 dissipaverat
1639 4752 1780 4797 omnem

559 5069 581 5137 ¹)
599 5069 632 5123 T.
652 5070 756 5123 Mum.
774 5070 847 5123 SEv.
866 5069 964 5123 Boni.
989 5068 1140 5123 consolat.
1157 5069 1381 5137 Philosophiae.
1401 5069 1452 5134 ΙΙΙ,
1476 5084 1576 5137 prosu
1595 5069 1631 5122 11.
1667 5070 1781 5138 Migne,

447 5161 550 5224 LXIII,
568 5161 629 5214 723.
