4300 6117
454 909 518 975 118
792 885 794 890 ’
954 921 1113 976 nucum
1134 920 1274 975 nuens

454 1160 469 1194 ι
482 1141 611 1205 Omnia
626 1145 760 1224 quippe
774 1145 908 1206 munda
922 1144 1063 1206 mundis
1078 1165 1093 1198 ›
1106 1142 1126 1205 ¹.
1148 1144 1297 1206 Factam
1312 1144 1419 1225 igitur
1434 1163 1574 1207 omnem
1589 1143 1783 1207 scienciam

451 1254 514 1312 aut
535 1252 717 1313 inventam
739 1253 917 1313 fateamur
937 1270 960 1313 a
975 1250 1052 1314 Deo
1077 1253 1132 1314 est
1154 1270 1310 1324 necesse,
1336 1254 1445 1330 atque
1468 1252 1620 1332 proinde
1638 1254 1780 1324 bonam,

452 1376 532 1420 cum
555 1376 577 1419 a
601 1358 810 1438 simpliciter
830 1360 926 1420 bono
948 1359 1088 1421 nonnisi
1110 1360 1243 1420 bonum
1264 1358 1385 1421 valeat
1408 1376 1584 1421 emanare.

405 1459 436 1524 3.
559 1462 760 1528 Communis
785 1469 839 1528 est
861 1466 932 1527 ista
947 1466 1153 1546 proposicio
1169 1466 1285 1528 clara:
1307 1465 1420 1526 Nemo
1444 1467 1563 1545 potest
1578 1466 1668 1528 dare
1684 1465 1783 1545 quod

450 1590 522 1633 non
544 1572 663 1634 habet.
688 1571 799 1634 Racio
822 1591 976 1652 namque
999 1573 1122 1653 culpat
1147 1575 1316 1652 egrotum,
1341 1572 1403 1651 qui
1427 1572 1593 1634 exhibitis
1617 1591 1688 1636 non
1703 1571 1781 1634 tun·

449 1678 543 1758 gitur
565 1679 733 1741 remediis
748 1679 950 1758 oportunis;
975 1679 1124 1741 militem
1147 1679 1383 1759 preliaturum
1407 1679 1646 1759 reprehendit,
1672 1678 1780 1740 abici·

450 1788 567 1846 entem
591 1785 714 1847 debita
737 1804 847 1858 arma,
873 1786 1018 1866 quando
1043 1805 1132 1866 opus
1155 1789 1210 1848 est
1232 1785 1319 1858 illis;
1344 1786 1491 1847 nautam
1514 1786 1673 1848 ociosum
1688 1786 1788 1848 inter·

449 1894 607 1954 furentes
631 1893 788 1955 marinas
811 1893 998 1973 procellas,
1024 1909 1096 1954 non
1114 1894 1229 1954 minus
1254 1896 1290 1955 et
1304 1887 1492 1964 hominem,
1516 1894 1573 1955 cui
1589 1893 1638 1955 ad
1656 1896 1788 1954 nutum.

449 1999 562 2060 voluit
584 2018 704 2061 rerum
727 1998 876 2062 Creator
899 2002 1028 2062 cuncta
1065 2003 1188 2062 creata
1211 2000 1357 2072 servire,
1394 2001 1425 2061 si
1448 2018 1488 2062 se
1511 2002 1639 2080 sponte
1660 1999 1781 2080 privat

450 2124 573 2168 eorum
608 2106 775 2169 remediis
809 2107 1003 2169 directivis.
1041 2105 1121 2169 Hoc
1145 2108 1257 2169 voluit
1292 2107 1387 2168 idem
1415 2105 1565 2170 Creator
1598 2107 1782 2169 insinuare

448 2214 622 2292 patenter,
648 2214 725 2293 qui:
764 2211 922 2275 «Omnia
945 2215 1098 2276 subiecit
1122 2216 1189 2276 sub
1212 2213 1365 2293 pedibus
1391 2214 1476 2286 eius,
1501 2232 1586 2275 oves
1611 2217 1646 2275 et
1667 2215 1779 2275 boves

448 2320 642 2392 universas,
668 2321 814 2401 insuper
836 2324 871 2382 et
893 2339 1027 2400 pecora
1051 2321 1178 2401 campi,
1202 2320 1366 2383 volucres
1383 2321 1450 2382 celi
1474 2323 1510 2381 et
1525 2321 1643 2400 pisces
1659 2321 1778 2391 maris,

449 2427 510 2506 qui
525 2428 777 2507 perambulant
792 2428 936 2489 semitas
953 2429 1061 2490 maris
1076 2427 1123 2489 »².
1141 2464 1181 2472 -
1198 2427 1298 2488 Idem
1312 2427 1501 2507 imperium
1516 2426 1682 2489 dilatavit
1698 2428 1785 2488 snb·

448 2533 541 2606 inde,
573 2537 723 2614 peccato
748 2535 945 2606 commisso,
984 2535 1046 2596 ubi
1081 2534 1214 2596 herbas
1246 2535 1362 2596 brutis
1386 2534 1552 2596 hattenus
1576 2533 1786 2596 reservatas-

446 2640 581 2703 homini
596 2641 723 2702 tribuit
736 2641 785 2702 ad
798 2641 977 2704 edendum
987 2639 1008 2702 ³.
1033 2641 1121 2704 Post
1134 2641 1306 2703 diluvium
1320 2631 1336 2723 Ι)
1353 2641 1500 2720 quidem
1511 2642 1641 2703 iterum
1654 2641 1779 2721 ampli·

447 2748 530 2819 avit,
568 2748 729 2810 insolitas
754 2749 908 2810 omnium
940 2748 1153 2810 mundorum
1188 2748 1392 2810 animalium
1417 2767 1542 2809 carnes
1568 2747 1782 2820 concedens,

446 2855 539 2916 sicut
563 2855 662 2916 olera
685 2857 780 2916 terre
789 2853 811 2916 ⁴.
852 2852 915 2916 Set
936 2855 997 2917 ubi
1020 2856 1118 2917 venit
1141 2855 1261 2935 gracie
1283 2855 1479 2934 plenitudo,
1503 2854 1650 2934 quando
1672 2854 1783 2917 homo

447 2955 586 3023 humilis
609 2963 724 3023 iactus
749 2964 804 3024 est
829 2960 926 3024 Deus
949 2962 1120 3029 sublimis,
1159 2961 1368 3024 ceremoniis
1393 2962 1582 3024 servilibus
1617 2961 1777 3032 abiectis,

445 3068 483 3129 in
517 3068 741 3131 latitudinem
775 3068 889 3130 libere
920 3069 1082 3130 caritatis
1105 3069 1234 3142 locato,
1272 3086 1412 3130 omnem
1448 3086 1568 3130 escam
1603 3068 1779 3130 concessit

445 3193 566 3237 rerum
579 3174 787 3246 Monarcha,
814 3175 898 3255 quia
923 3194 994 3237 non
1018 3175 1116 3254 quod
1139 3176 1176 3236 in
1197 3194 1237 3237 os
1261 3177 1373 3237 intrat
1395 3175 1573 3237 hominem
1594 3174 1777 3246 inchinat⁸,

445 3281 511 3343 sed
534 3300 605 3361 que
627 3282 673 3343 de
695 3300 759 3344 ore
781 3301 892 3362 prave
908 3283 1102 3344 voluntatis
1126 3282 1327 3362 procedunt
1336 3280 1358 3345 ⁵.
1377 3314 1418 3324 -
1439 3280 1545 3344 Hunc
1560 3283 1778 3343 intellectum

445 3387 563 3450 adhuc
594 3389 764 3452 hesitanti
786 3387 894 3452 Petro
931 3390 1107 3452 reseravit
1142 3407 1277 3462 amene,
1315 3389 1353 3450 in
1389 3389 1524 3451 lintheo
1550 3389 1777 3469 reptibilibns

444 3495 560 3575 pleno,
586 3514 657 3575 que
679 3514 768 3558 voce
791 3496 906 3576 angeli
929 3497 1046 3558 iussus
1071 3500 1125 3558 est
1149 3499 1318 3570 mactare,
1348 3499 1386 3559 et
1407 3515 1451 3557 ex
1472 3496 1541 3558 hiis
1565 3513 1707 3557 sumere
1730 3495 1778 3557 ci·

444 3603 530 3664 bum
540 3601 561 3672 ⁶,
579 3603 664 3682 quia
678 3621 749 3664 non
765 3606 820 3665 est
835 3603 933 3684 apud
948 3602 1062 3665 Deum
1078 3604 1247 3683 accepcio
1261 3600 1521 3683 personarum⁷.
1546 3601 1780 3664 Manifestum

446 3711 501 3771 est
523 3712 652 3782 autem,
686 3709 784 3789 quod
807 3709 854 3771 de
877 3710 966 3772 cibis
999 3711 1246 3790 corporalibus
1277 3711 1337 3771 ille
1361 3728 1478 3772 sermo
1501 3728 1572 3772 non
1597 3712 1684 3781 erat,
1715 3709 1778 3788 qui

445 3816 593 3878 territur
616 3817 728 3879 osseis
756 3816 933 3890 dentibus,
969 3817 1034 3879 sed
1058 3817 1105 3879 de
1125 3817 1367 3888 intellectuali,
1398 3817 1461 3896 qui
1483 3819 1645 3897 sumptus
1670 3815 1776 3877 rumi-

445 3926 552 3985 natur
574 3923 710 3985 viribus
734 3924 853 3986 lucide
875 3923 1013 3986 mentis.
1039 3915 1056 4007 ΙΙ
1086 3922 1136 3985 At
1158 3920 1293 3986 eciamb
1307 3925 1345 3985 in
1367 3925 1543 4004 parabola
1568 3922 1775 4003 evangelica

446 4047 509 4092 cor
541 4047 620 4092 esse
650 4031 871 4103 monstravit,
909 4031 1032 4093 dicens
1067 4048 1135 4110 pro
1167 4050 1246 4093 ore:
1288 4030 1372 4094 ‹De
1401 4031 1510 4094 corde
1533 4031 1661 4093 exeunt
1685 4028 1779 4110 cogi·

549 4473 582 4536 α)
601 4485 635 4517 =
653 4470 800 4538 inquinat.
838 4471 869 4534 b)
888 4487 922 4518 =
942 4471 1033 4524 eninr.

549 4645 570 4714 1)
589 4647 619 4701 S.
638 4649 736 4713 Paua,
754 4650 797 4702 aa
819 4647 872 4702 Tit.
891 4648 913 4713 1,
932 4649 974 4702 15.

549 4733 570 4804 ¹)
589 4738 703 4790 Psalm.
721 4737 799 4801 VIII,
818 4737 875 4791 8-9.

549 4823 569 4892 ’)
590 4825 696 4880 Genea.
716 4826 766 4891 111,
786 4826 828 4879 18.

546 4911 569 4979 ⁴)
586 4916 663 4968 Ibin.
682 4914 732 4980 1x,
750 4915 776 4981 3,
793 4915 819 4968 4.

548 4999 570 5069 ⁵)
589 5003 619 5057 S.
637 5004 771 5069 Marna,
789 5004 852 5068 xv,
872 5005 914 5058 11.

548 5089 570 5158 ⁰)
588 5092 656 5146 Act.
675 5092 796 5161 Apost,
814 5093 850 5158 X,
871 5095 914 5147 11.

549 5177 569 5248 ⁷)
588 5181 621 5236 S.
640 5182 738 5236 PAUL.
756 5184 799 5236 nd
815 5183 931 5251 Ephes.
951 5183 1001 5248 vl,
1019 5184 1045 5237 9.
