4300 6117
851 928 1039 982 IOHANNIS
1062 928 1243 982 DOMINICI

809 1694 1021 1801 [CAPUT
1053 1692 1303 1801 XXXV]

486 2030 606 2117 [N]on
629 2038 854 2117 legerunt
876 2038 1008 2117 plene
1033 2038 1220 2099 codices
1244 2056 1417 2109 sacros,
1443 2039 1711 2119 quicumque

371 2147 586 2206 asserunt
610 2144 849 2207 doctrinas
873 2145 1111 2225 gentilium
1134 2145 1190 2206 ad
1213 2145 1326 2206 bene
1349 2146 1587 2207 vivendum
1612 2166 1710 2219 con·

373 2248 495 2313 terre
527 2255 662 2331 prout
694 2253 884 2315 tradunt
918 2252 1108 2331 quedam
1142 2250 1402 2331 superflue,
1432 2270 1515 2331 que
1550 2255 1709 2316 utilius

371 2358 418 2419 in
441 2356 632 2420 Litteris
656 2361 832 2422 sanctis
855 2356 1123 2421 habentur1.

485 2526 600 2612 Quam
624 2527 871 2608 imprudenter
893 2528 973 2607 quis
998 2530 1150 2590 conatur
1172 2529 1327 2589 evellere
1350 2507 1397 2593 de
1419 2530 1571 2608 leprosis
1599 2521 1754 2590 mani-1·

372 2634 440 2695 bus
476 2635 595 2697 cibum
629 2635 813 2697 madidum
847 2636 1018 2715 sanguine
1052 2636 1137 2697 ledo
1175 2635 1372 2715 tabidaque
1406 2637 1515 2708 sanie,
1540 2639 1580 2698 ut
1614 2636 1708 2709 edat,

374 2741 474 2802 cuius
499 2742 649 2804 similem
665 2742 749 2805 licet
764 2742 1003 2822 purissimum,
1020 2742 1145 2804 ultimo
1161 2747 1332 2822 precatur
1347 2743 1543 2804 tollendum
1557 2747 1580 2814 ²,
1606 2756 1710 2824 ange·

374 2847 444 2909 lica
458 2848 541 2910 vola
558 2851 778 2912 aromatibus
793 2840 807 2933 ΙΙ
831 2849 1007 2921 redolens,
1032 2851 1136 2911 bonis
1153 2853 1189 2912 et
1204 2851 1414 2929 gratissimis
1430 2850 1579 2912 floribus
1596 2851 1710 2929 pictu·
1790 2840 1820 2903 L
1836 2840 1913 2904 87’ο

373 2956 471 3017 rata!
488 2987 531 2996 —
549 2955 628 3018 Non
643 2957 794 3019 bibisset
808 2956 943 3019 Xerces
959 2957 1080 3019 nescio
1097 2975 1202 3036 quem
1218 2957 1393 3036 liquorem
1408 2976 1582 3037 equorum
1597 2960 1634 3019 et
1650 2958 1710 3020 ho·

373 3063 506 3123 minum
531 3064 731 3125 occisorum
755 3082 882 3126 cruore
906 3064 1091 3143 repletum,
1117 3064 1147 3125 si
1172 3063 1323 3126 Parnasi
1338 3064 1579 3144 limpidissimi
1594 3067 1711 3127 fontes

372 3164 558 3232 lacticemb
588 3172 822 3233 scaturissent
858 3172 1030 3251 optimam
1054 3174 1090 3233 et
1128 3190 1303 3233 amenam.
1341 3170 1429 3256 Quis
1463 3191 1534 3233 uon
1562 3173 1712 3234 miretur

373 3277 570 3355 sapientem
584 3278 771 3351 hominem,
785 3280 815 3340 si
839 3297 905 3357 per
928 3279 1046 3341 omnia
1059 3279 1284 3341 naturalibus
1296 3281 1464 3358 putamus
1481 3279 1709 3352 credendum,

371 3382 517 3445 viduam
533 3387 708 3447 turturem
732 3405 803 3448 non
826 3386 895 3447 nisi
909 3386 1093 3447 turbidam
1107 3385 1279 3464 limpham
1294 3385 1542 3448 admittentem
1559 3388 1710 3466 potare?

372 3489 531 3552 Audiant
572 3491 906 3573 Augustinum,
951 3511 1118 3572 supreme
1152 3493 1315 3554 veritatis
1352 3494 1465 3555 verba
1501 3494 1708 3573 glosantem,

371 3598 587 3677 quicumque
611 3603 738 3661 octave
761 3601 897 3662 racioni
931 3598 1116 3672 adherent,
1142 3603 1177 3662 et
1213 3602 1366 3679 utroque
1399 3602 1498 3662 tonte
1532 3602 1710 3680 repletum

371 3709 599 3784 acceptorem
633 3725 869 3785 personarum
906 3726 977 3769 non
1018 3706 1180 3769 credunt.
1219 3706 1281 3769 Ait
1313 3708 1405 3767 enim
1444 3708 1479 3768 in
1519 3708 1676 3786 quadam
1690 3698 1705 3791 ll

372 3808 556 3874 Omelia
577 3832 723 3893 super
745 3814 1020 3876 Iohannem:
1047 3813 1207 3876 «Dicant
1229 3825 1313 3893 ergo
1336 3815 1475 3895 pagani,
1500 3815 1616 3893 inquit
1637 3814 1709 3876 Au·

370 3920 551 3997 gustimus,
587 3921 679 3983 bene
702 3922 864 3983 vivimus.
904 3919 942 3982 Si
965 3939 1031 3999 per
1058 3919 1214 3982 hostium
1246 3939 1318 3982 non
1352 3921 1496 3990 intrant,
1534 3922 1620 4001 quid
1657 3922 1708 3983 eis

370 4026 520 4103 prodest
542 4028 638 4089 unde
661 4028 885 4108 gloriantur?
931 4027 990 4089 Ad
1013 4027 1081 4090 hoc
1098 4029 1191 4090 enim
1206 4028 1316 4090 debet
1327 4028 1518 4107 unicuique
1534 4029 1709 4107 prodesse

370 4132 461 4194 bene
491 4135 622 4207 vivere,
656 4138 696 4197 ut
725 4136 832 4198 detur
860 4136 912 4197 illi
942 4153 1084 4214 semper
1113 4136 1245 4196 vivere.
1291 4133 1382 4196 Nam
1412 4136 1470 4197 cui
1500 4154 1570 4197 non
1601 4137 1709 4197 datur

370 4258 512 4320 semper
533 4242 664 4315 vivere,
701 4242 788 4322 quid
819 4244 912 4305 enim
935 4242 1084 4321 prodest
1106 4243 1199 4304 bene
1221 4242 1372 4303 vivere?
1411 4241 1504 4327 Quia
1526 4261 1593 4304 nec
1615 4244 1707 4305 bene

369 4348 490 4411 vivere
515 4349 658 4411 dicendi
681 4353 773 4421 sunt,
798 4352 859 4429 qui
897 4348 1005 4411 finem
1040 4350 1132 4411 bene
1169 4348 1315 4410 vivendi
1349 4349 1408 4410 vel
1445 4350 1596 4412 cecitate
1630 4368 1708 4411 nes·

371 4458 476 4528 ciunt,
501 4457 559 4519 vel
581 4457 774 4519 inflacione
797 4460 1061 4537 contempnunt.
1109 4455 1187 4517 Non
1211 4458 1265 4517 est
1289 4458 1409 4517 autem
1433 4458 1599 4535 cuiquam
1623 4474 1707 4535 spes

371 4582 458 4626 vera
482 4568 518 4627 et
541 4568 641 4627 certa
663 4583 806 4643 semper
828 4564 982 4637 vivendi,
1018 4564 1088 4625 nisi
1111 4566 1281 4643 agnoscat
1304 4564 1416 4625 vitam
1439 4582 1508 4642 que
1532 4566 1586 4625 est
1602 4562 1707 4643 Xpis·

371 4674 437 4745 tus,
478 4675 515 4734 et
541 4690 608 4751 per
639 4673 783 4733 ianuam
816 4672 925 4733 intret
959 4672 996 4731 in
1030 4671 1132 4733 ovile.
1180 4669 1343 4755 Querunt
1379 4682 1462 4750 ergo
1497 4671 1709 4750 plerumque

377 4869 588 4877 ———-—-—-

475 5020 508 5080 α)
528 5032 562 5062 =
582 5016 766 5068 collendum.
808 5016 839 5079 b)
857 5030 892 5061 =
912 5015 1042 5068 laticem.

479 5191 499 5258 ¹)
519 5192 563 5246 ef.
582 5209 687 5261 supra.
707 5192 779 5259 Cap.
799 5192 924 5259 V111,p.
943 5192 986 5246 63.
