4300 6117
816 996 1004 1050 muamus
1026 997 1210 1051 nonnum
1608 985 1676 1050 419

343 1220 534 1282 arbitrium
570 1237 652 1281 cum
684 1220 806 1281 divina
840 1212 1151 1300 predestinacione
1185 1223 1282 1282 stare
1306 1236 1412 1299 posse
1438 1220 1582 1300 plurimi
1604 1239 1677 1283 non

342 1325 523 1400 viderunt.
539 1327 719 1388 dicentes:
746 1325 976 1390 «Considera
1000 1345 1112 1407 opera
1127 1325 1204 1400 Dei.
1228 1327 1326 1406 quod
1349 1343 1453 1388 nemo
1470 1328 1583 1407 possit
1600 1345 1676 1389 cor-

341 1435 462 1515 rigere
475 1452 582 1513 quem
593 1434 653 1495 ille
666 1434 870 1514 despexerit
883 1432 925 1495 »¹.
936 1470 977 1482 -
988 1433 1144 1518 Quidam
1154 1452 1242 1496 vero
1251 1435 1415 1497 omnibus
1428 1435 1545 1496 causis
1553 1452 1676 1496 casum

344 1546 383 1605 et
406 1544 586 1604 fortunam
608 1543 828 1621 proponunt;
854 1541 977 1603 dicunt
1001 1542 1113 1604 enim:
1149 1540 1280 1603 ‹Verti
1303 1560 1360 1603 me
1382 1542 1432 1603 ad
1454 1541 1562 1614 aliud,
1587 1541 1676 1602 vidi-

344 1668 418 1730 que
440 1650 507 1711 sub
531 1649 606 1710 sole
630 1665 747 1726 neque
762 1649 937 1711 velocium
954 1666 1034 1711 esse
1051 1667 1203 1719 cursum.
1228 1666 1346 1727 neque
1360 1649 1510 1711 forcium
1531 1649 1674 1720 bellum,

322 1753 327 1762 ’
342 1776 462 1836 neque
485 1756 706 1836 sapiencium
728 1773 868 1835 panem,
889 1774 1010 1836 neque
1026 1757 1215 1818 doctorum
1230 1754 1390 1828 divicias,
1415 1774 1482 1830 nec
1497 1754 1676 1818 artificum

341 1865 513 1946 graciam,
525 1864 592 1926 sed
606 1865 746 1943 tempus
761 1881 954 1943 casumque
965 1863 1003 1924 in
1018 1863 1182 1925 omnibus
1195 1883 1210 1916 ›
1224 1861 1245 1924 ².
1256 1895 1295 1904 —
1304 1861 1384 1925 Non
1399 1863 1513 1925 solum
1527 1851 1675 1941 quidam

342 1971 524 2054 prophani
546 1970 719 2040 moderni,
750 1972 806 2031 set
827 1970 938 2049 prisci
960 1987 1069 2048 quam
1093 1969 1203 2042 multi,
1229 1988 1268 2031 os
1291 1970 1329 2030 in
1351 1970 1467 2032 celum
1490 1971 1673 2049 ponentes,

343 2079 425 2142 ausi
459 2080 542 2139 sunt
565 2078 722 2139 divinam
755 2077 934 2138 iusticiam
955 2077 1211 2138 labefactatam
1227 2066 1241 2159 ll
1267 2079 1476 2146 monstrare,
1514 2094 1594 2138 cum
1622 2077 1674 2138 di·

341 2189 447 2248 cunt:
486 2183 601 2245 «Vidi
624 2184 753 2263 impios
774 2183 944 2263 sepultos,
969 2185 1031 2262 qui
1054 2202 1136 2245 cum
1150 2187 1165 2218 ²
1197 2183 1316 2245 adhuc
1350 2184 1512 2245 viverent
1535 2184 1572 2244 in
1595 2184 1674 2246 loco

343 2296 473 2355 sancto
484 2295 597 2364 erant,
609 2294 644 2353 et
656 2291 900 2352 laudabantur
910 2292 947 2352 in
959 2291 1104 2352 civitate
1117 2291 1220 2369 quasi
1231 2291 1406 2353 iustorum
1418 2309 1567 2370 operum
1578 2289 1620 2353 »³.
1631 2323 1675 2332 -

341 2399 481 2462 Contra
503 2398 568 2460 hos
591 2416 688 2470 vero,
723 2415 814 2476 quos
836 2397 920 2478 legit
943 2397 1106 2477 prolasse
1129 2398 1222 2460 inter
1244 2399 1359 2460 bonos
1373 2400 1419 2468 et
1441 2399 1554 2460 malos
1578 2398 1677 2478 apud

343 2507 462 2568 Deum
478 2506 611 2568 nullam
626 2504 705 2566 fore
722 2505 943 2576 distanciam‚
961 2505 999 2565 in
1020 2511 1141 2566 νΙΙΙΙο
1164 2507 1354 2585 capitulo
1370 2506 1530 2585 scripsit:
1554 2522 1569 2556 ‹
1586 2505 1676 2567 Sunt
1801 2557 1804 2564 .

342 2615 431 2676 iusti
466 2616 575 2692 atque
608 2612 798 2692 sapientes,
835 2613 871 2673 et
893 2629 1005 2691 opera
1038 2630 1161 2673 eorum
1183 2613 1220 2673 in
1244 2631 1352 2674 manu
1373 2612 1458 2685 Dei;
1499 2616 1535 2674 et
1556 2616 1677 2675 tamen

342 2721 461 2783 nescit
483 2720 588 2782 homo
611 2721 731 2780 utrum
752 2718 836 2782 odio
858 2719 917 2780 vel
939 2736 1061 2781 amore
1086 2719 1211 2799 dignus
1233 2720 1288 2780 sit.
1328 2718 1402 2781 Sed
1425 2719 1543 2781 omnia
1564 2719 1602 2780 in
1624 2718 1677 2781 fu·

343 2832 465 2891 turum
490 2830 680 2889 servantur
710 2827 858 2896 incerta,
894 2844 937 2887 eo
961 2826 1059 2905 quod
1081 2827 1250 2888 universa
1279 2844 1369 2905 eque
1393 2827 1559 2889 eveniunt
1582 2827 1676 2888 iusto

345 2939 382 2997 et
403 2935 523 3015 impio,
548 2935 643 2996 bono
666 2936 703 2995 et
725 2933 830 3004 malo,
855 2933 988 2995 mundo
1013 2936 1048 2995 et
1070 2934 1262 3005 immundo,
1287 2933 1483 2996 immolanti
1513 2933 1676 2996 victimas

342 3046 383 3105 et
406 3041 586 3104 sacrificia
610 3040 884 3119 contempnenti,
909 3043 976 3101 etc.
996 3038 1035 3094 »⁴
1059 3075 1102 3086 -
1125 3039 1236 3102 Nimis
1261 3041 1374 3103 eciam
1398 3040 1553 3119 quidam,
1579 3040 1677 3102 avidi

227 3152 231 3160 '
345 3150 419 3211 vite
454 3147 641 3228 presentis,
680 3147 731 3208 nil
752 3147 1087 3226 pretermittendum
1122 3166 1189 3228 pro
1211 3148 1323 3228 ipsius
1359 3149 1471 3210 tutela
1506 3149 1676 3229 garriunt,

347 3256 558 3318 roboantes:
585 3253 725 3316 «Nemo
749 3256 804 3315 est
827 3254 889 3333 qui
911 3272 1054 3333 semper
1068 3255 1176 3327 vivat,
1200 3258 1235 3316 et
1258 3255 1320 3334 qui
1342 3254 1446 3317 huius
1470 3256 1522 3341 rei
1544 3255 1678 3318 habeat

344 3362 528 3424 fiduciam.
550 3359 681 3423 Melior
703 3363 758 3423 est
782 3361 881 3422 canis
896 3361 999 3422 vivus
1021 3361 1125 3423 leone
1147 3365 1287 3424 mortuo
1303 3359 1344 3417 »⁵
1361 3395 1398 3405 —-
1418 3352 1435 3445 ΙΙ
1462 3360 1576 3424 Deum
1599 3381 1678 3424 nes-

347 3471 420 3531 cire
456 3487 527 3549 que
551 3469 618 3530 sub
642 3469 747 3549 globo
781 3468 898 3529 lunari
931 3471 1112 3548 geruntur,
1148 3469 1417 3531 menciebantur
1440 3469 1595 3548 quidam,
1631 3470 1677 3532 de

344 3577 477 3656 quibus
500 3575 623 3638 subdit
649 3575 686 3636 in
709 3575 929 3655 capitulo
952 3583 994 3636 x:
1036 3573 1130 3638 «Est
1153 3578 1189 3637 et
1211 3576 1353 3646 malum,
1389 3577 1487 3655 quod
1509 3576 1584 3638 vidi
1610 3577 1677 3638 sub

346 3684 422 3745 sole
447 3683 551 3761 quasi
574 3700 641 3762 per
664 3700 823 3744 errorem
846 3682 1031 3762 egrediens
1057 3701 1080 3743 a
1094 3683 1186 3744 facie
1201 3682 1389 3763 principis:
1414 3684 1570 3763 positum
1591 3683 1677 3745 stul·

347 3794 423 3852 tum
446 3791 483 3850 in
505 3790 680 3870 dignitate
703 3789 855 3861 sublimi,
881 3791 916 3850 et
946 3788 1075 3850 divites
1098 3789 1224 3851 sedere
1250 3789 1427 3852 deorsum.
1451 3789 1538 3852 Vidi
1554 3808 1678 3852 servos

345 3898 385 3959 in
406 3897 518 3976 equis,
544 3899 580 3958 et
602 3897 784 3976 principes
807 3896 1041 3966 ambulantes,
1067 3896 1170 3974 quasi
1194 3914 1327 3968 servos¹
1355 3914 1466 3977 super
1480 3901 1614 3959 terram
1627 3918 1642 3952 s
1655 3895 1676 3958 ⁰.

349 4041 388 4049 -
412 4003 490 4065 Has
524 4022 660 4084 paucas
693 4004 938 4066 conclusiones
963 4021 1006 4064 ex
1027 4002 1125 4064 mille
1148 4002 1267 4083 placet
1290 4004 1457 4083 tetigisse,
1493 4007 1533 4065 ut
1555 4006 1678 4066 notum
1755 4025 1758 4032 ’

348 4113 393 4174 sit
414 4112 511 4174 unde
536 4111 708 4173 ceciderit
730 4111 885 4189 sapiens,
909 4111 1006 4191 gigas
1029 4109 1232 4180 immensus,
1255 4113 1291 4171 et
1313 4114 1446 4189 paveat
1467 4111 1565 4173 bivia
1588 4130 1678 4173 onus

349 4219 436 4280 illud
460 4221 647 4297 temptare,
682 4218 750 4278 sub
774 4234 845 4296 quo
868 4217 1012 4278 maximi
1034 4215 1237 4279 Athalantis
1273 4217 1409 4278 robusti
1439 4217 1605 4281 defecere
1628 4219 1678 4279 la·

347 4325 445 4388 certi.
471 4323 562 4387 Puto
586 4324 680 4386 enim
693 4324 870 4385 neminem
885 4323 1045 4385 visurum
1061 4323 1280 4386 concubinas
1304 4325 1515 4404 reginasque
1530 4343 1678 4387 numero

352 4521 560 4531 ———.

453 4672 485 4732 u)
504 4695 540 4704 -
557 4684 636 4721 cum.

455 4845 476 4911 1)
496 4846 541 4901 cf.
561 4846 671 4910 noete„
689 4846 753 4909 vn,
772 4845 815 4897 14.

440 4921 476 5002 ’ἢ
495 4937 582 4999 uui,
600 4935 651 4998 ur,
665 4937 709 4988 11.

456 5025 478 5091 ¹)
496 5028 586 5089 rura,
603 5025 682 5091 vm,
702 5026 744 5078 ιο.

455 5113 477 5182 ⁴)
496 5117 582 5178 niu,
601 5115 653 5177 rx,
671 5116 697 5178 1,
713 5114 738 5167 2.

455 5201 477 5269 Β)
495 5207 581 5268 ura,
599 5204 625 5257 4.

456 5291 477 5361 ⁸)
495 5296 582 5358 utu,
600 5295 636 5359 x,
655 5296 711 5349 επ.
