4300 6117
466 938 531 1001 380
786 940 788 943 ’
974 949 1134 1005 LUCULA
1156 947 1295 1004 NOCTIS

454 1172 617 1234 ,dacione
640 1172 803 1252 stipatus,
839 1175 1012 1252 sequatur
1045 1173 1178 1236 ariolos
1203 1174 1240 1235 et
1262 1185 1393 1254 magos,
1429 1173 1693 1252 demonumque
1724 1173 1797 1235 cul·

464 1280 571 1352 tores,
597 1297 687 1358 quos
710 1279 867 1342 omnium
889 1298 1022 1359 parens
1046 1280 1136 1342 iuxit
1159 1298 1182 1341 a
1202 1283 1299 1342 terra
1323 1281 1538 1360 stirpandos.
1563 1279 1797 1342 Nicromanti·

465 1403 527 1447 cus
564 1386 731 1466 equidem
755 1385 944 1467 Pictagora
959 1391 974 1421 ²
996 1385 1073 1458 luit,
1102 1387 1134 1449 si
1158 1388 1338 1450 credimus
1361 1387 1559 1468 Augustino
1570 1385 1589 1448 ¹.
1629 1384 1798 1449 Socrates

464 1512 550 1555 vero
566 1494 702 1556 cunctis
715 1494 1078 1557 determinacionibus
1095 1495 1168 1556 suis
1182 1495 1343 1557 demonis
1355 1493 1564 1574 proterebat
1580 1512 1754 1573 responsa
1764 1484 1796 1576 Ιξε

258 1601 288 1662 Β
303 1601 375 1663 94¹⁰
465 1600 563 1661 iure
586 1618 741 1679 namque
765 1602 985 1663 canonico
1009 1603 1161 1681 quisque
1195 1601 1381 1664 familiaris
1406 1601 1567 1665 demonis
1597 1591 1612 1683 li
1643 1600 1798 1663 habetur

464 1707 643 1769 hereticus
653 1707 674 1768 ⁴².

417 1815 447 1878 7.
570 1812 703 1877 Merito
727 1826 811 1895 ergo
833 1833 937 1877 sacra
953 1815 1190 1897 phylosophia
1214 1815 1325 1878 abicit
1340 1816 1587 1878 meretriculas
1610 1816 1657 1877 ab
1674 1818 1796 1895 egroto

462 1916 648 1999 Torquato
660 1922 737 1984 sola
752 1922 906 1984 sanitiva
922 1919 1106 1993 eIusdemI,
1127 1922 1211 2001 quia
1227 1924 1404 2002 probante
1418 1922 1672 2004 Augustino
1684 1930 1796 1983 XVIII

462 2027 577 2089 libro
599 2028 660 2090 De
691 2027 782 2090 Civ.
805 2028 900 2101 Dei,
925 2047 1017 2108 cap.
1042 2027 1130 2102 ΧΗ,
1155 2029 1274 2092 littere
1297 2030 1477 2092 seculares
1501 2029 1550 2091 ad
1564 2032 1657 2092 bene
1675 2030 1795 2092 viven-

463 2135 547 2196 dum
572 2153 643 2197 non
666 2137 863 2209 conferunt,
899 2137 965 2198 sed
987 2136 1064 2198 sole
1087 2137 1218 2208 divine,
1244 2155 1335 2216 quas
1359 2140 1396 2199 et
1418 2137 1450 2199 si
1472 2155 1595 2204 omnes
1617 2137 1699 2199 dico
1723 2155 1795 2198 mo·

462 2242 567 2315 rales,
591 2244 763 2323 precipue
788 2244 907 2305 tamen
930 2243 977 2305 de
998 2245 1160 2306 moribus
1186 2243 1297 2306 edunt
1322 2247 1460 2306 tractus
1486 2245 1522 2304 in
1538 2244 1640 2306 libris
1656 2243 1794 2324 sapien·

463 2349 613 2412 cialibus
637 2350 858 2421 recollectos,
882 2367 973 2428 quos
996 2352 1130 2431 utique,
1157 2351 1253 2412 omni
1276 2343 1517 2432 excepcioneb
1540 2354 1686 2423 semota,
1703 2350 1794 2412 veri·

462 2459 546 2529 tate,
571 2457 772 2528 sentenciis,
800 2456 973 2520 facilitate
998 2460 1035 2519 et
1057 2458 1212 2521 utilitate
1234 2459 1377 2538 prefero
1394 2458 1569 2520 universis
1593 2461 1630 2520 et
1648 2458 1793 2537 singulis

462 2563 568 2625 dictis
592 2567 629 2626 et
650 2563 751 2626 libris
775 2583 797 2625 a
819 2563 1011 2635 Mercurio,
1051 2563 1275 2645 Picthagora,
1313 2564 1474 2638 Socrate,
1496 2563 1691 2636 Aristotile,
1715 2563 1793 2626 Plo·

461 2671 545 2742 tino,
560 2669 735 2744 Varrone,
758 2666 886 2744 Tullio,
912 2670 1058 2746 Seneca,
1086 2675 1122 2734 et
1145 2673 1225 2734 aliis
1249 2673 1534 2753 quibuscumque
1555 2672 1707 2752 prolatis
1735 2672 1793 2733 vel

460 2779 614 2857 scriptis,
639 2780 731 2841 sicut
753 2779 791 2840 in
814 2779 971 2859 capitulo
994 2780 1204 2858 precedenti
1225 2780 1357 2842 notavi.
1392 2816 1433 2825 -
1469 2778 1645 2864 Quinymo
1668 2777 1792 2840 horum

459 2885 611 2963 quilibet
634 2885 856 2948 ethnicorum
889 2886 1090 2949 laureatum
1127 2890 1306 2966 antepono
1327 2885 1554 2966 Xpistianum
1578 2887 1614 2948 et
1636 2885 1792 2948 florenti-

459 3010 543 3053 num
567 2991 820 3065 Petrarcam,
857 2994 942 3083 quia
964 2992 1021 3055 hic
1044 2994 1170 3056 habuit
1193 2994 1270 3056 veri
1293 2993 1376 3056 finis
1399 2993 1577 3066 noticiam,
1613 3011 1720 3072 quem
1742 2992 1796 3054 illi

460 3116 532 3160 non
547 3103 694 3173 norunt;
711 3099 772 3161 ille
788 3100 917 3163 didicit
931 3099 1156 3181 Scripturam
1172 3101 1330 3162 divinam
1348 3118 1418 3180 qne
1433 3101 1610 3162 neminem
1625 3099 1717 3161 taIIit
1731 3099 1795 3162 do·

459 3211 615 3281 centem;
654 3207 707 3268 illi
741 3210 862 3269 autem
896 3206 1077 3269 racionem
1114 3209 1254 3270 tumore
1289 3226 1376 3288 sepe
1410 3209 1571 3270 cecatam
1604 3208 1733 3269 sectati
1758 3208 1796 3268 in

459 3315 578 3376 varios
604 3315 811 3377 ceciderunt
835 3332 992 3388 errores;
1025 3314 1076 3375 illi
1104 3314 1242 3388 falsam,
1265 3313 1324 3376 hic
1347 3318 1509 3376 sanctam
1531 3313 1795 3395 philosophiam

460 3421 622 3500 possedit
632 3418 653 3482 ⁵.
678 3420 781 3483 Hanc
805 3433 889 3502 ergo
912 3422 1173 3494 commendant,
1199 3423 1262 3500 qui
1285 3439 1371 3483 vere
1393 3421 1655 3501 philosophiam
1678 3439 1794 3485 mora·

459 3528 528 3590 lem
551 3527 703 3590 laudare
726 3529 896 3600 nituntur,
933 3531 968 3590 et
989 3528 1226 3609 philosophos
1251 3529 1326 3591 eius
1363 3531 1461 3590 recte
1495 3529 1690 3591 secundnm
1714 3546 1794 3590 eam

566 3964 598 4025 a)
619 3978 654 4008 τ·-
672 3961 879 4031 Picthagoras.
916 3963 947 4026 h)
966 3978 1001 4008 :
1019 3962 1192 4030 ereptione.

566 4137 587 4202 ¹)
606 4140 636 4192 S.
655 4148 730 4194 on.
748 4142 829 4193 Auo.
847 4142 894 4194 De
914 4140 998 4193 civil.
1012 4142 1072 4194 Der
1088 4139 1166 4202 VIII,
1186 4149 1283 4192 xxxv.

568 4225 588 4294 ⁷)
607 4229 704 4282 GRAI.
723 4231 844 4283 Deerat.
865 4229 938 4297 Cap.
957 4228 992 4283 st
1008 4233 1086 4295 quis,
1104 4239 1124 4291 1,
1142 4230 1260 4296 quaest
1279 4238 1310 4292 v,
1328 4243 1420 4281 cansa
1438 4228 1543 4280 XXVI.

566 4315 587 4384 3)
606 4320 641 4372 A.
662 4318 703 4370 Μ.
721 4316 821 4385 Toxq.
839 4318 936 4371 ΒοΕΤ.
955 4320 1002 4373 De
1023 4318 1140 4371 Consol.
1157 4319 1271 4387 philos.
1292 4318 1313 4380 1,
1329 4333 1427 4385 prosa
1441 4321 1554 4385 prima.
1574 4317 1677 4385 Migue
1688 4317 1793 4380 LXIII,

457 4411 514 4462 col.
533 4409 595 4462 590.

565 4496 832 4564 ⁴)S.AI1R.AUG.
862 4500 908 4552 De
929 4497 1289 4561 crvII.Dez,xvl11,x1.
1328 4497 1413 4550 «Nos
1431 4511 1507 4550 vero
1525 4495 1558 4550 in
1574 4499 1703 4551 nostrae
1721 4498 1793 4550 reli-

457 4589 556 4656 gionis
574 4588 716 4651 historia,
741 4587 811 4641 fulti
835 4589 1017 4641 anctoritate
1035 4587 1151 4650 divina,
1170 4587 1318 4654 quidquid
1335 4587 1365 4638 ei
1383 4585 1508 4652 resistit,
1533 4601 1598 4640 nou
1615 4586 1793 4640 dubitamus

458 4692 528 4730 esse
546 4677 750 4730 falsissimum
768 4677 1000 4744 quomodolibet
1018 4690 1088 4729 sese
1105 4675 1242 4729 habeant
1260 4678 1364 4730 cetera
1382 4676 1415 4728 in
1433 4675 1644 4729 saecularibus
1666 4676 1792 4740 litteris;

402 4791 406 4797 ·
457 4782 539 4835 quae
557 4783 614 4820 seu
631 4781 718 4830 vera,
745 4781 799 4820 sen
817 4765 898 4819 falsa
917 4767 988 4828 sint,
1012 4766 1090 4818 nihil
1115 4766 1263 4820 momenti
1288 4764 1433 4828 atterunt,
1458 4779 1519 4831 quo
1538 4766 1621 4818 recte
1638 4765 1793 4832 beateque

457 4857 632 4910 vivamus».
651 4856 687 4909 In
708 4855 799 4924 Oper.
818 4857 839 4908 t.
858 4855 922 4918 VII,
942 4858 999 4909 col.
1017 4855 1080 4909 600.

563 4944 586 5012 ⁶)
613 4946 657 4999 CI.
685 4946 795 5013 l'eloge
819 4945 859 4998 de
883 4945 1056 5011 Pe'trarque
1081 4959 1139 5011 par
1164 4945 1200 4997 G.
1226 4944 1379 4999 Dominici
1403 4959 1480 4999 avec
1507 4943 1587 4998 celui
1618 4944 1710 5012 qn'en
1733 4943 1792 4998 tait

458 5035 489 5089 C.
508 5034 639 5089 Salutati
659 5036 738 5088 dans
757 5049 792 5086 sa
811 5033 949 5087 lamense
973 5035 1067 5087 lettre
1086 5033 1105 5086 ὲ
1122 5034 1259 5091 Roberto
1279 5033 1486 5097 Guldt,oonte
1504 5035 1538 5086 dl
1552 5031 1708 5098 Butttsole,
1736 5049 1792 5088 sur

457 5126 488 5178 la
511 5127 594 5178 mort
622 5126 664 5178 de
688 5125 869 5191 Petrarque.
907 5124 1098 5191 Epistolario
1123 5126 1156 5176 dl
1184 5122 1214 5175 C.
1234 5121 1375 5186 salutati,
1391 5125 1414 5176 t.
1433 5123 1456 5185 1,
1474 5123 1528 5175 lib.
1545 5123 1595 5188 111,
1613 5124 1701 5191 epist.
1726 5123 1791 5189 XV,

457 5231 487 5283 p.
509 5216 562 5268 176
580 5230 626 5282 sq.
