4300 6117
867 890 1054 943 IOHANNIS
1076 890 1258 943 DOMINICI
1641 880 1707 945 343

479 1112 690 1175 Paucissimi
723 1114 816 1175 enim
840 1130 883 1174 ex
910 1113 1199 1175 circumscisione
1227 1113 1477 1175 abstinuerunt
1505 1132 1527 1175 a
1557 1114 1706 1194 nupciis,
1721 1112 1752 1175 8.

372 1224 476 1282 etex
508 1220 680 1301 prepucia
712 1221 826 1281 solum
856 1221 1079 1282 nominamus
1103 1219 1289 1281 Platonem
1312 1220 1358 1281 de
1382 1220 1469 1281 viris
1498 1211 1512 1303 ll
1542 1223 1578 1282 et
1602 1239 1708 1300 quos·
1721 1218 1857 1282 Ι.100νο
1874 1218 1990 1281 B84I⁰

372 1327 466 1399 dam,
492 1328 561 1407 qui,
587 1328 636 1389 ad
652 1329 855 1389 castitatem
871 1328 1087 1389 servandam
1103 1327 1332 1389 lectisterniis
1349 1346 1392 1387 ex
1407 1328 1502 1389 foliis
1518 1328 1600 1407 agni
1617 1328 1707 1392 casti

373 1434 559 1513 completis
583 1438 724 1496 utentes
735 1434 755 1506 ¹,
794 1435 928 1496 lamina
950 1434 1088 1513 plumbi
1111 1436 1285 1495 cubantes
1308 1435 1357 1496 ad
1387 1453 1491 1496 renes
1514 1437 1706 1514 ponebant,

372 1543 411 1602 ut
434 1542 610 1603 violenter
634 1541 795 1605 efficeret
818 1561 888 1613 ars,
911 1542 1008 1620 quod
1032 1543 1162 1603 natura
1186 1560 1266 1602 curn
1289 1542 1410 1621 gracia
1435 1543 1614 1603 communi
1637 1560 1708 1603 non

373 1646 591 1710 conferebat.
615 1648 656 1710 In
672 1666 759 1710 sexu
775 1668 862 1711 vero
885 1646 1038 1709 femineo
1063 1649 1146 1709 etsi
1167 1649 1289 1727 plures
1306 1649 1464 1729 legamus
1488 1649 1580 1711 hanc
1596 1649 1708 1710 vitam

371 1757 553 1834 professas
588 1758 680 1817 sicut
703 1758 740 1817 in
763 1756 921 1835 quodam
956 1755 1108 1817 cenobio
1130 1755 1231 1833 apud
1255 1754 1447 1817 Crotonam
1471 1757 1607 1836 primus
1631 1774 1709 1817 rec·

372 1863 458 1924 lusit
475 1862 707 1943 Picthagoras
732 1861 872 1924 Samius
883 1862 903 1935 “-’,
928 1864 964 1924 et
988 1881 1057 1942 que
1082 1860 1194 1924 Rome
1217 1864 1518 1941 nuncupabantur
1540 1864 1706 1935 vestales,

371 1970 407 2030 vi
430 1970 555 2049 pocius
571 1988 680 2049 quam
696 1988 819 2031 amore
835 1971 934 2031 illum
949 1972 1082 2030 statum
1098 1987 1330 2047 preservasse
1346 1969 1523 2040 videntur,
1547 1970 1578 2030 si
1594 1988 1708 2049 penas

371 2077 543 2138 immanes
568 2077 859 2156 delinquentibus
884 2076 1153 2138 consideramus
1177 2076 1306 2137 illatas.
1331 2076 1431 2145 Nam,
1456 2079 1548 2138 teste
1572 2075 1710 2157 Augus·

372 2185 455 2255 tino,
480 2183 546 2243 III⁰
570 2183 633 2243 De
657 2182 747 2245 Cir.
772 2182 865 2254 Dei,
891 2201 969 2262 cap.
993 2192 1045 2253 v0,
1074 2184 1172 2262 «ipsi
1188 2181 1339 2244 Romani
1363 2185 1501 2263 antiqui
1524 2186 1560 2245 in
1581 2188 1709 2263 stupro

372 2292 534 2352 detectas
558 2291 712 2353 vestales
735 2290 952 2361 sacerdotes,
990 2292 1026 2351 et
1049 2290 1151 2351 vivas
1181 2291 1295 2352 eciam
1330 2291 1572 2362 defodiebant,
1608 2292 1710 2352 adul·

373 2400 467 2459 teras
492 2401 613 2459 autem
636 2396 797 2469 feminas,
827 2377 990 2476 quamvis
1014 2398 1137 2476 aliqua
1161 2397 1431 2477 dampnacione,
1468 2398 1565 2459 nulla
1589 2401 1709 2459 tamen

372 2508 486 2566 morte
509 2506 716 2585 plectebant
732 2524 746 2559 ι
760 2503 780 2566 ³.
822 2502 895 2565 Sub
918 2502 986 2566 hoc
1010 2505 1127 2583 rigore
1156 2523 1222 2584 per
1243 2505 1397 2583 lupanar
1419 2505 1592 2584 virginem
1616 2507 1708 2567 trac·

373 2614 446 2673 tam
467 2612 551 2673 licet
575 2612 757 2683 intactam,
784 2614 820 2674 et
843 2612 996 2672 alteram
1012 2629 1084 2690 quo
1100 2629 1202 2672 suam
1219 2613 1334 2672 artem
1351 2612 1538 2689 experiens
1555 2614 1709 2673 metrum

372 2720 535 2790 ediderit,
550 2718 699 2797 nupcias
712 2718 910 2779 decantans
921 2716 1043 2779 felices
1057 2717 1254 2779 dicentem:
1272 2717 1429 2779 «Felices
1442 2721 1563 2798 nupte,
1575 2719 1710 2781 moriar

371 2826 439 2886 nisi
454 2826 590 2887 nubere
606 2826 727 2886 dulce.
739 2870 745 2885 .
757 2871 781 2886 ..
795 2848 821 2886 ι.
840 2823 1057 2886 Sacerdocio
1074 2843 1147 2904 quo
1162 2826 1402 2905 fungebantur
1418 2825 1536 2887 edicto
1552 2827 1707 2906 publico,

371 2934 437 2995 sub
461 2933 524 2993 lite
548 2933 748 2995 contestato
770 2931 960 2993 voluerunt
981 2932 1136 3011 privare,
1162 2932 1192 2992 si
1216 2930 1505 2993 Cordubensi
1530 2933 1708 2995 credimus

371 3040 599 3102 declamanti.

477 3145 606 3207 Adhuc
629 3144 694 3207 hec
719 3147 853 3207 veritas
877 3146 974 3207 lucet
997 3145 1130 3208 nostris
1159 3145 1297 3217 diebus,
1328 3164 1373 3207 ne
1402 3146 1481 3225 quis
1512 3148 1611 3208 dicat
1641 3149 1708 3208 sub
1723 3142 1754 3205 9.

371 3256 533 3331 tempore
557 3252 785 3314 condiciones
809 3252 981 3313 humanas
1004 3255 1169 3324 mutatas,
1195 3271 1278 3314 nam
1294 3271 1375 3313 cum
1394 3253 1500 3332 pauci
1515 3254 1707 3333 gentilium,

370 3378 459 3438 quos
476 3358 557 3441 Syri
573 3359 792 3421 facherios
807 3362 949 3431 vocant,
975 3378 1013 3419 se
1031 3362 1212 3439 exponunt
1229 3360 1431 3422 castitatem
1448 3378 1603 3432 servare,
1622 3362 1709 3423 nudi

371 3467 542 3528 incedunt
564 3467 707 3545 ubique,
733 3468 769 3527 et
792 3466 887 3527 omni
904 3468 1065 3545 tempore
1089 3468 1216 3527 ferreis
1233 3468 1375 3528 circulis
1392 3466 1549 3528 brachiis
1566 3469 1601 3528 et
1618 3470 1709 3533 reni·
1823 3480 1826 3485 '

370 3575 437 3635 bus
460 3573 620 3652 undique
654 3573 779 3635 cinctis
804 3576 913 3652 atque
948 3573 1063 3635 calibe
1095 3574 1310 3652 genitalibus
1334 3574 1527 3654 perforatis
1551 3576 1709 3649 coerciti,

370 3682 462 3741 sicut
486 3680 611 3741 bubuli
634 3681 747 3741 nostri
770 3681 935 3742 vectores
960 3678 1133 3741 infrenari
1169 3682 1317 3743 naribus
1341 3682 1466 3754 solent,
1502 3682 1710 3760 persistunt,

370 3806 441 3849 non
457 3788 645 3851 credentes
658 3788 797 3866 experti
812 3788 919 3848 aliter
934 3805 1042 3866 posse
1060 3787 1266 3848 castitatem
1285 3806 1543 3850 consummare.
1560 3820 1604 3829 -
1621 3787 1709 3851 Con·

371 3894 498 3956 cordat
517 3894 666 3974 Xpistus
690 3894 727 3954 in
749 3893 817 3954 hoc
841 3894 937 3955 dono
960 3894 1210 3974 perpetuando
1236 3893 1487 3957 difficultatem
1506 3896 1710 3967 ostendens,

370 4002 431 4064 ubi
455 4002 505 4063 ait
529 4004 673 4063 sanctus
697 3999 899 4062 Mattheus:
930 4020 943 4053 ι
960 3999 1029 4085 Qui
1044 4004 1164 4081 potest
1182 4019 1314 4081 capere
1332 4002 1473 4081 capiat!
1488 4000 1535 4075 »4,
1561 4003 1708 4075 scilicet,

369 4110 502 4170 bonum
527 4109 746 4177 castimonie,
783 4108 876 4169 sicut
899 4108 948 4169 ibi
973 4109 1086 4170 verba
1108 4108 1350 4188 precedencia
1374 4112 1512 4180 sonant,
1544 4112 1581 4170 et
1604 4110 1710 4171 divus

369 4215 401 4276 A
411 4236 435 4277 u
445 4227 466 4295 g
476 4236 499 4277 u
509 4234 526 4277 s
538 4218 552 4277 t
563 4216 575 4275 i
585 4234 609 4275 n
619 4233 670 4276 us
695 4216 849 4294 exponit,
875 4216 936 4294 qui
953 4233 1024 4276 non
1039 4216 1194 4294 putabat
1209 4218 1404 4294 antequam
1420 4214 1514 4277 foret
1530 4216 1567 4275 in
1579 4215 1708 4295 Xpisto

370 4326 516 4384 renatus
540 4341 579 4385 se
602 4322 651 4383 ad
674 4321 713 4382 id
727 4321 858 4393 valere,
883 4324 993 4400 prout
1015 4324 1118 4383 notat
1141 4322 1177 4382 in
1200 4322 1302 4383 libris
1327 4320 1707 4397 Confessionum⁵,

478 4646 499 4714 ¹)
519 4647 563 4701 Cf.
582 4648 723 4699 Vmceu'r
742 4656 784 4699 DE
802 4648 975 4711 BEAUVAIS,
1002 4646 1163 4713 Speculum
1180 4648 1339 4711 Naturale,
1366 4647 1418 4700 lib.
1435 4648 1499 4712 XII,
1525 4663 1592 4714 cap.
1613 4658 1708 4713 van,

367 4738 414 4789 De
432 4736 520 4805 Agna
538 4741 632 4789 casto.
654 4764 685 4773 —
706 4735 750 4789 Cf.
769 4752 872 4802 supra,
890 4752 920 4803 p.
938 4736 982 4799 89,
1001 4738 1074 4790 note
1094 4737 1119 4788 5.

476 4824 496 4889 “·’)
517 4825 561 4880 Cf.
580 4825 610 4878 S.
629 4826 743 4878 Enseu.
762 4826 894 4879 Hfflnou.
927 4824 1039 4877 Contra
1057 4827 1204 4877 Iovinian.
1223 4826 1245 4888 Ι,
1265 4822 1283 4892 S
1300 4826 1345 4877 42.
1370 4826 1406 4878 In
1427 4824 1516 4891 Oper.
1537 4825 1573 4887 II,
1593 4826 1654 4878 285.

477 4912 497 4979 3)
517 4915 547 4968 S.
558 4914 635 4968 AUR.
655 4916 735 4967 Aue.
753 4916 801 4967 De
816 4913 900 4967 civit.
916 4916 982 4973 Del,
1001 4914 1051 4977 III,
1070 4924 1101 4965 v.
1121 4915 1156 4966 In
1177 4914 1268 4981 Oper.
1286 4915 1350 4979 VII,
1368 4915 1412 4967 82.
1431 4913 1476 4967 Cf.
1489 4912 1638 4979 Tit-liv,
1656 4916 1708 4966 lib.

367 5003 437 5056 VIII
456 5006 491 5057 et
509 5004 601 5055 XXII.

478 5092 499 5159 ⁴)
518 5093 548 5146 S.
567 5095 701 5157 MATTH,
719 5094 797 5157 XIX,
817 5094 859 5145 12.

475 5180 496 5249 ᾖ)
516 5183 546 5236 S.
566 5185 645 5237 Amr.
662 5184 741 5237 Aua.
764 5182 995 5248 Confessionum
1013 5184 1091 5248 VIII,
1110 5194 1152 5236 xl.
1173 5184 1209 5235 In
1230 5182 1321 5250 Oper.
1339 5184 1361 5247 1,
1380 5183 1442 5237 760.
