4300 6117
410 1603 441 1669 3.

185 2563 303 2627 1,Ζόνο
326 2565 355 2626 Β
369 2565 444 2627 11*ο

458 894 501 956 56
958 902 1117 957 LUCULA
1140 901 1279 957 NOCTIS

457 1141 540 1185 nam
564 1124 683 1204 prima
705 1122 869 1187 Veritate
893 1126 1065 1187 testante:
1103 1124 1204 1185 «Alii
1227 1143 1314 1186 vero
1327 1125 1629 1199 ‘laboraverunt
1668 1129 1705 1189 et
1727 1144 1789 1187 nos

457 1232 682 1293 introivimus
705 1231 741 1292 in
764 1232 907 1295 labores
929 1232 1118 1312 ipsorum»
1136 1229 1156 1293 ¹.

562 1390 682 1453 Prima
705 1393 804 1453 racio
820 1392 886 1454 hec
902 1395 973 1455 est:
1008 1391 1303 1472 philosophia
1332 1393 1525 1472 perficit
1554 1392 1789 1454 humanum

456 1500 687 1561 naturam:
711 1511 818 1579 ergo
841 1517 925 1561 non
948 1499 1228 1579 prohibetur
1250 1517 1272 1559 a
1295 1500 1464 1579 gracia.

565 1603 797 1684 Assumptum
813 1608 868 1668 est
883 1605 1032 1677 Annei,
1055 1605 1241 1686 epistola
1264 1604 1461 1677 LXXVII,
1486 1605 1653 1669 dicentis:
1681 1605 1788 1667 ‹Om-

454 1713 515 1775 nia
537 1730 602 1773 suo
624 1713 720 1774 bono
744 1715 918 1775 constant.
951 1711 1073 1774 Vitem
1090 1712 1255 1774 fertilitas
1273 1713 1506 1783 commendat,
1532 1731 1642 1793 sapor
1658 1714 1787 1785 vinum,

454 1820 626 1883 velocitas
665 1837 818 1881 cervum.
866 1818 986 1904 Quare
1023 1818 1138 1881 forcia
1188 1819 1297 1882 dorso
1335 1820 1491 1881 iumenta
1531 1820 1602 1881 sint
1639 1818 1788 1899 queris?

454 1945 606 2006 quorum
629 1925 686 1987 hic
708 1945 793 1988 usus
817 1928 872 1988 est
894 1927 1072 1988 sarcinam
1105 1924 1210 1988 ferre.
1257 1925 1298 1986 In
1329 1944 1426 1997 cane,
1465 1927 1641 2006 sagacitas
1675 1928 1788 2007 prima

455 2036 519 2105 est,
555 2034 584 2094 si
608 2034 823 2113 investigare
846 2033 955 2101 debet
977 2031 1090 2106 feras;
1123 2051 1257 2103 cursus,
1289 2033 1320 2095 si
1350 2035 1536 2112 consequi;
1573 2034 1735 2105 audacia,
1759 2033 1788 2095 si

456 2139 623 2201 mordere
657 2142 694 2201 et
726 2140 907 2201 invadere.
954 2138 998 2201 ld
1021 2140 1150 2219 cuique
1173 2140 1347 2219 optimum
1370 2158 1450 2202 esse
1473 2139 1591 2211 debet,
1629 2140 1686 2202 cui
1711 2158 1788 2201 nas·

456 2248 557 2317 citur,
582 2264 654 2325 quo
678 2248 852 2309 censetur.
899 2245 941 2307 In
964 2246 1105 2309 homine
1129 2248 1302 2326 optimum
1325 2246 1414 2325 quid
1437 2245 1515 2308 est?
1562 2245 1683 2308 Racio.
1712 2245 1789 2309 Hac

456 2354 638 2415 antecedit
660 2353 837 2425 animalia,
862 2354 949 2415 deos
973 2354 1144 2432 sequitur.
1181 2351 1293 2416 Racio
1309 2365 1392 2432 ergo
1408 2352 1578 2433 perfecta,
1603 2354 1789 2434 proprium

456 2462 590 2523 bonum
613 2463 685 2522 est:
720 2462 840 2522 cetera
862 2460 914 2520 illi
945 2478 1026 2521 curn
1054 2460 1267 2521 animalibus
1291 2460 1450 2539 satisque
1474 2461 1674 2521 communia
1698 2462 1787 2522 sunt.

457 2565 589 2629 Valet?
623 2568 660 2628 et
682 2567 813 2628 leones.
858 2566 1050 2629 Formosus
1075 2557 1089 2648 l!
1116 2566 1198 2627 est?
1238 2557 1252 2649 ΙΙ
1294 2569 1330 2627 et
1352 2585 1520 2647 pavones.
1567 2565 1683 2628 Velox
1706 2566 1789 2629 est?

458 2677 494 2735 et
516 2674 609 2752 equi.
655 2672 735 2735 Non
757 2673 858 2735 dico:
892 2674 930 2734 in
957 2672 1024 2734 hiis
1053 2674 1218 2735 omnibus
1242 2674 1404 2735 vincitur.
1451 2672 1530 2734 Non
1554 2691 1676 2753 quero,
1701 2674 1789 2753 quid

455 2780 556 2841 inse
577 2780 768 2841 maximum
791 2779 932 2852 habeat,
969 2772 1048 2859 [sed
1072 2779 1162 2859 quid
1185 2770 1313 2859 suum]
1349 2778 1486 2860 Corpus
1510 2780 1641 2842 habet?
1674 2782 1711 2842 et
1734 2799 1789 2841 ar·

456 2887 573 2947 bores.
621 2885 741 2948 Habet
773 2887 944 2965 impetum
982 2906 1025 2949 ac
1064 2889 1199 2948 motum
1237 2886 1500 2948 voluntarium?
1534 2889 1569 2948 et
1604 2888 1720 2949 bestie
1755 2890 1790 2948 et

455 3012 605 3055 vermes.
652 2992 773 3055 Habet
794 2993 943 3055 vocem?
971 2994 1037 3055 sed
1065 2996 1201 3073 quanto
1232 2994 1420 3055 clariorem
1444 3012 1559 3065 canes,
1585 2996 1789 3056 acuciorem

324 3161 328 3167 ,
456 3100 585 3179 aquile,
603 3101 802 3180 graviorem
818 3100 944 3172 thauri,
963 3100 1160 3162 dulciorem
1177 3101 1470 3180 mobilioremque
1486 3100 1658 3162 lusciniel
1695 3100 1789 3186 Quid

410 3846 442 3909 4.

457 3206 493 3268 in
516 3206 658 3268 homine
680 3207 894 3285 proprium?
939 3206 1055 3269 Ratio.
1103 3206 1181 3270 Hec
1217 3211 1316 3269 recta
1355 3210 1391 3269 et
1429 3210 1646 3279 consumta,
1680 3206 1789 3269 felici·

458 3316 568 3375 tatem
598 3313 748 3375 hominis
779 3314 947 3393 implevit
994 3312 1090 3393 Ergo
1120 3315 1150 3375 si
1176 3315 1289 3375 omnis
1313 3333 1380 3385 res,
1417 3333 1497 3376 cum
1527 3315 1659 3376 bonum
1688 3333 1789 3376 suum

458 3420 609 3501 perlicit,
640 3421 830 3482 laudabilis
867 3424 929 3492 est,
966 3421 1016 3482 ad
1050 3419 1160 3481 finem
1194 3423 1320 3482 nature
1354 3439 1418 3483 sue
1449 3422 1622 3500 pervenit,
1657 3419 1789 3483 homini

458 3530 577 3590 autem
600 3546 702 3589 suum
725 3529 858 3589 bonum
892 3528 990 3590 racio
1014 3529 1077 3598 est,
1104 3528 1134 3589 si
1157 3527 1249 3589 hanc
1273 3528 1424 3608 perficit,
1449 3528 1641 3589 laudabilis
1666 3530 1730 3601 est,
1755 3530 1790 3589 et

457 3634 566 3696 finem
605 3636 734 3695 nature
769 3652 833 3695 sue
872 3635 994 3714 tetigit.
1041 3632 1119 3696 Hec
1154 3635 1252 3695 racio
1285 3633 1457 3714 perfecta,
1488 3636 1602 3696 virtus
1630 3637 1787 3706 vocatur,

460 3741 658 3819 eademque
680 3741 868 3802 honestum
891 3742 969 3802 est.
988 3786 995 3802 .
1014 3787 1020 3802 .
1047 3743 1145 3803 etc.»
1194 3739 1286 3802 Ibi.·²

565 3845 653 3909 Cum
675 3848 781 3928 igitur
796 3848 1000 3928 speculacio
1016 3850 1052 3909 et
1067 3849 1184 3910 ocium
1201 3848 1401 3910 litterarum
1416 3846 1583 3928 perficiat
1599 3848 1787 3920 racionem,

459 3956 616 4017 studium
640 3955 839 4016 litterarum
865 3956 919 4015 est
941 3958 1068 4016 nature
1092 3956 1275 4033 perfectio.
1322 3953 1379 4016 Ab
1403 3954 1470 4017 hac
1495 3955 1626 4017 cecidit
1654 3955 1788 4034 primus

458 4065 581 4123 noster
602 4080 733 4142 parens
757 4063 794 4121 in
817 4063 924 4134 terra,
950 4062 1011 4140 qui
1034 4080 1056 4122 a
1087 4080 1152 4123 suo
1183 4063 1319 4140 optimo
1343 4059 1514 4123 Creatore
1549 4062 1687 4141 positus
1713 4063 1790 4123 erat

457 4170 494 4230 in
517 4169 697 4248 paradiso,
722 4170 762 4229 ut
785 4170 1005 4247 operaretur,
1042 4186 1114 4229 non
1136 4169 1258 4249 glebas
1282 4168 1488 4240 scindendo,
1518 4186 1589 4229 non
1613 4168 1790 4229 tradendo

457 4277 594 4337 semina
623 4276 740 4347 sulcis,
779 4276 836 4336 vel
864 4274 1017 4353 quodvis
1041 4275 1113 4337 tale
1143 4276 1344 4355 practicum
1379 4275 1588 4347 exercendo,
1626 4293 1695 4354 que
1719 4292 1790 4335 non

422 4392 425 4397 '
459 4386 562 4444 erant
585 4396 741 4463 congrua
763 4382 852 4455 loco,
878 4382 953 4454 sed,
978 4384 1018 4443 ut
1041 4384 1255 4461 operaretur
1289 4382 1502 4461 operacione
1532 4382 1666 4461 optima
1689 4382 1789 4443 intel·

457 4489 580 4561 lectus,
605 4490 642 4550 in
665 4487 871 4550 Creatorem
894 4506 961 4569 per
984 4491 1169 4550 creaturas
1193 4488 1370 4568 gradatim
1394 4488 1610 4550 scandendo.
1648 4487 1789 4550 Etenim

459 4596 575 4675 primo
608 4596 819 4658 constitutus
858 4598 913 4656 est
951 4594 1183 4675 philosophus
1219 4613 1326 4674 quam
1361 4595 1553 4675 theologus,
1586 4595 1642 4656 cui
1670 4598 1789 4656 autem

459 4796 672 4807 ———-

565 4953 598 5013 α)
618 4975 649 4984 -
669 4963 755 5001 vero.

568 5071 588 5138 ¹)
609 5072 639 5126 S.
660 5072 901 5135 Ionan.1V,38.

566 5168 587 5234 ρ)
606 5169 729 5234 SENEC,
748 5172 849 5237 Epist.
869 5168 999 5232 Lxxvl,
1018 5169 1093 5222 840.
1132 5168 1286 5242 Quelques
1305 5168 1424 5237 le'geres
1443 5168 1609 5220 variantes.
