4300 6117
399 1082 452 1145 13.

468 851 511 911 62
977 859 1137 913 LUCULA
1160 858 1300 913 NOCTIS

575 1081 741 1144 Profecto
764 1083 868 1144 libuit
885 1081 1056 1154 Ciceroni,
1073 1084 1112 1144 in
1126 1083 1300 1163 prologo
1316 1082 1541 1145 Rhetorice
1557 1084 1801 1154 exclamando,

468 1191 519 1251 sic
542 1190 624 1250 fari:
652 1188 706 1249 «O
722 1190 795 1250 vite
818 1190 1043 1269 philosophia
1062 1190 1149 1251 dux!
1177 1208 1198 1251 o
1219 1190 1362 1252 virtutis
1385 1190 1588 1271 indagatrix
1611 1191 1801 1269 expultrix·

469 1315 538 1376 que
565 1297 747 1366 viciorum,
785 1299 823 1358 tu
845 1297 1024 1358 inventrix
1052 1296 1177 1376 legum,
1214 1300 1252 1359 tu
1281 1298 1452 1377 magistra
1475 1316 1614 1359 morum
1637 1300 1673 1359 et
1696 1298 1802 1359 disci·

468 1403 564 1483 pline
587 1402 724 1465 luisti!>›
740 1401 750 1438 ¹
767 1435 811 1444 —
828 1401 1012 1483 Crisippus
1037 1421 1180 1482 quoque
1219 1404 1322 1466 nobis
1356 1404 1553 1477 subveniat,
1589 1406 1803 1483 tueaturque

466 1512 545 1571 iura
570 1528 644 1571 sua.
677 1508 737 1571 Ait
761 1510 868 1571 enim:
896 1508 1132 1589 «Sapientem
1156 1509 1260 1571 nullis
1285 1510 1444 1590 indigere
1467 1513 1504 1572 et
1526 1513 1599 1571 tam
1615 1510 1666 1571 illi
1681 1510 1801 1572 multis

466 1618 575 1678 rebus
606 1635 696 1696 opus
721 1619 787 1689 est;
829 1619 963 1688 contra,
996 1617 1106 1677 stulto
1131 1617 1227 1677 nulla
1251 1635 1292 1677 re
1315 1636 1404 1695 opus
1429 1620 1493 1688 est,
1523 1617 1621 1679 nulla
1645 1618 1738 1678 enim
1761 1636 1802 1679 re

468 1725 520 1785 uti
550 1724 626 1795 scit,
661 1723 725 1785 sed
763 1724 926 1785 omnibus
965 1726 1053 1803 eget.
1102 1721 1264 1803 Sapienti
1296 1726 1332 1785 et
1361 1724 1464 1795 oculi,
1505 1726 1541 1785 et
1567 1724 1739 1797 manibus,
1764 1727 1802 1786 et

467 1830 587 1891 multis
610 1830 658 1891 ad
682 1830 928 1909 quotidianum
951 1850 1054 1892 usum
1077 1831 1291 1891 necessariis
1318 1849 1408 1909 opus
1426 1832 1488 1901 est,
1513 1831 1579 1892 sed
1603 1833 1681 1911 eget
1704 1832 1802 1892 nulla

465 1956 516 1998 re.
554 1935 670 2016 Egere
692 1938 786 1997 enim
809 1938 1004 1998 necessitas
1028 1938 1092 2007 est.
1117 1936 1227 1998 nichil
1250 1938 1407 2016 sapienti
1431 1955 1577 1999 necesse
1601 1940 1695 2009 est»,
1721 1957 1801 1999 cum

464 2045 604 2115 ceteris,
630 2061 699 2123 que
715 2044 846 2105 diffuse
861 2044 1100 2123 prosequitur.
1121 2078 1160 2083 —
1180 2042 1335 2114 Anneus,
1361 2044 1548 2123 epistola
1569 2042 1702 2115 VIIII,
1733 2044 1800 2106 ele·

462 2151 561 2232 ganti
592 2168 755 2213 sermone
786 2152 945 2229 probans
976 2149 1238 2230 philosophiam
1268 2151 1381 2211 solam
1409 2151 1695 2231 supplementum
1723 2170 1801 2213 esse

464 2257 620 2318 omniurn
644 2257 791 2328 rerum²‚
818 2274 897 2317 cum
922 2256 1121 2329 Salomone,
1147 2257 1193 2318 de
1216 2275 1322 2317 sacra
1351 2256 1527 2337 theologia
1551 2260 1716 2330 testante,
1740 2259 1801 2337 qui

462 2365 528 2425 ait:
556 2362 766 2425 «Venerunt
789 2366 909 2425 autem
924 2364 1032 2425 michi
1057 2365 1175 2425 omnia
1200 2365 1295 2425 bona
1319 2364 1456 2443 pariter
1479 2383 1560 2425 cum
1583 2362 1801 2435 illa»³,a1iis

463 2471 537 2531 suis
553 2470 831 2549 particularibus
848 2470 987 2531 diviciis
1005 2473 1041 2532 et
1058 2472 1253 2531 commodis
1271 2470 1469 2549 prudenter
1483 2490 1506 2532 a
1522 2471 1638 2532 dictis.
1652 2502 1695 2512 —
1708 2470 1800 2532 Hinc

463 2578 581 2639 cultor
604 2576 747 2647 heremi.
782 2575 909 2637 Petrus
939 2576 1140 2648 Ravennas,
1173 2577 1211 2637 in
1240 2578 1396 2656 quadam
1434 2578 1627 2657 epistola
1661 2577 1799 2639 scribit:

465 2700 482 2733 ‹
498 2683 538 2743 In
571 2683 715 2753 licteris‚
751 2684 876 2762 inquit,
915 2684 1073 2763 prudens
1107 2684 1243 2745 invenit
1287 2684 1382 2745 unde
1418 2684 1621 2763 sapiencior
1652 2685 1724 2757 fiat,
1750 2685 1801 2747 ibi

463 2790 618 2851 bellator
652 2791 786 2870 reperit
824 2792 920 2851 unde
955 2792 1063 2851 animi
1092 2792 1226 2852 virtute
1268 2792 1475 2863 roboretur;
1514 2791 1599 2852 inde
1633 2792 1800 2870 princeps

461 2897 595 2976 accipit
611 2898 790 2976 quomodo
804 2898 956 2976 populos
981 2898 1048 2958 sub
1073 2898 1270 2976 equalitate
1295 2900 1505 2976 componat;
1531 2916 1598 2959 nec
1620 2898 1741 2977 aliqua
1764 2898 1802 2958 in

460 3004 597 3065 mundo
618 3007 738 3083 potest
761 3022 840 3065 esse
863 3006 1016 3075 fortuna,
1045 3022 1153 3083 quam
1177 3004 1381 3065 litterarum
1404 3022 1475 3065 non
1498 3007 1626 3084 augeat
1646 3005 1801 3085 gloriosa

465 3112 625 3173 noticia»
641 3109 662 3172 ⁴.

465 3328 680 3339 ——0-—-.

573 3505 594 3571 ¹)
613 3506 676 3559 Cle.
702 3505 787 3559 Taso.
804 3507 840 3569 V,
852 3517 882 3558 11.
902 3506 1036 3559 Citation
1054 3506 1221 3572 tronquee:
1242 3522 1276 3554 ‹.
1293 3542 1300 3555 .
1314 3543 1320 3556 .
1335 3543 1341 3557 .
1356 3506 1515 3557 vitiorum!
1532 3502 1612 3577 Quid
1629 3519 1692 3557 non
1708 3504 1801 3557 modo

463 3612 530 3659 nos.
549 3596 604 3648 sed
622 3597 748 3649 omnino
766 3597 831 3649 vita
849 3596 1007 3647 hominum
1025 3595 1093 3648 sine
1110 3596 1142 3648 te
1158 3608 1229 3646 esse
1257 3594 1424 3661 potuisset!
1457 3590 1503 3647 Tu
1521 3595 1615 3646 urbes
1633 3594 1800 3661 peperisti;

464 3689 499 3738 tu
516 3686 683 3752 dissipatos
701 3686 842 3739 homines
861 3685 894 3737 in
912 3686 1092 3738 societatem
1103 3684 1187 3736 vitae
1205 3682 1397 3737 convocasti:
1417 3684 1452 3735 tu
1471 3697 1525 3736 eos
1545 3683 1627 3736 inter
1645 3697 1680 3735 se
1698 3683 1801 3750 primo

464 3775 636 3838 domiciliis,
654 3775 768 3827 deinde
786 3774 941 3841 conjugiis,
966 3777 1032 3825 tum
1049 3774 1223 3825 litterarum
1242 3774 1273 3825 et
1291 3786 1402 3825 vocum
1423 3773 1635 3825 communione
1658 3772 1800 3839 junxisti:

464 3866 498 3915 tn
516 3866 665 3917 inventrix
683 3866 738 3916 elo.
755 3883 767 3907 »
806 3863 958 3915 Dominici
978 3878 1013 3915 se
1032 3862 1178 3929 trompait
1197 3877 1237 3914 en
1262 3863 1437 3930 renvoyant
1456 3876 1495 3914 au
1513 3863 1560 3913 De
1578 3862 1691 3914 Inveni.
1711 3860 1800 3918 Rhet.

462 3952 490 4003 11
508 3953 593 4006 citait
610 3953 651 4004 de
668 3953 824 4005 memoire.

572 4038 732 4106 ¹)SENEC„
750 4042 849 4107 Epist.
869 4043 911 4094 ad
927 4041 1034 4093 Lucill.
1054 4040 1104 4104 IX,
1124 4040 1165 4092 14.
1194 4036 1291 4092 Toute
1310 4041 1390 4092 cette
1408 4040 1501 4091 lettre
1523 4039 1571 4091 est
1596 4036 1801 4090 consacreea

462 4132 605 4184 celebrer
623 4132 668 4185 les
687 4133 855 4199 avantages
874 4131 962 4183 dela
981 4138 1115 4197 sagesse.
1154 4130 1197 4181 La
1226 4129 1352 4181 citation
1370 4129 1410 4180 de
1430 4127 1603 4197 Chrysippe
1621 4126 1800 4194 appartient

463 4220 484 4273 a
502 4223 584 4274 cette
602 4221 703 4273 lettre.

572 4306 593 4376 ’Ἴ
612 4309 756 4377 Sapient,
773 4309 837 4372 vn,
857 4309 900 4360 11,

570 4397 593 4463 ⁴)
612 4399 655 4452 Ce
673 4406 806 4467 passage
824 4399 864 4450 de
882 4398 989 4450 Pierre
1007 4396 1139 4450 Damien
1157 4410 1234 4449 nous
1253 4411 1272 4448 a
1291 4395 1438 4462 echappe.
