4300 6117
510 1081 568 1143 L
587 1082 742 1145 58v0

527 1402 587 1463 B
615 1399 760 1464 43‘0

804 1722 906 1785 14.

942 850 1071 912 194
1963 859 2282 913 LUCULA
2326 857 2606 912 NOCTIS

938 1082 1167 1144 eciam
1212 1102 1341 1145 suo
1386 1083 1739 1145 lenocinio
1785 1083 2287 1144 coloraverunt
2333 1072 2362 1165 ΙΙ
2415 1100 2503 1145 ex
2548 1084 2950 1145 intencione
2973 1081 3014 1145 ¹.
3107 1080 3334 1144 Vates
3389 1083 3616 1163 genti·

934 1190 1109 1250 lium
1154 1208 1299 1252 non
1342 1191 1571 1252 solum
1616 1190 1804 1251 inter
1850 1208 1928 1251 se
1974 1193 2308 1270 pugnant,
2357 1190 2490 1251 sed
2536 1190 2885 1252 adversus
2948 1189 3378 1251 catholicam
3425 1191 3616 1251 veri·

938 1299 1159 1358 tatem
1217 1297 1567 1358 tumidum
1630 1300 1995 1358 certamen
2058 1299 2443 1358 exercent:
2510 1296 2606 1358 ad
2677 1297 2889 1375 quod,
2959 1298 3019 1358 si
3090 1297 3249 1375 quis
3314 1297 3610 1357 inermis

938 1405 1322 1466 accesserit
1371 1407 1442 1466 et
1489 1403 1709 1466 Sacre
1758 1402 2127 1484 Scripture
2189 1404 2434 1483 clipeis
2484 1404 2675 1466 mille
2734 1423 2876 1466 non
2922 1394 2951 1487 ΙΙ
3002 1404 3214 1483 plene
3273 1405 3609 1475 munitus,

939 1514 1064 1573 aut
1094 1512 1492 1573 remanebit
1538 1512 1834 1582 occisus,
1869 1513 1994 1572 aut
2036 1512 2399 1572 sauciatus
2448 1510 2544 1571 ad
2589 1513 2912 1583 mortem,
2944 1511 3419 1572 medicamina
3466 1529 3614 1572 non

937 1620 1372 1697 reperturus,
1423 1619 1558 1679 nisi
1605 1636 1650 1678 a
1696 1637 1971 1680 summo
2016 1618 2298 1680 medico
2344 1616 2620 1698 Xpisto.

1160 1723 1420 1787 Sancte
1478 1725 1692 1805 igitur
1753 1724 2227 1805 prohibentur
2290 1725 2426 1805 legi
2498 1725 2781 1787 codices
2843 1724 3044 1795 tales,
3109 1725 3277 1786 licet
3342 1724 3614 1803 leprosi

934 1830 1248 1894 habeant
1295 1832 1570 1911 aliquid
1615 1832 1939 1895 veritatis
1986 1832 2400 1903 admixtum,
2479 1851 2645 1893 nam
2689 1849 3039 1893 venenum
3084 1831 3158 1891 in
3202 1849 3379 1892 auro
3425 1831 3610 1894 bibi·

934 1942 1071 2011 tur,
1143 1939 1327 2000 sicut
1389 1942 1581 2000 tutus
1658 1957 1903 2001 mensa
1972 1939 2255 2017 capitur
2300 1942 2600 2019 angusta
2646 1939 2866 2000 cibus,
2937 1935 3098 1999 Hoc
3143 1939 3307 1999 volo
3348 1938 3608 2018 sigillet

934 2045 1368 2126 Augustinus
1416 2046 1531 2107 ad
1578 2045 1767 2127 Dyo
1792 2064 2169 2108 scorum
2218 2046 2571 2107 scribens:
2627 2064 2656 2097 ⁴1
2681 2043 3085 2106 Humilitati
3116 2046 3608 2115 saluberrime,

934 2170 1079 2231 qua
1131 2152 1475 2215 Dominus
1539 2156 1785 2215 noster
1848 2152 2095 2215 Ihesus
2142 2151 2468 2232 Xpistus,
2509 2155 2589 2214 ut
2634 2152 2944 2224 doceret,
3001 2151 3413 2213 humiliatus
3478 2153 3604 2223 est,

932 2260 1237 2321 maxime
1279 2260 1709 2322 adversatur
1758 2260 2088 2339 quedam,
2134 2263 2213 2321 ut
2248 2261 2351 2321 ita
2391 2260 2646 2332 dicam,
2681 2260 3214 2339 imperitissima
3275 2259 3604 2330 sciencia,

933 2366 1105 2428 dum
1180 2385 1309 2428 nos
1379 2367 1563 2428 scire
1633 2367 2023 2447 gaudemus
2097 2368 2274 2446 quid
2333 2365 2831 2438 AnaximeneS,
2883 2366 3056 2445 quid
3120 2365 3602 2446 Anaxagoras,

933 2473 1108 2552 quid
1185 2473 1667 2554 Picthagoras,
1743 2474 1918 2553 quid
1962 2473 2416 2536 Democritus
2492 2474 2863 2546 senserint,
2933 2476 3005 2535 et
3062 2476 3304 2535 cetera
3370 2472 3605 2533 huius·

933 2580 1146 2652 modi,
1197 2584 1275 2642 ut
1321 2580 1518 2643 docti
1566 2581 1971 2660 eruditique
2018 2582 2411 2653 videamur,
2463 2600 2624 2642 cum
2666 2580 2802 2643 hoc
2849 2598 2893 2641 a
2940 2581 3269 2643 doctrina
3316 2582 3389 2641 et
3435 2597 3605 2640 vera

936 2688 1354 2750 erudicione
1400 2688 1608 2768 longe
1655 2689 1847 2750 absit
1887 2708 1916 2741 >
1946 2687 1988 2750 2.
2221 2671 2226 2675 ⁴

1153 3098 1195 3166 ¹)
1233 3099 1325 3154 Cf.
1366 3098 1654 3164 THOMAS,
1693 3100 2133 3168 specialement
2175 3099 2399 3153 Contra
2441 3100 2613 3153 Geni.
2652 3100 2753 3164 IV,
2790 3109 3138 3152 LXI-LXVIII.

1152 3187 1193 3254 ²)
1229 3190 1290 3242 S.
1325 3191 1486 3243 ΑΗΘ.
1523 3191 1629 3242 Aa
1660 3192 2038 3252 Dioscorum,
2077 3191 2164 3241 ad
2197 3191 2305 3242 litt.
2344 3204 2394 3241 c.
2431 3199 2515 3241 IV.
2552 3189 2622 3241 In
2660 3188 2840 3255 Oper.
2880 3188 2952 3252 11,
2987 3189 3112 3241 442.
