4300 6117
445 926 510 991 378
948 937 1107 992 LUCULA
1129 936 1270 992 NOCTIS

444 1179 523 1222 rum
538 1161 636 1222 virus
650 1160 811 1241 iniquum
824 1161 920 1223 inter
931 1161 1025 1222 vicia
1034 1163 1191 1242 ponatur
1204 1164 1241 1224 et
1255 1163 1427 1241 arguatur
1441 1164 1612 1241 utsupra.
1637 1159 1712 1228 Dic,
1727 1163 1779 1230 tn,

443 1266 973 1348 philosophumDemosthenem
982 1268 1063 1348 plus
1075 1268 1275 1330 lucrantem
1285 1267 1532 1330 taciturnitate
1545 1286 1653 1347 quam
1666 1268 1781 1330 ceteri

443 1378 655 1453 perorantes
666 1373 686 1446 ¹,
710 1394 783 1436 non
808 1375 922 1436 solum
941 1393 1092 1437 avarum
1109 1376 1174 1437 sed
1193 1375 1370 1454 magnatis
1394 1392 1460 1454 per
1484 1373 1540 1437 ias
1568 1375 1780 1455 nephasque

443 1483 647 1561 parentem!
686 1481 781 1567 Quid
804 1482 851 1543 de
874 1483 1030 1543 mirabili
1052 1481 1207 1561 Apuleio
1229 1483 1368 1561 loquar,
1402 1481 1533 1562 quide
1565 1482 1777 1544 demonibus

443 1607 531 1650 vera
552 1589 710 1660 sentiret,
736 1590 833 1669 quod
856 1592 976 1651 essent
996 1589 1119 1668 iniqui,
1148 1607 1235 1651 vera
1268 1589 1427 1651 scribere
1450 1589 1569 1651 renuit
1591 1578 1623 1670 ΙΙ,
1657 1608 1704 1650 ne
1726 1587 1777 1650 oi-

444 1694 608 1758 lenderet
630 1715 753 1758 eorum
776 1696 932 1758 cultores
945 1689 967 1757 ².
1007 1694 1158 1777 Cynicos
1183 1714 1326 1775 quoque
1349 1714 1397 1758 an
1419 1696 1544 1776 pocius
1582 1696 1727 1758 caninos
1743 1686 1775 1778 Ι,

442 1805 547 1881 patre
570 1803 632 1865 illo
655 1802 765 1864 nobili
788 1801 965 1885 Dyogene,
1003 1820 1108 1864 nemo
1130 1803 1275 1882 negabit
1311 1805 1436 1864 sancte
1467 1802 1693 1883 philosophie
1716 1820 1775 1863 no·

442 1909 537 1971 mine
559 1910 795 1983 venerandos,
833 1928 922 1989 quos
936 1910 1095 1990 gentiles
1119 1910 1352 1990 philosophos
1375 1913 1517 1982 vocant,
1545 1911 1582 1971 in
1604 1910 1672 1972 hoc
1697 1927 1775 1988 pre·

442 2016 547 2095 cipue
563 2017 751 2079 distinctos
776 2035 798 2078 a
814 2017 954 2090 ceteris,
979 2035 1060 2096 quo,
1086 2017 1181 2079 omni
1204 2017 1345 2097 pudore
1369 2017 1544 2097 deposito,
1570 2035 1651 2079 cum
1666 2036 1775 2096 quon·

442 2123 527 2185 dam
541 2122 724 2186 Absalone
747 2125 928 2204 patricida
953 2127 989 2186 et
1011 2124 1228 2203 quibusdam
1252 2125 1432 2187 modernis
1448 2124 1630 2206 ypocritis,
1655 2125 1776 2204 palam

442 2249 570 2293 uxores
594 2232 861 2312 cognoscendas
884 2232 1064 2304 dicebant,
1089 2232 1149 2294 isti
1165 2247 1252 2293 vero
1276 2231 1493 2294 concubinas
1516 2232 1594 2293 sive
1613 2232 1774 2294 devotas.

441 2337 626 2400 Pretnlere
647 2338 768 2400 verbis
800 2338 960 2400 homines
983 2338 1035 2399 illi
1058 2339 1282 2409 modestiam,
1322 2339 1594 2410 continenciam,
1632 2339 1775 2418 pacien-

441 2444 605 2524 ciamque
639 2446 863 2507 sermonibus
896 2444 1018 2507 multis
1041 2448 1151 2524 atque
1174 2446 1305 2525 politis,
1343 2463 1413 2524 que
1437 2446 1467 2507 si
1505 2444 1611 2507 iactis
1641 2447 1776 2526 impug-

439 2555 536 2624 nant,
560 2551 762 2632 philosophi
785 2571 856 2617 non
878 2551 1031 2614 inerunt.
1069 2551 1211 2615 Vereor
1232 2551 1291 2613 hic
1314 2550 1538 2614 Aristotilem
1565 2552 1603 2614 in
1625 2553 1775 2615 asellum

440 2661 616 2721 mutatum
637 2659 793 2722 subdere
825 2659 956 2721 femine
979 2662 1015 2721 et
1038 2660 1218 2722 sarcinam
1241 2660 1350 2722 talem
1374 2661 1539 2739 portare!
1579 2658 1775 2722 Multarum

441 2767 627 2827 turbarum
649 2766 735 2827 mihi
750 2766 857 2829 video
879 2766 1064 2828 imminere
1086 2770 1278 2840 certamen,
1307 2766 1338 2828 si
1354 2766 1482 2828 dixero
1498 2767 1776 2847 intemperatum

439 2871 637 2952 Virgilium,
662 2874 727 2936 sed
750 2873 891 2953 quidsi
914 2875 1031 2935 fassus
1055 2875 1157 2937 tuero
1183 2872 1402 2956 Cyceronem
1425 2874 1462 2935 in
1486 2874 1605 2936 multis
1630 2873 1775 2954 culpan-

439 2979 549 3041 dum?
587 2978 660 3042 Sed
682 2981 808 3060 primo,
843 2999 865 3042 o
888 2981 1126 3062 cyceroniani‚
1164 2979 1360 3043 Salustium
1395 2981 1556 3043 invadite
1588 2981 1634 3043 de
1656 2977 1775 3043 Tullio

439 3090 560 3149 vestro
584 3087 779 3149 dicentem:
821 3085 967 3149 «Homo
990 3087 1089 3160 levis,
1125 3088 1252 3166 suplex
1276 3088 1436 3159 inimicis,
1461 3088 1586 3150 amicis
1617 3091 1774 3151 contum·

439 3194 579 3262 eliosus,
615 3194 746 3256 nemini
771 3194 877 3265 fidus,
911 3197 1059 3256 senator
1082 3195 1294 3267 levissimus,
1318 3198 1492 3275 patronus
1520 3196 1772 3268 mercenarius,

440 3301 540 3363 cuius
563 3302 662 3362 nulla
685 3319 771 3381 pars
787 3302 950 3381 corporis
966 3321 989 3363 a
1005 3302 1228 3382 turpitudine
1243 3305 1360 3374 vacat,
1386 3301 1505 3382 lingua
1520 3320 1622 3374 vana,
1647 3320 1774 3365 manus

437 3408 682 3488 rapacissima,
699 3409 780 3489 gula
796 3409 979 3480 immensa,
996 3409 1110 3488 pedes
1126 3411 1280 3489 fugaces,
1298 3410 1483 3488 eciamque
1499 3409 1648 3471 honeste
1664 3411 1773 3470 nomi·

438 3517 517 3577 nari
533 3533 604 3577 non
620 3518 771 3594 possunt
784 3515 1071 3578 inhonestissima
1086 3535 1101 3569 ι
1118 3513 1140 3576 ³.
1156 3547 1199 3556 —
1221 3514 1355 3578 Audite
1379 3519 1417 3578 et
1439 3534 1513 3588 vos,
1539 3519 1575 3579 et
1587 3534 1653 3579 vos
1667 3517 1775 3597 pauci

439 3621 656 3696 Sallustiani,
679 3618 836 3685 Tullium
859 3622 1152 3702 respondentem:
1180 3621 1289 3684 «Non
1313 3623 1374 3703 qui
1397 3624 1448 3685 ita
1463 3624 1560 3696 vivit,
1585 3625 1710 3703 inquit,
1736 3627 1775 3686 ut

438 3733 486 3803 tn,
517 3731 622 3792 aliter
651 3747 759 3808 quam
783 3732 822 3792 tu
844 3730 943 3809 loqui
965 3731 1099 3810 potest;
1136 3747 1210 3803 nec,
1237 3731 1298 3808 qui
1318 3731 1370 3792 ita
1392 3731 1493 3793 illoto
1517 3748 1682 3792 sermone
1707 3732 1773 3792 uti·

438 3841 505 3911 tur,
530 3837 606 3899 vita
627 3837 810 3898 honestior
834 3838 888 3899 est
903 3858 918 3891 r
931 3834 953 3898 ⁴.
978 3869 1021 3878 -
1038 3835 1167 3916 Sepias
1184 3837 1258 3898 vidi
1275 3837 1418 3917 gravius
1434 3837 1620 3900 offendere
1636 3838 1774 3900 animos

440 4036 653 4044 -————-——

547 4216 567 4284 ¹)
586 4217 631 4270 01.
648 4219 684 4271 Α.
703 4218 799 4271 GELI.
817 4218 906 4271 Noci.
927 4217 1148 4282 Altic.XI,1x.
1168 4217 1213 4271 01.
1232 4233 1337 4284 supra,
1357 4233 1387 4286 p.
1410 4217 1472 4270 162.

544 4304 566 4372 ²)
584 4308 724 4360 Allnsion
742 4323 782 4361 an
799 4309 873 4361 titre
893 4311 953 4362 «de
970 4311 1037 4361 Deo
1055 4306 1215 4361 Socratis»
1235 4307 1339 4360 donne
1351 4321 1409 4374 par
1423 4306 1573 4375 ApuleIus
1586 4307 1772 4370 isontium,

436 4397 519 4450 alors
538 4411 599 4464 que
617 4397 647 4450 le
665 4397 818 4450 veritable
835 4397 909 4450 titre
927 4398 1022 4451 serait
1042 4399 1113 4452 «De
1131 4400 1277 4450 daemone
1296 4396 1469 4450 Socratis».
1508 4395 1660 4449 Dominicl
1678 4396 1772 4449 iuter·

435 4486 525 4554 prete
542 4487 582 4539 ici
598 4487 630 4539 la
648 4486 763 4554 pensee
782 4487 822 4539 de
841 4486 873 4540 S.
891 4487 1037 4554 Angustia
1054 4487 1101 4540 De
1123 4486 1206 4539 civil.
1225 4487 1291 4548 Dei,
1310 4485 1388 4549 VIII,
1407 4494 1470 4549 xiv,
1490 4485 1516 4537 2.

545 4572 568 4640 ³)
587 4574 631 4629 01.
653 4575 683 4628 0.
702 4575 841 4628 Sallustii
859 4575 961 4642 &ispi
978 4580 1008 4628 in
1027 4576 1071 4628 M.
1095 4575 1125 4628 T.
1147 4575 1239 4629 Cicer.
1265 4575 1465 4638 Declamatio,
1490 4573 1547 4626 Ed.
1566 4574 1665 4636 Paris,
1694 4573 1771 4636 1574,

435 4681 465 4732 p.
483 4665 545 4718 227.
584 4665 703 4718 «Immo
720 4679 798 4719 vero
815 4663 908 4719 homo
927 4665 1113 4729 levissimus,
1132 4665 1265 4732 supplex
1283 4663 1424 4728 inimicis,
1442 4664 1547 4716 amicis
1573 4663 1771 4717 contamelio-

435 4769 496 4817 sus,
514 4754 607 4808 modo
624 4755 743 4817 harum,
765 4755 858 4807 modo
883 4755 1007 4807 illarum
1032 4755 1177 4822 partium,
1196 4753 1279 4806 lidus
1294 4753 1420 4816 nemini,
1440 4753 1616 4807 levissimus
1638 4755 1772 4814 senator,

435 4844 645 4897 mercenarius
663 4845 821 4911 patronus,
839 4845 925 4911 cutus
944 4844 1030 4896 nulla
1047 4858 1122 4910 pars
1137 4843 1276 4910 corporis
1295 4857 1314 4895 a
1332 4843 1525 4910 turpitudine
1542 4845 1648 4906 vacat;
1667 4844 1771 4912 lingua

435 4948 525 4997 vana,
549 4947 660 4986 manns
685 4933 913 5001 rapacissimae,
939 4934 1010 5003 gula
1037 4933 1198 4997 immensa,
1230 4932 1327 4999 pedes
1359 4931 1497 5001 fugacem
1531 4947 1610 4999 qnae
1641 4931 1771 4987 honeste

434 5023 591 5075 nominari
607 5024 745 5090 possunt,
763 5023 1015 5076 inhonestissIma
1030 5043 1118 5075 .....
1146 5021 1191 5075 ci.
1210 5021 1389 5084 FABR1eruS,
1414 5021 1557 5075 Bibltoih.
1576 5023 1628 5074 iai.
1650 5021 1730 5075 Com.
1749 5023 1770 5085 l,

434 5113 486 5166 lib.
504 5113 528 5176 1,
547 5127 613 5178 cap.
632 5122 675 5164 1x.

534 5200 556 5268 ⁴)
583 5201 627 5254 01.
652 5205 688 5254 In
713 5202 881 5256 Salustium
904 5205 1086 5258 declamatio
1114 5203 1276 5256 Ciceronis.
1302 5201 1358 5254 Ed.
1383 5199 1480 5264 Paris,
1506 5200 1586 5264 1574,
1610 5215 1640 5266 p.
1660 5199 1722 5264 229,
1741 5203 1771 5253 in
