4300 6117
875 863 1060 917 IOHANNIS
1084 863 1266 916 DOMINICI
1666 853 1733 917 365

398 1087 536 1149 reccius
559 1091 770 1150 sensuerunt
793 1088 906 1149 eciam
931 1106 974 1150 ex
997 1088 1104 1150 scolis
1128 1089 1320 1168 gentilium,
1344 1092 1384 1151 ut
1416 1086 1594 1162 Socrates,
1621 1087 1734 1160 Plato,

401 1192 618 1265 Aristoteles,
644 1194 815 1267 Plotinus,
840 1192 959 1256 Varro
984 1190 1204 1274 Tulliusque,
1240 1194 1356 1258 Deum
1378 1214 1503 1257 verum
1532 1214 1641 1275 quem
1663 1215 1736 1257 non

398 1304 638 1381 cognoverunt
661 1302 729 1363 nisi
752 1302 900 1382 alonge
923 1302 1030 1363 valde
1057 1319 1136 1365 esse
1160 1302 1337 1364 dixerunt.
1371 1301 1496 1365 Movet
1530 1304 1625 1363 enim
1656 1302 1733 1373 iste,

397 1408 490 1470 sicut
514 1426 557 1469 ex
579 1408 823 1489 superioribus
856 1411 967 1488 patet,
992 1409 1087 1471 sicut
1119 1412 1276 1471 amatum
1310 1410 1386 1471 sive
1419 1408 1673 1479 desideratum,
1700 1411 1735 1470 et

397 1517 451 1576 est
474 1514 563 1577 illud
595 1517 737 1587 bonum,
772 1516 869 1595 quod
901 1516 1020 1578 omnia
1054 1519 1230 1597 appetunt
1242 1514 1263 1577 ¹.
1309 1515 1413 1577 Hanc
1445 1518 1566 1578 autem
1590 1534 1735 1578 causam

276 1706 279 1711 Ι
396 1624 483 1701 puto
507 1641 577 1684 non
600 1622 807 1701 simplicem,
832 1623 898 1685 sed
921 1624 1152 1703 complexam,
1178 1622 1259 1684 ideo
1283 1623 1422 1685 reccius
1438 1623 1650 1685 felicitatem
1664 1641 1736 1702 que

395 1729 433 1790 in
455 1730 589 1809 adepto
612 1728 685 1791 fine
706 1731 877 1799 consistit,
903 1748 1010 1809 quam
1033 1729 1158 1800 Deum,
1195 1731 1256 1809 qui
1280 1733 1334 1792 est
1369 1731 1451 1791 fiais
1484 1731 1679 1801 absolutus,
1713 1749 1736 1792 a

396 1835 728 1916 philosophantibus
752 1838 959 1917 nuncupari.
1005 1835 1072 1899 Est
1107 1850 1190 1917 ergo
1229 1837 1322 1905 finis,
1347 1837 1492 1916 quando
1527 1856 1631 1899 mens
1664 1838 1735 1898 vlr-

396 1944 489 2005 tuosi
512 1945 676 2005 movetur
697 1944 747 2005 ad
769 1944 955 2024 agendum,
981 1963 1052 2005 non
1074 1945 1241 2024 voluptas
1266 1945 1437 2023 corporis,
1462 1963 1534 2006 non
1570 1947 1734 2025 potenta-

396 2053 471 2112 tum
500 2051 623 2123 honor,
659 2070 729 2114 non
762 2052 943 2131 congeries
976 2051 1194 2124 divitiarum,
1229 2070 1300 2113 non
1333 2050 1427 2114 fame
1461 2050 1566 2113 favor
1600 2052 1733 2132 populi,

396 2176 466 2219 non
489 2159 644 2238 denique
666 2159 820 2220 sciencie
832 2158 983 2238 limpida
998 2160 1126 2232 virtus,
1151 2159 1218 2220 sed
1238 2159 1335 2220 Deus
1352 2160 1511 2238 cognitus
1532 2162 1567 2220 et
1584 2161 1733 2221 amatus.

396 2264 487 2327 Hinc
516 2266 614 2345 apud
648 2264 835 2328 Platonem
864 2283 969 2327 nemo
1002 2265 1183 2328 virtuosus
1219 2268 1392 2336 censetur,
1417 2266 1486 2328 nisi
1522 2268 1582 2345 qui
1620 2265 1734 2327 Deum

397 2373 578 2452 cognoscit
600 2374 738 2453 pariter
760 2376 797 2435 et
819 2372 1015 2446 imitatur²;
1041 2375 1178 2452 absque
1202 2374 1277 2435 fide
1299 2373 1406 2453 igitur
1428 2374 1645 2452 pietateque,
1664 2391 1734 2451 que

395 2497 482 2540 vera
506 2482 541 2541 et
565 2481 741 2543 catholica
763 2482 886 2560 religio
911 2483 975 2552 est,
1000 2481 1098 2541 nulla
1122 2481 1190 2542 erit
1213 2481 1326 2541 vlrtus
1354 2480 1518 2542 dicenda.
1562 2479 1671 2551 Alias,
1696 2483 1736 2541 ut

395 2584 573 2649 fateamur
595 2590 747 2668 oportet,
770 2589 949 2649 virtuosos
974 2606 1052 2650 esse
1064 2588 1258 2668 ypocritas,
1271 2588 1401 2666 quibus
1418 2606 1521 2649 nemo
1538 2586 1733 2660 scelestior,

395 2712 499 2755 nemo
520 2696 701 2773 pernicior
722 2696 759 2756 in
782 2696 937 2757 humana
958 2696 1130 2757 societate
1153 2698 1327 2757 versatur.
1374 2693 1434 2755 Hii
1471 2695 1563 2755 enim
1591 2694 1734 2756 laudem

394 2800 599 2872 humanam,
639 2802 788 2864 divicias
823 2802 1044 2881 deliciasque
1084 2804 1309 2883 appetentes,
1354 2820 1494 2864 necnon
1530 2803 1651 2881 sepius
1685 2802 1734 2863 ad

394 2907 583 2969 illecebras
600 2906 769 2978 incIInatl,
793 2909 1029 2970 humiIItatem
1055 2910 1286 2989 pacienciam,
1311 2909 1581 2979 abstinenciam,
1606 2908 1733 2971 hones·

395 3016 550 3077 tatemve
573 3016 622 3077 ad
645 3018 785 3096 tempus
813 3017 991 3088 simulant,
1025 3021 1136 3095 atque
1165 3035 1236 3078 non
1267 3016 1393 3078 sedent
1427 3018 1463 3077 in
1498 3016 1625 3087 animo,
1666 3035 1730 3078 nec

394 3125 543 3201 propter
566 3123 727 3185 ultimum
751 3124 883 3185 bonum
906 3122 1006 3195 flunt,
1032 3143 1103 3185 non
1126 3125 1220 3185 inter
1240 3124 1428 3194 virtuosos,
1457 3124 1523 3185 sed
1553 3124 1648 3184 inter
1671 3142 1730 3184 ne·

394 3228 584 3308 quissimos
608 3234 848 3293 numerentur.

502 3335 677 3399 Formalis
701 3340 821 3399 autem
845 3356 954 3399 causa
977 3357 1048 3400 non
1072 3338 1204 3399 dicitur
1227 3339 1297 3399 nisi
1319 3338 1461 3409 caritas,
1486 3338 1585 3398 iuxta
1614 3336 1727 3417 Apos·
1742 3344 1772 3407 3,

393 3444 504 3505 tolum
518 3441 712 3505 Paulum
728 3446 845 3524 prima
861 3444 915 3506 ad
931 3443 987 3506 Co
999 3465 1036 3515 r.,
1055 3464 1133 3525 cap.
1150 3444 1242 3507 xmt.
1266 3445 1320 3506 Ibi
1332 3435 1346 3527 Ιῐ
1359 3447 1603 3506 monstrantur
1622 3442 1727 3516 fides,
1816 3456 1845 3515 Β
1861 3454 1937 3515 9ονο

394 3550 558 3621 sciencia,
594 3552 785 3631 sapiencia,
825 3552 1029 3632 prophecia,
1061 3553 1261 3632 paciencia,
1296 3552 1585 3632 magnanimitas,
1627 3554 1662 3612 et
1698 3553 1727 3613 si

393 3675 464 3736 qna
488 3658 559 3719 alia
582 3659 686 3730 bona,
712 3677 791 3722 esse
813 3660 982 3721 videntur
1004 3660 1183 3729 informes,
1208 3678 1278 3738 que
1302 3678 1384 3721 mox
1407 3660 1560 3721 caritate
1577 3656 1728 3720 formari

393 3763 576 3827 docentur.
623 3763 723 3827 Sicut
745 3767 838 3827 enim
860 3767 937 3827 sine
960 3767 1080 3827 anima
1103 3785 1233 3847 corpus
1257 3768 1312 3827 est
1336 3767 1501 3837 cadaver,
1526 3785 1596 3828 non
1612 3767 1727 3837 homo,

392 3872 444 3934 sic
467 3873 543 3934 sine
567 3873 718 3934 carItate
741 3874 942 3935 umbratica
963 3874 1087 3947 virtus,
1112 3891 1183 3934 non
1218 3876 1317 3935 recte
1350 3874 1473 3945 virtus,
1499 3874 1566 3935 sed
1601 3875 1728 3935 umbra

392 3980 468 4041 eius
493 3981 548 4041 est
569 3980 818 4059 nuncupanda.
855 3978 895 4041 In
919 3979 1044 4042 ethicis
1068 3980 1171 4052 enim,
1203 3981 1266 4042 nbi
1301 3982 1472 4060 quantum
1488 3971 1503 4062 Η
1533 3982 1651 4060 potuit
1682 3980 1728 4042 de
1803 3972 1832 4031 L
1848 3971 1946 4032 106νο

391 4086 583 4148 virtutibus
600 4089 636 4148 et
651 4086 742 4147 vidit
757 4090 793 4149 et
809 4086 953 4166 scripsit
968 4086 1261 4167 Philosophus,
1286 4086 1376 4149 dixit
1392 4106 1472 4148 cum
1484 4086 1612 4166 Xpisto
1631 4088 1729 4166 quod

391 4192 571 4254 virtuosus
582 4193 740 4255 sehabet
750 4194 799 4254 ad
812 4193 965 4256 amicum
980 4194 1071 4256 sicut
1088 4194 1136 4255 ad
1152 4194 1318 4274 seipsum,
1328 4194 1422 4255 libro
1435 4193 1477 4265 1⁰,
1486 4193 1682 4274 cap.VI111¹.
1697 4227 1726 4235 --

397 4508 609 4516 ——-—-

412 4792 417 4803 ·
497 4773 519 4842 ¹)
536 4776 639 4829 ARIsT.
657 4776 670 4827 1
689 4776 788 4828 Ethic.
806 4776 876 4829 lect.
895 4776 923 4838 1,
942 4777 1045 4839 Didof,
1065 4792 1132 4843 cap.
1151 4786 1170 4839 1,
1188 4791 1218 4828 n.
1239 4777 1264 4828 1.

496 4862 517 4930 ²)
536 4864 580 4918 ef.
599 4864 628 4917 S.
646 4865 727 4918 ΛΗΘ.
745 4867 791 4917 De
814 4864 897 4918 Ctvtt.
915 4866 982 4927 Det,
999 4866 1079 4929 VIII,
1097 4875 1128 4917 v.
1146 4866 1182 4917 In
1203 4865 1292 4931 oper.
1311 4866 1375 4930 VII,
1395 4866 1457 4918 229.

496 4950 518 5020 ⁸)
537 4954 567 5006 S.
584 4955 683 5018 Paul,
700 4954 714 5005 Ι
732 4956 775 5007 ad
795 4956 870 5015 Cor„
888 4954 971 5017 x111,
989 4956 1035 5008 13.

495 5042 519 5110 ⁴)
536 5043 689 5097 DomInici
707 5058 741 5096 se
765 5046 888 5112 trompe
912 5046 991 5097 dans
1009 5059 1045 5098 sa
1064 5043 1233 5108 reference,
1250 5044 1281 5097 le
1298 5045 1383 5097 texte
1402 5044 1460 5097 cite
1479 5060 1513 5097 se
1533 5045 1656 5108 trouve,
1674 5044 1727 5096 lib.

388 5134 524 5197 1x,1ect.
543 5134 600 5196 XI;
619 5133 724 5199 Didot,
744 5134 792 5197 IV,
812 5134 837 5187 5.
975 5122 977 5127 ¹
