4300 6117
459 988 525 1048 212
970 998 1130 1053 LUCULA
1152 997 1293 1052 NOCTIS

458 1220 632 1301 virginum
655 1224 820 1282 naturam
843 1224 1096 1302 superauctum
1119 1224 1236 1303 magia
1258 1223 1422 1303 gloriosa,
1453 1223 1671 1304 politicaque
1703 1225 1795 1286 iuste

459 1329 660 1408 regencium
684 1329 818 1390 clerum
841 1333 877 1391 et
900 1330 1059 1391 seculum
1084 1331 1220 1410 pariter
1243 1331 1457 1392 universum.
1491 1330 1531 1390 In
1553 1331 1620 1391 hac
1645 1332 1796 1392 caritate

458 1435 620 1498 consistit
642 1437 755 1497 omnis
786 1437 925 1516 phisica
955 1439 1143 1500 doctorum
1175 1440 1211 1499 et
1240 1438 1436 1507 martirum,
1461 1438 1533 1497 vim
1563 1438 1797 1499 interencium

458 1542 553 1613 celis,
578 1545 652 1603 tam
675 1544 881 1623 angelorum
906 1547 942 1605 et
965 1545 1121 1606 omnium
1144 1546 1333 1606 beatorum
1357 1545 1479 1606 divina
1502 1544 1746 1625 metaphisica‚
1760 1546 1800 1605 in

458 1667 633 1710 summum
656 1652 788 1712 bonum
812 1651 1034 1712 incessanter
1056 1652 1203 1713 intenta.
1230 1684 1271 1691 -
1296 1650 1362 1712 Est
1386 1652 1480 1712 enim
1503 1652 1646 1723 caritas,
1664 1655 1703 1713 ut
1720 1650 1797 1714 Au·

455 1757 611 1835 gustini
634 1758 754 1819 verbis
778 1758 902 1819 initar:
930 1778 944 1811 s
960 1757 1065 1821 Actio
1090 1758 1285 1819 rectudinis
1302 1758 1424 1819 oculos
1440 1777 1582 1838 semper
1597 1759 1733 1820 habens
1748 1759 1799 1819 ad

453 1861 582 1936 Deum,
629 1865 802 1944 glutinum
845 1866 1053 1936 animarum,
1102 1866 1258 1927 societas
1296 1865 1477 1935 fidelium,
1518 1866 1687 1944 operacio
1723 1883 1796 1926 non

454 1970 593 2048 frigida,
617 1973 719 2032 accio
742 1990 813 2033 non
840 1974 965 2043 fracta,
992 1991 1062 2033 non
1093 1974 1209 2052 fugax,
1235 1992 1306 2034 non
1335 1973 1464 2043 audax,
1490 1991 1561 2034 non
1591 1991 1794 2051 preceps».

453 2073 565 2138 Nemo
589 2081 708 2140 autem
730 2078 834 2141 huius
858 2080 1053 2141 eminencie
1078 2080 1237 2158 palmam
1261 2079 1363 2141 dabit
1393 2079 1501 2140 alicui
1536 2080 1656 2141 studio
1685 2080 1798 2158 genti-

453 2183 539 2244 lium
577 2185 787 2257 litterarum.
816 2187 882 2248 sed
904 2187 982 2247 sola
1009 2204 1114 2247 sacra
1146 2184 1333 2265 Scriptura
1366 2188 1461 2266 parit
1493 2186 1529 2246 in
1553 2190 1672 2248 mente
1699 2186 1796 2247 hanc

453 2292 610 2352 omnium
632 2294 803 2354 virtutum
827 2294 986 2355 radicem
1011 2296 1047 2355 et
1084 2296 1244 2364 matrem,
1271 2294 1447 2355 clamante
1475 2292 1798 2373 Domini‚Psalte:

456 2398 640 2478 «Ignitum
676 2404 774 2463 tuum
813 2402 991 2480 eloquium
1030 2402 1266 2472 vehementer,
1308 2404 1344 2462 et
1382 2419 1506 2461 servus
1545 2403 1627 2462 tuus
1666 2401 1796 2462 dilexit

453 2504 596 2568 illud»¹.
608 2540 649 2547 -
661 2505 873 2569 Predixerat
896 2509 989 2570 enim
1013 2511 1162 2569 sanctus
1185 2506 1329 2589 Moyses
1354 2508 1491 2587 igneam
1507 2508 1620 2587 legem
1637 2510 1798 2569 luturam

453 2613 491 2673 in
514 2613 662 2675 dextera
686 2616 770 2686 eius,
797 2616 857 2694 qui
880 2614 1028 2695 Xpistus
1053 2619 1107 2676 est
1121 2614 1141 2687 ²,
1172 2618 1208 2676 et
1232 2616 1347 2695 ignem
1370 2615 1468 2676 venit
1490 2616 1638 2675 mictere
1662 2615 1698 2674 in
1721 2617 1794 2675 ter·

453 2739 540 2793 ram,
565 2722 688 2783 volens
712 2742 793 2783 eum
816 2722 1044 2784 vehementer
1066 2720 1242 2784 accendit
1273 2720 1339 2782 His
1363 2722 1462 2801 ignis,
1492 2722 1557 2783 hec
1581 2722 1713 2783 caritas
1738 2725 1798 2783 est

454 2829 568 2889 tocius
603 2826 714 2891 Sacre
750 2827 934 2909 Scripture
968 2831 1131 2900 materia,
1167 2830 1305 2908 pariter
1339 2831 1375 2889 et
1412 2829 1622 2901 subiectum,
1658 2829 1797 2907 ubique

453 2935 646 2998 latentibus
669 2937 727 2998 vel
750 2938 977 3016 patentibus*¹
998 2937 1159 2998 caritatis
1185 2937 1303 2997 divine
1327 2936 1519 3015 preceptis.

407 3043 437 3107 3.
564 3042 717 3123 Propter
740 3044 807 3105 hoc
831 3045 912 3105 talis
936 3044 1102 3115 imitacio,
1128 3062 1197 3122 que
1221 3041 1263 3104 iit
1286 3061 1352 3122 per
1376 3044 1562 3104 caritatem
1582 3044 1792 3122 perfectam,

451 3150 532 3211 fieri
556 3170 627 3211 non
649 3154 777 3230 potest,
803 3151 833 3212 si
856 3169 923 3231 per
945 3150 1103 3212 studium
1126 3169 1197 3212 non
1220 3150 1330 3212 habet
1353 3151 1525 3229 generari,
1543 3150 1611 3211 nisi
1624 3168 1690 3230 per
1706 3151 1792 3211 doc-

452 3258 582 3319 trinam
605 3256 821 3320 Litterarum
844 3260 1061 3320 sanctarum.

558 3364 648 3426 Nam
680 3367 750 3427 tria
785 3384 828 3427 ex
858 3366 1072 3426 lectionibus
1108 3365 1224 3425 solent
1255 3364 1291 3424 in
1323 3366 1500 3427 mentibus
1532 3363 1791 3442 discipulorum

451 3474 557 3535 oriri:
582 3506 625 3514 —
648 3474 801 3551 primum
826 3475 880 3533 est
902 3472 1054 3533 unitas
1079 3472 1321 3551 spirituum
1346 3470 1550 3533 docentis
1576 3474 1618 3531 et
1643 3471 1786 3544 docti;

451 3580 703 3642 -secundum
727 3579 1017 3659 disciplinati
1041 3580 1097 3639 ad
1120 3578 1492 3658 disciplinantem
1516 3578 1726 3649 dilectio;
1746 3609 1789 3619 -

451 3688 600 3750 tercium
635 3689 689 3749 est
716 3688 991 3766 voluptuosa
1019 3686 1209 3765 vagacio
1239 3687 1399 3747 mentis
1429 3704 1565 3765 super
1596 3685 1790 3746 materia

449 3797 492 3857 in
515 3796 648 3856 lectis
672 3794 806 3855 libris
830 3793 1048 3856 subiecta.

402 3902 433 3965 4.
557 3900 742 3987 Quidquid
765 3901 858 3961 enim
881 3903 1000 3980 potest
1023 3901 1142 3961 anima
1167 3900 1355 3961 coniuncta
1379 3900 1425 3960 de
1456 3917 1496 3961 se
1531 3899 1635 3960 alteri
1669 3899 1790 3961 anime

450 4010 712 4072 communicare
750 4011 805 4069 est
838 4009 988 4070 verbum
1023 4006 1224 4069 intellectus
1259 4026 1324 4086 per
1357 4007 1482 4068 vocale
1517 4009 1580 4067 aut
1613 4006 1789 4085 scriptum

449 4118 598 4179 verbum
622 4134 838 4195 expressum.
877 4112 1056 4176 Gaudium
1081 4132 1208 4193 nempe
1231 4114 1359 4175 mentis
1383 4131 1449 4192 per
1472 4113 1620 4176 iubilum
1653 4132 1788 4174 sermo·

448 4242 528 4285 nem
551 4220 740 4302 proprius⁴
764 4222 982 4301 exprimitur,
1010 4238 1119 4299 quam
1145 4238 1370 4299 quocumque
1393 4221 1491 4299 signo
1515 4220 1585 4281 alio
1617 4222 1679 4280 aut
1708 4238 1786 4282 cor·

552 4642 585 4703 a)
609 4667 633 4674 -
657 4638 708 4692 vel
726 4638 912 4706 patentibus.

556 4817 575 4883 ¹)
595 4817 639 4871 ct.
657 4817 781 4879 Partim.¹
799 4814 928 4877 CXVIII,
948 4815 1008 4867 140.

552 4906 573 4973 ⁷)
592 4907 637 4960 Ct.
655 4908 786 4967 Denter„
804 4904 911 4967 xxm,
930 4904 955 4955 2.

552 5003 573 5070 ⁸)
592 5005 621 5059 S.
640 5006 725 5067 Luc..
743 5003 868 5065 xl1,49.

549 5094 571 5162 ⁴)
590 5096 678 5147 Ainsi
697 5108 757 5161 que
775 5094 806 5146 le
823 5091 880 5145 tait
898 5106 1083 5159 remarquer
1101 5092 1222 5155 Novati¹
1247 5090 1555 5157 EpistolartoIV·1P.
1577 5103 1607 5156 p.
1626 5088 1688 5151 219,
1706 5104 1736 5140 n.
1755 5088 1782 5151 7,

443 5186 579 5254 l¹emploi
596 5187 637 5238 de
657 5186 806 5249 proprius
824 5184 872 5236 est
891 5183 957 5235 tres
974 5180 1122 5248 tre'quent
1140 5182 1215 5234 chez
1234 5178 1396 5241 DominIci,
1413 5193 1448 5231 ce
1468 5179 1521 5245 qui
1537 5178 1609 5231 n'en
1627 5177 1707 5231 rend
1720 5191 1781 5244 qne

441 5278 512 5345 plns
530 5275 678 5343 piquante
695 5274 726 5326 la
745 5286 911 5339 remarque
929 5271 968 5323 de
994 5270 1025 5323 C.
1044 5270 1175 5323 Salutati
1202 5270 1271 5330 (loc.
1290 5271 1371 5332 clt.).·
1397 5268 1540 5321 ‹Scirent
1564 5267 1649 5334 quod
1678 5266 1781 5335 adjec-
