4300 6117
434 935 500 998 364
943 944 1102 999 LUCULA
1125 942 1265 997 NOCTIS

434 1173 516 1232 tura
540 1171 637 1251 quod
661 1170 727 1232 Dei
755 1170 1025 1251 providenciam
1054 1168 1196 1237 evadat,
1225 1169 1394 1230 universa
1420 1168 1457 1229 in
1484 1185 1642 1239 numero,
1681 1184 1767 1247 pon·

161 1275 286 1337 4106το
310 1276 420 1338 139010
434 1277 530 1351 dere,
555 1278 804 1358 disponentem
826 1277 964 1357 pariter
986 1279 1022 1339 et
1046 1294 1212 1338 mensura
1223 1273 1243 1337 ¹.
1289 1275 1383 1337 Hinc
1418 1273 1575 1336 fidenter
1609 1274 1727 1336 dicam
1750 1264 1764 1355 Ι4

433 1385 568 1446 nullum
592 1388 712 1447 actum
735 1384 888 1455 incelis,
915 1384 1118 1463 regionibus
1143 1383 1429 1454 elementaribus,
1450 1384 1561 1461 atque
1582 1380 1731 1451 inferno,
1745 1399 1768 1441 a

435 1492 562 1570 quovis
586 1494 713 1571 agente
737 1494 859 1553 creato
883 1510 953 1552 non
979 1502 1160 1569 emergere
1183 1490 1390 1562 virtuosum,
1416 1506 1634 1569 quamquam
1656 1488 1769 1549 multa

433 1600 503 1659 sint
537 1598 682 1669 viciosa,
722 1616 850 1677 nempe
883 1598 976 1658 sicut
1015 1615 1162 1658 necesse
1197 1596 1371 1658 habemus
1399 1597 1514 1668 fateri,
1548 1594 1597 1656 ad
1627 1613 1769 1656 omnem

434 1703 602 1767 effectum
626 1706 828 1766 voluntarie
852 1708 887 1766 et
908 1723 979 1765 non
1004 1705 1169 1766 coactum
1192 1704 1309 1783 ipsum
1332 1721 1507 1765 summum
1530 1704 1663 1764 bonum
1686 1720 1768 1763 con-

432 1812 546 1873 currit
578 1812 804 1891 intenditque
827 1811 987 1873 debitum
1011 1811 1130 1882 finem,
1159 1810 1399 1890 proculdubio
1422 1810 1605 1872 laudabile
1638 1808 1767 1878 reddit,

433 1918 530 1997 quod
544 1918 722 1980 interdum
740 1937 848 1980 causa
864 1920 981 1980 minor
1004 1918 1192 1980 constituit
1213 1917 1387 1980 viciosum
1410 1921 1446 1980 et
1456 1918 1635 1997 vituperio
1657 1936 1766 1979 reum.

432 2056 475 2067 -—
502 2025 644 2087 Occidit
673 2028 836 2105 profecto
860 2024 957 2086 Deus
980 2024 1091 2087 Pater
1113 2027 1149 2086 et
1177 2023 1333 2105 Spiritus
1357 2022 1520 2095 Sanctus,
1543 2022 1668 2085 Verbo
1689 2024 1769 2105 ipso

433 2135 678 2205 concurrente,
695 2131 1023 2203 Hominem-Deum,
1053 2133 1189 2194 deitate
1216 2132 1328 2193 illesa.
1368 2129 1468 2192 Ulla²
1488 2132 1582 2193 enim
1599 2131 1768 2192 divinitas

433 2240 590 2319 extingui
628 2242 756 2319 potest.
795 2238 909 2323 Quem
942 2238 1044 2300 Iudei
1082 2239 1337 2301 crucifixerunt
1367 2239 1506 2318 pariter
1537 2242 1574 2300 et
1606 2236 1766 2310 Romani,

432 2346 529 2408 Deus
554 2346 742 2425 siquidem,
767 2347 828 2425 qui
851 2345 936 2408 fecit
959 2346 1050 2408 illud
1074 2364 1117 2407 ex
1144 2348 1295 2408 caritate
1319 2346 1436 2416 nimia,
1460 2347 1578 2426 potuit
1599 2347 1676 2407 sine
1697 2345 1768 2407 illis

434 2454 542 2516 talem
566 2456 716 2516 mortem
739 2453 919 2526 inducere,
945 2453 1010 2515 sed
1028 2472 1100 2515 non
1116 2454 1237 2515 decuit
1260 2453 1393 2532 utique,
1417 2454 1502 2532 quia
1524 2453 1637 2515 voluit
1660 2471 1768 2532 quam

435 2560 496 2622 illo
520 2560 596 2622 sine
620 2559 696 2621 Deo
720 2579 791 2622 non
814 2561 1015 2639 potuissent
1039 2560 1194 2639 operari.
1237 2559 1349 2621 «Non
1378 2559 1530 2622 haberes
1553 2562 1768 2639 potestatem

432 2668 468 2728 in
493 2687 549 2730 me
573 2667 692 2740 ullam,
718 2667 786 2728 nisi
810 2668 875 2729 tibi
898 2668 1023 2728 datum
1047 2669 1144 2728 esset
1169 2666 1370 2746 desuper»,
1394 2668 1511 2746 inquit
1542 2666 1669 2750 Pylato
1691 2666 1766 2729 Ihe·

433 2772 518 2845 susl,
543 2793 625 2835 mox
648 2774 861 2836 iudicandus
886 2774 932 2835 ad
958 2792 1110 2836 crucem.
1132 2807 1169 2815 —·
1192 2773 1271 2835 Non
1289 2775 1447 2836 absurde
1462 2775 1569 2854 igitur
1591 2776 1767 2855 possimus

431 2881 595 2960 profiteri
607 2880 865 2942 irradiaciones
880 2881 1046 2951 siderum,
1065 2881 1213 2943 nubium
1226 2881 1542 2943 choruscacciones
1559 2884 1595 2944 et
1606 2881 1765 2963 nymboS,

433 2990 625 3049 concentus
649 2988 778 3060 avium,
803 2987 954 3067 piscium
977 2989 1093 3059 ludos,
1117 2989 1211 3050 fetus
1243 2989 1458 3061 animalium,
1483 2990 1662 3061 arborum,
1687 3008 1767 3069 pra·

431 3098 549 3157 torum
580 3094 683 3167 risus,
709 3095 861 3157 insultus
885 3095 1076 3157 demonum
1101 3098 1136 3157 et
1158 3096 1339 3158 hominum
1363 3094 1550 3175 quodlibet
1575 3114 1666 3176 opus
1688 3114 1767 3158 esse

431 3202 639 3273 virtuosum,
664 3205 772 3281 prout
804 3222 826 3263 a
860 3201 936 3264 Deo
969 3202 1112 3264 volente
1144 3203 1318 3282 procedit,
1342 3203 1427 3264 licet
1458 3203 1505 3264 sit
1526 3203 1700 3265 viciosum
1730 3204 1767 3264 in

433 3312 606 3388 quantum
630 3309 813 3389 egreditur
839 3309 953 3371 libere
985 3328 1008 3370 a
1039 3327 1154 3387 prava
1186 3311 1370 3372 voluntate
1404 3313 1535 3372 creata.
1582 3309 1647 3371 Illa
1680 3329 1767 3372 vero

433 3416 787 3497 intermedialneque
810 3417 903 3478 male
926 3419 1037 3496 agunt
1060 3435 1175 3495 neque
1198 3417 1300 3488 bene,
1324 3417 1408 3479 licet
1439 3420 1547 3497 agant
1573 3418 1678 3490 bona,
1701 3418 1768 3479 sed

433 3542 616 3603 nunquam
640 3524 736 3585 mala
759 3522 932 3585 fortassis.

387 3625 418 3686 2.
544 3628 780 3709 Requiramus
814 3634 926 3710 ergo⁸
958 3631 994 3691 in
1026 3630 1152 3692 ethicis
1184 3631 1391 3693 accionibus
1423 3632 1540 3704 tinem,
1568 3632 1765 3704 materiam,

433 3736 586 3798 formam
609 3740 645 3799 et
669 3739 825 3798 activam
853 3756 1009 3799 causam.
1043 3735 1147 3799 Unde
1181 3738 1363 3800 racionale
1393 3739 1526 3800 animal
1560 3758 1604 3801 ex
1634 3740 1767 3801 virtute

432 3844 626 3917 laudabile,
653 3863 695 3906 ex
716 3844 851 3907 vicioso
875 3863 961 3906 vero
995 3845 1237 3924 vituperabile
1269 3844 1455 3907 diffinitur.
1491 3845 1625 3908 Finalis
1658 3865 1768 3909 causa

433 3952 531 4031 apud
564 3970 686 4014 omnes
723 3950 814 4013 hanc
849 3954 1037 4014 materiam
1072 3954 1282 4026 tractanteS,
1318 3953 1449 4014 dicitur
1483 3955 1616 4015 bonum
1650 3972 1767 4034 sump-

432 4077 527 4119 mum
551 4059 627 4121 sive
650 4077 738 4121 vera
762 4059 925 4131 felicitas,
950 4077 1059 4137 quam
1081 4062 1164 4138 post
1194 4060 1479 4139 disceptaciones
1506 4062 1674 4140 prolixas,
1705 4062 1768 4140 qui

438 4300 648 4308 --.—.-—--

541 4511 574 4573 u)
605 4534 628 4545 -
649 4508 795 4563 nouvelle
814 4509 954 4573 ecriture,
973 4509 1070 4574 petite
1090 4509 1212 4561 curatve
1229 4509 1294 4563 trts
1312 4509 1385 4562 bien
1402 4509 1529 4563 formee.

540 4685 562 4754 ¹)
582 4686 627 4741 cf.
648 4674 781 4755 Septem.
800 4687 850 4751 XI,
869 4686 912 4740 21.

539 4772 560 4842 ⁴¹)
578 4776 605 4827 A
625 4779 690 4829 bon
708 4777 799 4839 droit,
817 4776 849 4829 C.
867 4776 998 4830 salutati
1015 4777 1095 4829 dans
1115 4791 1150 4829 sa
1169 4776 1303 4843 reponse
1321 4775 1513 4839 aDominici,
1529 4776 1575 4829 lui
1586 4790 1605 4827 a
1616 4777 1770 4843 reproche

433 4866 569 4933 l'emploi
587 4866 628 4918 de
644 4866 732 4929 ullus,
757 4867 828 4931 ulla,
853 4881 933 4933 pour
951 4867 1060 4929 nullus,
1086 4867 1177 4918 nullu.
1217 4865 1285 4918 ‹Et
1312 4867 1347 4918 ut
1372 4866 1413 4919 ad
1438 4865 1611 4933 significata
1635 4866 1769 4931 veniam,

434 4955 503 5022 quis
522 4954 653 5009 diceret:
684 4955 747 5008 ulla
765 4956 911 5008 divinitas
929 4955 1065 5023 extingui
1090 4956 1200 5022 potest,
1224 4955 1258 5007 ni
1276 4954 1390 5009 fratres
1407 4956 1462 5022 qui
1477 4954 1688 5009 differentiam
1704 4970 1770 5009 non

433 5044 550 5098 faciunt
568 5044 653 5098 inter
672 5044 753 5097 ullus
777 5045 809 5097 et
827 5045 935 5108 nullus,
955 5044 1068 5111 quique
1093 5059 1157 5097 non
1177 5044 1351 5111 percipiunt
1376 5045 1469 5097 ullum
1493 5045 1575 5099 idem
1593 5045 1770 5113 significare

437 5133 520 5201 quod
539 5134 709 5201 aliquem».
730 5132 774 5187 Cf.
794 5134 1108 5201 Epistolurio,1V·1P.
1127 5148 1157 5201 p.
1175 5134 1237 5186 220.

541 5220 563 5289 ³)
583 5222 613 5276 s,
636 5224 757 5287 lousa,
775 5223 854 5287 xlx,
876 5224 918 5276 11.
