4300 6117
852 870 1038 926 IOHANNIS
1061 871 1244 926 DOMINICI
1648 859 1714 924 427

378 1097 514 1159 creavit
538 1097 653 1159 celum
676 1097 712 1158 et
736 1099 914 1168 terram»,
937 1115 1020 1159 mox
1042 1097 1219 1177 superbos
1231 1097 1329 1159 viros
1346 1096 1515 1158 accendit
1530 1094 1576 1157 de
1591 1095 1715 1156 mundi

377 1203 554 1284 principio
584 1203 781 1283 disputare,
807 1206 844 1265 et
876 1203 1170 1283 persuasionibus
1200 1202 1387 1284 silogizare
1417 1203 1456 1265 id
1487 1220 1612 1266 verum
1644 1220 1715 1263 non

378 1328 467 1383 esse,
490 1311 719 1390 ‚quibusdam
752 1311 849 1372 veris
881 1310 1059 1382 admixtis,
1100 1312 1141 1372 ut
1180 1310 1321 1372 facilius
1357 1312 1574 1391 caperentur
1599 1309 1714 1388 legen·

377 1420 443 1480 tes.
477 1417 740 1480 Athlantem
777 1418 1008 1498 astrologiam
1053 1417 1185 1490 docuit,
1225 1417 1541 1480 constellacionum
1578 1416 1714 1478 viribus

377 1525 489 1586 multa
512 1523 603 1586 falso
638 1525 860 1596 reddentem.
894 1525 980 1603 quia
1002 1523 1100 1586 Deus
1132 1523 1306 1586 docuerat
1335 1522 1523 1586 Habraam
1555 1523 1715 1585 siderum

375 1649 482 1693 veros
518 1629 669 1694 eftectus
703 1635 739 1694 et
776 1634 902 1704 motus,
933 1631 970 1693 in
1007 1632 1138 1710 quibus
1174 1629 1296 1693 divina
1332 1631 1446 1712 gloria
1480 1649 1552 1692 non
1586 1648 1715 1710 parum

376 1741 606 1802 monstratur.
631 1774 672 1783 —
697 1737 851 1818 Scripsit
871 1755 979 1800 verus
1002 1738 1188 1801 Phisicus:
1214 1737 1403 1802 Hominem
1439 1757 1461 1800 a
1495 1755 1633 1801 summo
1668 1737 1715 1799 de

375 1845 460 1906 limo
483 1847 626 1918 iactum,
651 1847 689 1908 et
709 1846 747 1906 in
761 1864 805 1908 eo
827 1847 1003 1927 spiratum
1027 1846 1247 1926 spiraculum
1268 1847 1342 1908 vite
1356 1843 1377 1916 ¹,
1400 1846 1457 1908 cui
1473 1847 1624 1909 callidus
1640 1846 1714 1907 obi·

376 1952 505 2014 ciendo
528 1971 677 2032 serpens
704 1953 854 2025 obstitit,
892 1952 1176 2015 Prometeum
1213 1952 1373 2015 homines
1407 1952 1452 2016 de
1485 1955 1584 2016 terra
1618 1971 1714 2014 men·

376 2059 474 2120 ciens
496 2060 710 2139 produxisse
721 2059 742 2122 ².
767 2059 855 2122 Post
877 2078 977 2139 quos,
1002 2059 1149 2132 scilicet,
1175 2059 1247 2122 duo
1282 2058 1424 2133 tratres,
1458 2061 1605 2139 quidam
1639 2079 1713 2122 ma·

375 2165 567 2237 thematici,
584 2168 633 2229 ad
648 2170 786 2229 tantam
802 2168 1026 2230 devenerunt
1047 2167 1232 2239 insaniam,
1247 2171 1286 2230 ut
1303 2186 1346 2229 ex
1359 2167 1512 2229 diversis
1527 2167 1712 2229 stellarum

375 2271 577 2336 influenciis
601 2273 724 2336 dicant
745 2275 947 2356 ymaginem
979 2276 1026 2337 ab
1061 2274 1203 2336 homine
1237 2293 1344 2355 posse
1378 2272 1536 2347 formari,
1574 2292 1644 2353 que
1682 2274 1713 2336 si
1788 2269 1793 2278 “

374 2398 442 2460 per
464 2381 654 2443 intervalla
677 2383 879 2461 temporum
901 2383 969 2444 sub
1003 2381 1162 2460 quadam
1193 2381 1431 2461 proporcione
1467 2381 1712 2444 constellacio·

375 2505 460 2548 num
483 2489 637 2562 servata,
662 2507 733 2549 non
756 2488 870 2558 simul,
895 2489 961 2550 sed
983 2489 1187 2550 successive
1209 2487 1385 2550 formetur
1408 2491 1496 2550 nutu
1527 2488 1713 2550 stellarum

375 2594 540 2674 spiritum
562 2595 709 2657 vitalem
731 2595 912 2674 adquirat,
936 2597 972 2658 et
995 2595 1188 2657 multarum
1210 2596 1404 2658 veritatum
1434 2586 1714 2678 manilliestabat
1785 2589 1815 2650 B
1832 2586 1925 2650 1οΊτο

375 2701 542 2774 archana,
579 2720 686 2781 quam
719 2702 820 2764 aiunt
849 2702 994 2764 tabolici
1024 2705 1186 2764 nostrum
1220 2715 1430 2784 magnum
1462 2702 1712 2765 Albertum

374 2805 537 2870 iecisset
561 2807 631 2871 Hic
660 2808 773 2870 hostis
803 2810 971 2889 antiquus
1006 2812 1222 2880 sanctorum,
1260 2809 1378 2871 ethica
1410 2811 1498 2883 visa,
1533 2810 1570 2872 in
1601 2811 1712 2889 scrip·

375 2917 493 2977 turam
517 2915 631 2979 ethice
654 2917 763 2978 mixte
786 2914 918 2978 falsis·
942 2918 978 2978 et
1000 2915 1063 2979 Iob
1088 2916 1156 2979 hoc
1179 2935 1251 2979 non
1272 2917 1379 2980 modo
1403 2934 1713 2997 supervacaneam

373 3020 440 3084 sed
473 3023 721 3103 perniciosam,
756 3024 886 3086 multos
924 3024 1075 3103 impulit,
1102 3041 1192 3104 quos
1229 3024 1338 3086 hodie
1362 3024 1496 3087 cecitas
1529 3024 1712 3086 hominum

373 3131 507 3210 ingenti
545 3131 706 3193 celebrat
742 3132 889 3194 laudum
923 3130 1030 3192 fama.
1054 3163 1099 3173 —
1127 3130 1224 3215 Quot
1256 3132 1349 3193 ialsa
1386 3131 1480 3193 inter
1514 3132 1711 3212 scriptores

372 3239 549 3319 ystoricos
581 3238 693 3301 seculi
726 3239 955 3311 ventilantur,
980 3236 1067 3300 dum
1098 3239 1177 3300 aliis
1209 3239 1271 3307 sic,
1296 3238 1376 3300 aliis
1409 3239 1524 3312 aliter,
1551 3239 1711 3300 eiusdem

374 3345 512 3425 negocii
534 3345 672 3426 placet!
696 3341 814 3408 Testis
838 3348 895 3407 est
915 3346 994 3425 ipse
1016 3345 1228 3425 splendidus
1251 3340 1541 3406 Titulivius⁴.
1566 3343 1640 3406 Sed
1661 3345 1712 3406 nil

374 3451 474 3514 aliud
495 3451 552 3514 hic
575 3453 752 3534 dyabolus
776 3451 855 3534 egit,
880 3453 948 3514 nisi
969 3454 1011 3514 nt
1033 3453 1119 3514 dum
1141 3451 1256 3514 lector
1278 3451 1496 3514 mencientes
1520 3455 1710 3514 contuetur

483 3834 515 3894 a)
539 3847 572 3877 =
591 3830 674 3883 falsi.

481 4006 502 4073 ¹)
521 4008 565 4062 Οἱ.
587 4008 693 4062 Genea.
712 4009 793 4073 11,7.

480 4096 500 4164 ²)
518 4098 659 4152 Allnsion
677 4098 696 4150 a
713 4098 745 4151 la
762 4099 893 4168 legende
906 4099 946 4151 de
965 4099 1158 4163 Promethee,
1186 4098 1322 4152 iormant
1339 4114 1382 4152 un
1406 4100 1529 4152 homme
1552 4099 1595 4151 du
1612 4098 1709 4151 limon

373 4188 413 4241 de
431 4189 463 4241 la
481 4190 566 4242 terre
584 4189 616 4241 et
638 4187 795 4241 l'animant
813 4189 856 4241 du
872 4187 926 4242 ien
943 4189 987 4242 du
1005 4189 1072 4252 ciel,
1099 4189 1172 4256 qu'il
1199 4189 1283 4241 avait
1308 4188 1435 4241 derobe.
1473 4187 1560 4241 Cette
1578 4187 1709 4255 legende

373 4279 456 4331 avait
474 4278 524 4330 ete
542 4277 673 4330 chante'e
691 4292 749 4346 par
768 4278 814 4330 les
832 4279 941 4344 poetes
959 4278 1031 4332 d’oir
1049 4278 1206 4345 l'epithete
1227 4297 1239 4321 «
1250 4281 1428 4330 mentiens».

482 4363 503 4432 ⁸)
529 4365 577 4420 On
595 4368 625 4419 le
643 4367 718 4430 voit,
741 4367 894 4420 Dominici
920 4367 1104 4436 n'acceptait
1130 4383 1187 4434 pas
1213 4368 1243 4420 le
1265 4369 1355 4420 conte
1381 4367 1433 4434 qui
1456 4367 1566 4420 cournt
1585 4367 1625 4419 de
1643 4365 1707 4418 tres

373 4457 477 4510 bonne
501 4457 598 4509 heure
624 4471 677 4508 sur
695 4456 977 4510 tilbert-le-Grand
1015 4457 1115 4510 Grace
1133 4457 1152 4509 a
1171 4472 1205 4510 sa
1224 4456 1443 4510 merveilleuse
1468 4455 1606 4508 habilete
1629 4457 1707 4509 dans

372 4545 442 4599 l'art
460 4546 500 4599 de
518 4546 549 4598 la
566 4545 758 4612 mecanique,
775 4545 899 4599 suivant
916 4547 946 4601 la
965 4546 1104 4615 legende,
1134 4545 1410 4599 Albert-le·Grand
1438 4545 1539 4598 aurait
1564 4545 1709 4612 composi

372 4650 433 4688 nne
451 4635 564 4703 espece
588 4635 775 4688 d'automate
800 4635 826 4687 si
851 4634 1069 4703 pariaitement
1095 4635 1237 4704 organise
1261 4635 1334 4702 qu'il
1352 4635 1480 4702 pouvait
1498 4635 1604 4702 parler
1623 4636 1655 4687 et
1673 4649 1707 4688 se

372 4725 513 4779 mouvoir
532 4739 650 4778 comme
677 4739 738 4777 une
764 4737 923 4791 personne
940 4725 1078 4778 vivente.
1116 4724 1167 4788 Or,
1185 4740 1228 4777 un
1245 4725 1323 4792 jour,
1341 4721 1474 4779 Thomas
1494 4722 1637 4791 d'Aquin,
1656 4739 1708 4776 en-

373 4827 446 4866 core
471 4814 561 4867 eleve
586 4814 627 4866 de
651 4814 761 4866 maitre
786 4812 905 4877 Albert,
934 4815 1058 4867 entrant
1084 4814 1158 4866 chez
1186 4813 1230 4866 lui
1257 4816 1289 4867 et
1315 4813 1435 4880 surpris
1455 4828 1495 4866 ou
1524 4811 1708 4874 scandalise,

373 4903 446 4956 d'un
471 4918 550 4969 conp
579 4903 620 4954 de
644 4903 738 4971 poing
756 4903 856 4956 aurait
882 4903 982 4955 reduit
1001 4919 1041 4957 en
1060 4916 1227 4956 morceanx
1244 4903 1444 4970 l’ingenieuse
1462 4903 1614 4963 machine,
1639 4901 1707 4954 ala
1806 4921 1812 4943 ·

372 4992 489 5061 grande
502 4993 633 5045 doulenr
646 4991 958 5055 d'Albert·le·Grand,
977 4992 1030 5060 qni
1048 5007 1083 5045 se
1103 4993 1198 5044 serait
1217 4991 1314 5045 ecrit:
1340 4993 1472 5060 Fregisti
1490 5007 1568 5058 opus
1586 4994 1708 5060 triginta

372 5097 530 5135 annorum.
765 5101 769 5104 ·
1155 5097 1158 5104 ·

480 5169 502 5236 ⁴)
519 5169 552 5224 T.
570 5172 638 5224 Lw.
655 5173 734 5224 Hui.
753 5171 844 5234 xxV,
863 5181 979 5235 xxx1x;
997 5171 1076 5236 XVI,
1095 5181 1228 5237 xxxvm,
1248 5181 1357 5224 xxinx.
