4300 6117
469 991 535 1054 324
978 1004 1137 1059 LUCULA
1160 1004 1299 1060 NOCTIS

466 1226 513 1287 ab
538 1226 729 1288 innumeris
752 1227 856 1288 malis
880 1228 1114 1291 communiter
1129 1230 1298 1301 exerceri,
1323 1247 1505 1309 quumque
1528 1230 1636 1291 nichil
1652 1233 1708 1293 est
1723 1232 1801 1292 tam

465 1332 650 1394 horridum
684 1334 793 1412 atque
815 1334 986 1395 incultum
1021 1335 1119 1413 quod
1142 1354 1214 1398 non
1237 1336 1466 1415 splendescat
1489 1336 1667 1408 oracione,
1704 1337 1799 1399 sicut

463 1440 502 1501 in
517 1440 709 1520 paradoxis
727 1442 904 1503 testatur?
928 1439 1086 1520 Ideoque
1103 1442 1161 1503 hic
1174 1446 1189 1476 ⁸
1206 1445 1391 1504 oratorum
1407 1428 1599 1523 precipuus
1616 1442 1798 1515 diffinivit,

457 1549 501 1607 et
515 1545 732 1625 Augustinus
748 1550 830 1627 post
846 1565 926 1609 eum
949 1548 1063 1609 eciam
1089 1548 1316 1629 «reipublice
1339 1550 1586 1629 eloquenciam
1601 1551 1679 1612 sine
1702 1551 1798 1630 sapi·

464 1654 565 1716 encia
588 1654 736 1715 multum
760 1655 896 1726 obesse,
921 1655 1142 1733 sapienciam
1165 1674 1254 1717 vero
1276 1657 1415 1735 absque
1440 1657 1649 1736 eloquencia
1668 1676 1798 1737 parum

462 1761 645 1841 prodesse,
672 1761 737 1823 sed
760 1762 977 1841 sapienciam
1001 1780 1082 1823 cum
1106 1763 1316 1841 eloquencia
1336 1764 1531 1843 plurimum
1552 1765 1719 1827 utilitatis
1744 1762 1795 1826 at·

460 1870 555 1931 terre
571 1891 585 1924 >
599 1866 619 1929 ¹.
638 1904 679 1911 —
696 1864 798 1930 Tibie
814 1869 957 1931 enimet
972 1870 1185 1948 psalterium
1211 1888 1358 1932 suavem
1373 1871 1509 1932 iaciunt
1529 1871 1731 1943 melodiam,
1757 1874 1795 1933 et

459 1994 568 2056 super
591 1978 743 2056 utraque
765 1976 884 2056 lingua
899 1976 1030 2047 suavis,
1055 1977 1148 2038 sicut
1165 1978 1336 2038 scribitur
1350 1976 1615 2049 Ecclesiastico,
1636 1979 1796 2057 capitulo

458 2082 538 2155 xL²,
554 2084 652 2145 cuius
664 2083 903 2171 intelligentia
916 2083 1113 2146 medullata
1124 2087 1247 2163 potest
1260 2083 1384 2146 haberi
1403 2102 1470 2163 per
1480 2084 1570 2146 illud
1583 2083 1793 2166 Gregorii,

458 2198 513 2252 v1⁰
528 2190 762 2263 Moralium,
790 2190 957 2252 dicentis:
985 2190 1075 2251 «me
1091 2191 1185 2252 bene
1209 2191 1379 2270 loquendi
1400 2190 1606 2253 facundiam
1624 2194 1792 2272 precipit,

459 2297 521 2378 qui
536 2298 652 2359 sinum
668 2296 786 2358 cordis
801 2315 868 2376 per
881 2300 980 2359 recte
994 2296 1140 2358 vivendi
1156 2297 1279 2359 studia
1294 2299 1464 2360 extendit.
1489 2298 1563 2361 Nec
1584 2299 1793 2377 loquentem

460 2404 682 2468 consciencia
705 2404 880 2484 prepedit,
905 2422 986 2466 cum
1008 2405 1085 2466 vita
1107 2404 1264 2484 linguam
1288 2406 1470 2467 antecedit
1491 2403 1541 2466 ›³.

391 2511 442 2575 14.
569 2511 667 2573 Duas
684 2512 952 2591 proposiciones
969 2512 1162 2574 correlarie
1187 2530 1231 2573 ex
1253 2512 1320 2573 hiis
1344 2512 1455 2584 elicio,
1494 2514 1685 2591 perpaucis
1713 2514 1789 2575 adi·

460 2620 566 2681 ectis:
584 2654 625 2663 -—
644 2617 764 2680 Prima
781 2621 844 2688 est,
870 2618 967 2697 quod
983 2636 1103 2680 sacre
1120 2617 1342 2698 Scripture
1363 2620 1528 2699 pericia
1548 2620 1793 2699 precedere

459 2727 585 2788 debet
608 2744 724 2787 usum
746 2726 854 2787 artis
877 2725 1095 2804 loquendi:
1121 2744 1203 2786 nam
1219 2726 1297 2786 sine
1311 2725 1379 2787 hac
1394 2726 1512 2787 nullus
1527 2726 1715 2788 habendus
1734 2730 1788 2788 est

457 2834 610 2914 sapiens,
631 2852 712 2895 cum
728 2832 825 2893 nulla
848 2832 919 2893 alia
934 2831 1170 2913 phylosophia
1188 2835 1325 2912 prestet
1340 2833 1497 2895 divinam
1513 2833 1691 2904 noticiam,
1718 2852 1791 2912 que

456 2941 534 3002 sola
557 2940 754 3019 sapientem
784 2938 905 3001 reddit
935 2956 975 3000 se
1004 2939 1258 3018 possidentem.
1288 2975 1329 2983 -
1356 2938 1530 3012 Secunda,
1556 2940 1654 3018 quod
1686 2941 1791 3001 irre·

456 3046 808 3128 prehensibiliter
837 3048 978 3125 potest
1009 3047 1162 3108 contra
1189 3047 1431 3109 modernam
1463 3047 1789 3109 rethoricam

456 3156 621 3218 acriter
643 3154 856 3233 perorari:
886 3156 960 3215 tum
984 3154 1068 3232 quia
1092 3154 1422 3232 incomparabiliter
1445 3154 1566 3233 plures
1590 3155 1674 3215 sunt
1697 3155 1781 3215 mali

455 3280 563 3342 quam
585 3262 679 3332 boni,
704 3262 740 3322 in
763 3275 915 3339 quorum
937 3260 1059 3322 buccis
1084 3260 1197 3321 omnis
1220 3260 1391 3339 splendor
1414 3261 1628 3322 obmutescit
1645 3261 1785 3333 orandi,

455 3373 529 3432 tum
547 3370 630 3449 quia
646 3368 861 3449 paucissimi,
885 3369 948 3429 aut
962 3368 1037 3429 lere
1057 3366 1145 3428 nulli
1159 3367 1208 3428 ad
1223 3368 1442 3447 sapienciam
1453 3368 1577 3428 volant
1590 3369 1648 3430 vel
1665 3368 1787 3429 nitun-

454 3480 514 3540 tur
528 3477 660 3546 volare,
683 3477 757 3536 tum
774 3475 888 3536 eciam
903 3474 996 3553 quia,
1019 3474 1049 3535 si
1066 3474 1127 3553 qui
1141 3474 1322 3536 rarissime
1343 3476 1430 3536 boni
1450 3477 1534 3536 sunt
1549 3477 1586 3537 et
1601 3475 1784 3554 sapiencie

454 3585 577 3656 dediti,
587 3585 886 3663 contempnuntur
901 3582 1026 3653 audiri,
1040 3581 1247 3643 lacerantur
1263 3581 1441 3653 dentibus,
1458 3583 1521 3643 ant
1535 3582 1630 3643 inter
1644 3584 1786 3663 ypocri-

453 3694 509 3753 tas
534 3692 793 3770 computantur,
818 3707 957 3751 necnon
972 3688 1066 3766 quia,
1092 3688 1154 3767 qui
1169 3689 1273 3768 pravi
1287 3689 1536 3767 ignorantesve
1550 3691 1630 3750 arte
1647 3688 1788 3767 pollent

452 3798 632 3878 loquendi,
653 3796 801 3877 propria
822 3796 1009 3857 commoda
1029 3796 1206 3857 communi
1220 3795 1316 3856 bono
1330 3798 1544 3874 preponunt.
1569 3795 1639 3856 Pro
1657 3795 1785 3857 horum

453 3906 622 3985 exemplis
656 3922 728 3965 non
751 3906 893 3982 oportet
923 3902 1100 3964 barbaros
1123 3905 1186 3963 aut
1209 3900 1348 3963 Indiam
1370 3905 1570 3981 penetrare,
1613 3921 1693 3963 cum
1716 3902 1783 3964 hiis

452 4013 555 4074 malis
590 4012 698 4073 simus
732 4011 891 4089 undique
927 4009 1127 4088 constipati.
1168 4007 1206 4069 Si
1229 4009 1335 4088 igitur
1370 4009 1557 4071 dulcisona
1580 4009 1660 4090 lyra
1684 4011 1788 4089 cupit

451 4122 554 4183 vates
569 4117 733 4198 Orpheus
757 4117 949 4179 extinctam
971 4134 1127 4187 uxorem,
1154 4116 1399 4195 eloquenciam
1419 4115 1663 4178 venerandam
1689 4117 1783 4177 inter

451 4231 570 4289 truces
593 4243 716 4287 manes
739 4225 859 4286 verius
884 4224 1192 4303 condempnatam,
1229 4223 1277 4284 ad
1301 4240 1450 4303 superos
1479 4241 1661 4296 revocare,
1699 4221 1784 4284 Cer·

449 4335 529 4397 beri
552 4334 697 4395 rabiosa
720 4332 799 4394 loca
822 4333 965 4410 oportet
988 4330 1166 4399 deserere,
1203 4348 1246 4391 ac
1269 4329 1387 4392 locum
1410 4329 1555 4391 vitalem
1578 4333 1712 4403 tenere,
1737 4349 1785 4392 ne

450 4601 661 4609 ————

554 4858 587 4919 a)
607 4854 713 4907 -hio

555 5058 575 5125 ¹)
595 5059 624 5111 S.
643 5059 722 5113 Auo.
741 5061 778 5111 de
796 5060 943 5111 Doctrina
963 5058 1066 5110 christ.
1084 5056 1135 5118 IV,
1154 5064 1184 5108 v.
1205 5056 1241 5108 In
1262 5054 1353 5122 oper.
1372 5056 1437 5119 111⁸,
1457 5054 1502 5109 92.

553 5154 574 5223 ⁷)
593 5157 638 5215 ct.
659 5158 753 5210 Emit.
772 5157 833 5221 xu,
852 5156 896 5208 21.

554 5252 575 5320 ³)
593 5255 735 5308 Gueoor.
754 5255 860 5307 Minu.
880 5257 991 5307 Moral.
1010 5254 1061 5319 vl,
1081 5263 1192 5307 xxxvi
1210 5253 1322 5322 Migne.
1341 5255 1362 5307 t.
1380 5252 1496 5316 LXXV,
1514 5254 1572 5306 eol.
1587 5252 1652 5306 759.
