4300 6117
458 864 523 926 342
960 876 1120 929 LUCULA
1141 874 1282 933 NOCTIS

455 1116 533 1177 cap.
546 1107 614 1159 VIII
626 1100 662 1159 et
675 1098 763 1159 locis
779 1098 859 1159 aliis
874 1098 1068 1160 innumeris
1078 1098 1306 1179 Augustinus.
1321 1132 1361 1139 -
1373 1098 1454 1173 Sed,
1469 1100 1547 1162 istis
1562 1101 1729 1162 obmissis
1746 1103 1787 1161 ut

454 1206 571 1278 certis,
597 1224 661 1266 cur
674 1224 745 1266 non
760 1206 967 1285 inspicimus
990 1206 1131 1285 lapides
1153 1209 1405 1285 protestantes,
1431 1209 1467 1268 et
1484 1208 1520 1267 in
1536 1208 1687 1269 alteram
1703 1226 1787 1269 con·

451 1330 593 1373 versam
606 1314 770 1373 naturam
786 1331 830 1373 ex
845 1331 920 1385 usu,
946 1314 1050 1392 quasi
1073 1314 1266 1374 scienciam
1281 1312 1392 1375 fidem
1408 1314 1623 1376 catholicam
1640 1314 1788 1376 demon·

451 1420 616 1491 strantes,
634 1420 763 1499 quibus
778 1420 903 1489 nescit,
928 1438 995 1481 nec
1009 1422 1130 1499 potest
1151 1419 1308 1480 humana
1323 1422 1488 1482 versucia
1503 1423 1568 1483 aut
1592 1422 1788 1502 dyabolica

450 1526 784 1588 versuciaobviare.
796 1526 940 1587 Certum
950 1529 1006 1587 est
1017 1528 1120 1598 enim,
1133 1527 1230 1606 quod
1242 1530 1393 1606 propter
1402 1529 1639 1606 particularia
1649 1528 1787 1590 diluvia

449 1633 516 1693 sub
540 1632 758 1695 Deucalione
782 1634 817 1695 et
841 1631 940 1713 Ogigi
963 1634 1034 1694 iam
1057 1632 1164 1706 facta,
1190 1633 1411 1695 ethnicorum
1434 1636 1518 1695 libri
1533 1653 1613 1702 ,non
1637 1635 1785 1705 habent,

449 1741 541 1801 teste
553 1738 759 1820 Augustino,
776 1741 813 1801 in
824 1739 881 1801 De
894 1739 975 1801 Civ.
987 1739 1074 1811 Dei,
1091 1759 1169 1820 cap.
1181 1750 1258 1811 VIII,
1272 1759 1342 1820 que
1357 1760 1428 1803 non
1434 1740 1602 1814 Ytaliam,
1619 1742 1683 1803 sed
1697 1740 1788 1803 Gre-

449 1848 550 1919 ciam,
568 1849 776 1909 invaserunt
786 1845 805 1909 ¹.
822 1882 862 1891 —
874 1846 923 1908 At
935 1847 1059 1908 diluvii
1071 1849 1139 1908 sub
1150 1846 1227 1908 Noe
1239 1847 1455 1927 multiplices
1467 1867 1563 1928 aque
1575 1867 1717 1910 omnem
1727 1867 1784 1909 or·

447 1958 530 2018 bem
542 1956 762 2035 baptizatum
774 1955 920 2016 tandem
932 1955 1168 2016 deseruerunt
1182 1956 1423 2017 animantibus
1440 1956 1642 2019 desolatum
1659 1957 1783 2035 iniquo

447 2062 637 2124 Mararath
658 2064 814 2123 montem
836 2061 1087 2133 vastissimum,
1123 2062 1160 2121 in
1195 2063 1295 2122 cuius
1319 2063 1455 2124 vertice
1490 2063 1649 2125 residere
1685 2063 1784 2123 illam

448 2170 593 2235 archam
609 2169 886 2231 vetustissimam
903 2186 946 2228 ex
958 2169 1037 2229 visu
1049 2187 1071 2229 a
1083 2169 1209 2229 vicinis
1226 2170 1351 2231 incolis
1368 2170 1497 2231 montis
1516 2170 1610 2231 illius
1627 2172 1682 2231 est
1698 2169 1785 2230 mihi

448 2296 528 2338 cum
550 2277 750 2338 iuramento
773 2277 968 2337 narratum.
992 2307 1036 2316 -
1064 2274 1230 2337 Sufficiat
1256 2278 1359 2338 nobis
1382 2276 1542 2338 Massam
1565 2275 1781 2343 Ribariam².

446 2384 703 2445 Patrimonium
718 2385 756 2444 et
768 2378 935 2444 Tusciam
951 2384 1150 2461 pervolare,
1176 2384 1310 2444 namin
1332 2385 1503 2463 sumpmis
1526 2385 1784 2445 altissimorum

446 2492 618 2553 montium
633 2490 837 2561 verticibus,
855 2490 917 2569 qui
931 2490 1070 2569 vulgari
1081 2507 1247 2551 sermone
1262 2491 1440 2562 dicuntur,
1465 2475 1559 2570 ripa
1583 2491 1779 2560 sardana,

446 2601 501 2660 est
523 2599 645 2678 ingens
669 2615 869 2668 concarum,
894 2596 1107 2676 lapillorum,
1132 2615 1243 2658 arene
1266 2600 1302 2659 et
1326 2599 1528 2659 ceterarum
1550 2598 1782 2677 quisquilium

447 2706 589 2785 equoris
605 2704 846 2765 vetustissima
869 2703 995 2767 relicta
1011 2705 1204 2783 congeries,
1230 2723 1310 2765 cum
1326 2708 1446 2766 tamen
1462 2706 1525 2767 illa
1540 2706 1665 2784 porcio
1682 2707 1778 2766 terre

445 2813 492 2873 sit
507 2814 656 2873 multum
671 2830 694 2872 a
708 2812 799 2872 mari
815 2812 961 2882 remota,
987 2812 1023 2871 et
1039 2810 1119 2871 aliis
1142 2812 1278 2891 magnis
1303 2812 1454 2873 collibus
1478 2812 1780 2874 intercidentibus

444 2921 492 2981 ab
516 2938 559 2981 eo
582 2920 707 2980 divisa.
747 2917 788 2979 In
812 2918 960 2979 excelsis
983 2935 1069 2978 vero
1094 2916 1245 2997 Alpibus
1268 2920 1367 2980 iuxta
1391 2918 1557 2981 Castrum
1581 2918 1712 2990 Plebis,
1743 2919 1781 2979 ni

444 3026 559 3099 fallor,
577 3026 740 3107 dyocesis
754 3025 930 3104 perusine,
948 3043 1058 3085 arena
1075 3025 1214 3086 marina
1228 3027 1478 3105 antiquissima
1494 3027 1653 3088 conculis
1670 3027 1780 3087 mixta

445 3137 481 3196 et
501 3120 606 3195 nullis
629 3132 789 3203 novellis,
824 3150 871 3192 ne
893 3131 932 3192 id
955 3133 1113 3193 celorum
1136 3132 1238 3211 operi
1261 3134 1473 3205 ascribatur,
1499 3134 1669 3212 scopulos
1695 3151 1781 3194 non·

443 3241 559 3303 nullos
583 3240 781 3301 construxit
803 3240 941 3319 pariter
964 3240 1000 3300 et
1022 3241 1223 3301 conservat.
1257 3238 1408 3301 Collium
1432 3240 1589 3319 denique
1613 3238 1782 3302 Voltera·

443 3366 569 3409 norum
592 3347 777 3427 procerior
799 3346 952 3407 altitudo
975 3348 1049 3407 tam
1072 3358 1218 3426 magnas
1254 3349 1291 3408 et
1313 3349 1453 3408 veteres
1488 3348 1705 3409 ostricarum
1727 3349 1781 3408 la·

443 3456 569 3534 pideas
593 3455 718 3516 domos
742 3453 857 3514 minus
880 3451 1047 3515 fidelibus
1072 3453 1121 3514 ad
1137 3454 1339 3515 docendum
1353 3454 1608 3516 monstrandas
1634 3472 1778 3516 conser-

442 3564 514 3633 vat,
539 3561 637 3642 quod
660 3579 773 3633 nemo,
799 3560 860 3640 qui
882 3558 1023 3631 viderit,
1048 3561 1168 3640 potest
1185 3561 1231 3622 de
1246 3563 1398 3622 veritate
1416 3562 1511 3623 illius
1528 3562 1782 3623 inondacionis

444 3669 654 3731 universalis
678 3668 746 3729 nisi
770 3667 978 3729 stultissime
1000 3667 1178 3729 dubitare.
1215 3666 1344 3729 Nescio
1366 3668 1424 3729 cui
1452 3669 1572 3748 gracie
1607 3669 1781 3748 singulari

443 3778 488 3839 sit
510 3775 772 3848 ascribendum,
808 3775 839 3836 si
862 3774 1079 3854 baptismum
1101 3775 1300 3847 excludam,
1337 3793 1409 3854 quo
1432 3776 1525 3837 sicut
1558 3794 1713 3856 corpora
1736 3794 1784 3837 eo

441 3885 589 3964 perlusa
610 3902 632 3944 a
655 3882 812 3962 quadam
847 3882 930 3942 tabe
965 3880 1091 3943 fetoris
1125 3883 1238 3943 invita
1270 3886 1437 3944 servatur
1470 3882 1583 3954 illesa,
1622 3882 1780 3944 Hebreis

443 3995 479 4053 et
503 3990 631 4052 ceteris
664 3988 871 4050 infidelibus
894 3988 933 4049 id
956 3989 1205 4068 probantibus,
1242 3990 1304 4068 qui
1335 3990 1403 4051 nisi
1439 3992 1568 4051 crebro
1602 3990 1780 4063 laventur,

442 4099 538 4160 olent
561 4100 601 4159 ut
622 4096 732 4180 hyrci,
757 4096 808 4157 sic
832 4099 969 4157 mentes
993 4096 1154 4158 locorum
1177 4096 1356 4176 disponat,
1382 4098 1421 4158 ut
1444 4098 1511 4159 soli
1534 4096 1707 4159 anhelent
1730 4097 1784 4158 ad

443 4206 592 4267 celibem
615 4206 726 4266 vitam
748 4206 786 4266 et
808 4204 1005 4284 angelicam
1028 4204 1242 4266 castitatem.

449 4424 661 4435 ——-

548 4600 569 4668 ¹)
588 4600 618 4654 S.
637 4602 715 4654 AUR.
734 4602 816 4654 Auo,
840 4602 887 4654 De
915 4599 999 4653 civil.
1024 4603 1092 4665 Det,
1117 4601 1223 4664 XVIII,
1240 4609 1305 4653 vm.
1332 4602 1368 4654 In
1389 4600 1479 4668 Oper.
1504 4603 1524 4655 t
1544 4600 1608 4665 vn,
1634 4602 1695 4654 col.
1715 4600 1778 4654 56&

441 4691 529 4746 Giov.
548 4690 699 4745 Dominici
712 4690 777 4743 s'en
789 4690 868 4743 tient
881 4690 1019 4758 touj0urs
1032 4690 1051 4743 a
1065 4690 1095 4743 S.
1111 4692 1196 4758 Aug,
1212 4692 1265 4758 qni
1278 4691 1326 4743 est
1339 4706 1374 4743 sa
1387 4705 1498 4743 source
1509 4692 1683 4758 principale
1699 4706 1779 4758 pour

440 4783 509 4835 tous
534 4781 580 4835 les
599 4780 863 4848 renseignements
888 4780 928 4833 de
953 4781 1033 4833 cette
1055 4780 1174 4833 nature.
1205 4780 1283 4832 Mais
1302 4779 1446 4847 Iosephe,
1470 4781 1575 4845 Auttq.
1592 4780 1664 4834 lud.
1680 4781 1733 4833 lib.
1752 4781 1777 4843 1,

440 4886 465 4924 c.
484 4871 510 4935 4,
537 4872 569 4924 et
587 4869 679 4937 apr‘es
698 4870 741 4923 lui
758 4870 890 4933 Eusebe,
914 4870 1168 4934 Praeparationts
1186 4871 1368 4938 evangelicu,
1396 4870 1448 4922 lib.
1467 4868 1516 4933 X,
1530 4884 1597 4937 cap.
1621 4870 1655 4922 11
1680 4870 1781 4921 et122

440 4960 566 5014 avaient
582 4960 654 5027 deta
674 4959 811 5013 recueilli
828 4958 874 5011 les
893 4958 1104 5026 temoignages
1122 4960 1162 5011 de
1179 4959 1305 5022 Berose,
1323 4961 1364 5012 de
1381 4959 1525 5012 Mnaseas
1543 4960 1575 5012 et
1592 4959 1633 5011 de
1651 4960 1775 5013 Jerome

440 5050 622 5119 l'Egyptien.
653 5050 679 5101 11
696 5050 746 5102 est
763 5048 832 5101 vrai
850 5063 911 5115 que
930 5062 981 5101 ces
999 5050 1127 5101 auteurs
1146 5048 1262 5101 etaient
1280 5048 1459 5102 consideres
1477 5063 1598 5101 comme
1615 5049 1778 5102 barbares.

552 5136 572 5206 ²)
591 5138 674 5192 Pour
691 5139 862 5205 Ripartum.
