4300 6117
442 951 507 1016 352
964 965 1123 1018 LUCULA
1145 964 1284 1019 NOCTIS

445 1185 691 1247 indubitabilis
716 1187 904 1259 certitudo,
944 1188 1005 1249 ubi
1030 1188 1076 1250 de
1099 1188 1271 1268 religione
1293 1188 1469 1261 locuntur,
1500 1189 1538 1250 in
1576 1207 1648 1267 qua
1666 1188 1781 1251 theo-

443 1292 535 1372 logie
564 1294 676 1355 omnis
708 1311 846 1354 summa
877 1294 1047 1368 consistit,
1080 1295 1253 1374 cuiusque
1281 1314 1375 1357 nunc
1398 1295 1524 1375 agitur,
1548 1314 1639 1375 opus
1662 1294 1780 1375 Virgi-

366 1398 367 1401 ’
443 1400 539 1472 lium,
565 1416 670 1477 quem
693 1401 874 1461 nonsatis
898 1401 964 1462 sibi
1005 1401 1238 1463 comendasse
1275 1401 1429 1480 videtur,
1453 1420 1554 1464 more
1591 1405 1781 1483 poetarum

445 1507 497 1567 ait
518 1506 629 1568 tuisse
651 1508 847 1578 mentitum,
870 1511 957 1587 puto
982 1508 1128 1587 quidem
1140 1527 1163 1569 a
1174 1527 1264 1588 pure
1279 1507 1389 1581 fideli,
1406 1527 1450 1570 ex
1465 1509 1533 1570 hiis
1548 1510 1687 1571 intense
1699 1509 1782 1571 elici

444 1630 560 1693 posse,
583 1616 731 1675 auctore
760 1614 962 1695 dyabolico,
1001 1614 1066 1676 hos
1104 1616 1228 1677 mundi
1266 1619 1368 1677 vates
1392 1614 1502 1677 luisse
1539 1617 1689 1686 locutos,
1718 1616 1782 1696 qui

444 1720 598 1781 mendax
621 1722 676 1782 est
698 1723 735 1782 et
757 1724 862 1799 pater
886 1719 983 1783 eius¹
1006 1722 1199 1801 sepiusque
1221 1724 1298 1784 veri
1321 1721 1413 1784 falsa
1437 1724 1639 1802 permiscet,
1674 1725 1714 1783 ut
1736 1742 1782 1785 ex
1984 1751 1985 1802 i

443 1826 519 1889 fide
541 1846 708 1889 verorum
731 1826 823 1889 falsa
846 1831 1020 1908 suggerat,
1051 1830 1118 1890 sub
1147 1829 1275 1908 quibus
1300 1829 1504 1891 mortalium
1528 1833 1663 1892 mentes
1681 1830 1779 1891 labo-

444 1937 501 1996 rat
525 1936 686 1998 detinere
710 1936 883 2013 captivas.
1523 1936 1525 1941 ’

398 2038 428 2103 4.
553 2040 647 2103 Satis
671 2042 880 2121 liquidoque
903 2043 1054 2104 tercium
1079 2043 1272 2105 correlarie
1287 2046 1408 2122 patet:
1433 2061 1549 2122 neque
1565 2043 1680 2105 solum
1694 2060 1779 2121 pue·

444 2168 566 2213 rorum
589 2148 940 2228 adolescentiamque
965 2152 1000 2211 et
1024 2150 1237 2229 simplicium
1259 2149 1536 2229 intelligenciam
1557 2150 1671 2211 leccio
1693 2167 1778 2229 poe·

443 2257 562 2317 tarum
586 2255 723 2326 evertit,
753 2258 902 2336 propter
925 2274 1015 2335 quos
1036 2255 1157 2318 'ortum
1181 2260 1235 2318 est
1253 2247 1268 2339 {j
1294 2257 1390 2318 istud
1415 2255 1627 2328 certamen²,
1652 2257 1718 2317 sed
1742 2258 1779 2317 et

444 2381 576 2432 eorum,
602 2381 691 2442 quos
715 2362 874 2425 seculum
897 2365 1081 2443 nuncupat
1103 2362 1343 2443 philosophos,
1358 2363 1416 2424 vel
1440 2365 1553 2425 eciam
1578 2363 1675 2442 quod
1696 2348 1800 2441 plus'

444 2471 498 2531 est
520 2470 711 2549 sapientes.
728 2467 894 2531 Varrone
917 2470 1095 2549 siquidem
1119 2468 1307 2543 referente,
1333 2471 1456 2531 notavi
1472 2470 1654 2532 civitatem
1669 2469 1777 2531 Athe·

323 2577 351 2609 ω
442 2595 578 2647 narum,
602 2576 804 2638 liberalium
821 2566 837 2658 11
866 2578 1003 2637 arcium
1025 2577 1201 2639 nutricem
1224 2580 1261 2638 et
1290 2577 1583 2657 philosophorum
1607 2576 1776 2655 copiosis·

441 2684 567 2745 simam
590 2686 750 2754 matrem,
782 2686 951 2763 regnante
975 2682 1143 2763 Cecrope,
1167 2682 1278 2746 fuisse
1304 2684 1466 2745 delusam
1498 2686 1538 2747 ut
1567 2704 1589 2746 a
1611 2682 1776 2745 Minerva

442 2793 611 2852 nascente
642 2789 818 2869 Neptuno,
853 2790 1062 2870 prevalente
1097 2792 1203 2852 unIca
1237 2809 1327 2853 voce
1363 2789 1577 2853 feminarum
1615 2791 1773 2861 consilio,

441 2900 717 2977 nuncuparetur.
742 2896 801 2958 Ad
825 2898 924 2959 cuius
950 2899 1107 2959 furorem
1130 2898 1356 2978 placandum,
1381 2898 1516 2977 triplici
1538 2916 1631 2978 pene
1653 2898 1773 2960 subdi·

440 3004 571 3066 derunt
594 3004 673 3066 illas
696 3004 862 3066 victrices
886 3024 957 3067 non
981 3007 1179 3067 metuentes
1203 3005 1454 3085 triumphantIs
1479 3006 1517 3066 in
1549 3004 1691 3068 feminis
1723 3004 1774 3066 ul·

440 3112 586 3183 cionem,
626 3111 691 3173 sed
712 3114 851 3173 tantum
875 3112 1016 3173 devicti.
1053 3144 1096 3152 —
1124 3110 1329 3174 Ludificant
1355 3112 1525 3176 demones
1554 3116 1701 3184 mentes,
1735 3114 1775 3173 ut

440 3216 533 3279 inira
557 3218 705 3299 patebit,
730 3236 801 3279 non
824 3219 938 3280 solum
973 3222 1103 3281 natura
1136 3238 1255 3281 rerum
1286 3218 1511 3298 specietenus
1545 3221 1771 3289 commutata,

439 3325 505 3387 sed
527 3344 613 3405 sepe
636 3344 702 3405 per
725 3328 860 3405 poetas,
886 3326 1098 3405 arrepticios
1124 3329 1159 3388 et
1182 3327 1373 3388 freneticos
1389 3344 1473 3388 suos
1491 3344 1708 3405 suorumque
1726 3326 1775 3387 ad

439 3433 656 3511 loquendum
681 3435 767 3511 apta
789 3435 997 3494 strumenta.
1036 3431 1117 3493 Heu
1151 3446 1259 3512 genus
1294 3432 1509 3493 humanum!
1544 3435 1626 3494 tuus
1649 3433 1772 3501 hostis,

439 3541 501 3619 qui
523 3540 640 3619 primo
663 3557 732 3600 non
756 3539 869 3600 valuit
892 3557 958 3619 per
981 3550 1119 3619 agnum,
1144 3539 1293 3611 leonem,
1317 3540 1440 3619 lupum
1456 3539 1516 3600 vel
1530 3539 1685 3619 vulpem,
1709 3539 1774 3600 sed

438 3648 562 3719 solum,
586 3645 654 3707 hoc
676 3645 753 3709 Deo
776 3646 927 3719 volente,
952 3664 1018 3725 per
1041 3645 1201 3707 infimum
1226 3647 1381 3708 omnium
1404 3646 1611 3708 animalium
1642 3648 1773 3709 terres·

439 3755 539 3825 trem,
564 3756 776 3833 serpentem,
802 3755 837 3815 te
870 3753 1015 3833 aggredi
1038 3754 1288 3841 temptaturus,
1313 3754 1385 3814 iarn
1423 3755 1518 3815 totus
1553 3752 1772 3815 domesticus

440 3863 530 3931 tuus,
554 3878 621 3939 per
643 3878 682 3922 se
705 3860 863 3939 loquItur
886 3860 961 3931 tibi,
986 3878 1092 3939 quem
1116 3862 1234 3923 certas
1257 3860 1384 3922 audire
1399 3858 1497 3922 iacto
1518 3863 1771 3939 contempnens

438 3967 663 4030 verissimum
684 3965 807 4038 Deum,
833 3967 895 4046 qui
917 3968 1033 4047 primo
1056 3986 1124 4047 per
1145 3967 1305 4030 homines
1329 3970 1472 4028 sanctos
1486 3971 1509 4040 ⁸,
1535 3966 1681 4028 tandem
1706 3984 1773 4045 per

438 4074 594 4154 seipsum
617 4074 654 4134 in
676 4073 817 4135 homine
841 4075 931 4135 miro
963 4074 1029 4137 tibi
1052 4073 1150 4135 fatur
1172 4075 1209 4135 in
1232 4077 1385 4154 utroque
1415 4073 1566 4135 hominis
1599 4073 1647 4134 ad
1679 4074 1771 4134 saln-

438 4183 519 4243 tem.
545 4179 583 4243 Si
605 4200 692 4243 vero
714 4181 847 4243 dicitur
869 4200 949 4242 cum
972 4179 1190 4260 Virgilio,
1216 4181 1313 4260 quod
1339 4181 1473 4243 «turba
1493 4180 1557 4242 illa
1580 4198 1771 4242 numerosa

438 4288 596 4361 deorum,
622 4290 704 4349 sunt
726 4289 886 4350 membra
909 4289 1027 4368 magni
1050 4288 1110 4349 dei
1125 4310 1152 4360 »,
1177 4288 1275 4349 iuxta
1299 4286 1431 4349 Pauli
1459 4287 1669 4359 doctrinam,
1694 4305 1772 4348 cor·

332 4412 335 4419 ’
436 4412 504 4474 pus
527 4395 705 4457 misticum
729 4413 772 4458 ex
794 4396 944 4457 artubus
972 4394 1228 4458 adherentibus
1252 4395 1361 4475 capiti
1384 4394 1461 4457 Deo
1484 4394 1660 4456 tradentis
1671 4392 1692 4466 ³,
1718 4394 1772 4455 sic

438 4606 649 4617 ————

542 4786 575 4847 a)
592 4799 626 4829 :
645 4783 771 4835 tandem
787 4796 846 4849 per
865 4749 898 4835 se
917 4783 1019 4848 ipsum
1036 4782 1069 4833 in
1086 4781 1212 4835 homIne
1229 4782 1307 4835 miro
1326 4782 1383 4835 tibi
1400 4781 1493 4835 tatur.

527 4956 563 5024 ,¹)
583 4960 611 5013 S.
631 4960 742 5015 Ionan.
759 4960 838 5023 VIII,
856 4960 902 5014 44.

542 5046 562 5113 ²)
581 5048 734 5103 DomInici
751 5064 792 5102 ne
810 5050 934 5102 connait
952 5051 1002 5103 cet
1019 5049 1147 5116 episode
1166 5050 1293 5103 raconte
1305 5065 1363 5117 par
1375 5050 1497 5103 Varron
1509 5065 1570 5118 que
1583 5065 1642 5117 par
1651 5049 1680 5102 S.
1688 5051 1770 5104 Auo.

434 5138 480 5191 De
501 5138 585 5191 civit.
603 5140 669 5203 Det,
687 5138 793 5203 xvm,
811 5148 853 5193 tx.
872 5140 908 5193 In
929 5139 1020 5205 oper.
1038 5138 1102 5203 vn,
1119 5139 1182 5193 568.

543 5224 563 5292 ¹)
582 5227 611 5281 S.
630 5229 737 5293 PAUL,
756 5230 799 5281 ud
815 5229 913 5293 Rom..
931 5228 996 5293 ΧΗ,
1015 5230 1041 5281 5.
