4300 6117
872 911 1060 966 IOHANNIS
1083 910 1265 966 DOMINICI
1672 899 1738 964 ³87

394 1135 505 1200 Ultra
526 1135 593 1200 hec
617 1139 654 1198 et
676 1136 797 1207 multa,
823 1154 893 1216 que
916 1135 1115 1214 prudenter
1138 1135 1297 1206 silentur,
1316 1137 1450 1214 quanta
1472 1135 1589 1198 inutili
1619 1136 1740 1215 dispu-

395 1244 543 1306 tacione
566 1244 677 1322 atque
709 1243 1004 1316 contradictione,
1028 1245 1170 1322 tempus
1194 1243 1349 1306 inaniter
1372 1243 1511 1305 terunt!
1536 1275 1576 1286 —·
1601 1241 1670 1304 Hic
1694 1243 1741 1305 de

394 1351 513 1413 verbo
528 1350 578 1412 ad
600 1351 751 1414 verbum
772 1349 1000 1430 Augustini
1025 1352 1161 1412 textum
1177 1352 1272 1422 noto,
1295 1347 1431 1412 XVIII
1454 1348 1514 1411 De
1537 1347 1624 1412 Civ.
1648 1349 1740 1422 Dei,

396 1476 490 1536 cap.
514 1465 601 1528 XLI,
627 1458 739 1520 multa
763 1459 815 1520 sic
840 1457 1123 1536 complectentis:
1151 1475 1166 1509 «
1184 1455 1307 1519 Nonne
1322 1456 1373 1518 ibi
1388 1455 1588 1536 Aristipus⁸
1603 1455 1614 1494 ¹
1629 1457 1667 1520 in
1681 1475 1742 1520 vo·

396 1564 541 1644 'luptate
568 1565 731 1645 corporis
747 1583 923 1654 summum
938 1565 1071 1628 bonum
1086 1581 1235 1642 ponens,
1260 1563 1311 1626 ibi
1334 1555 1587 1628 Antistenesb²
1609 1565 1743 1626 virtute

399 1672 512 1734 :animi
534 1673 660 1751 pocius
683 1671 862 1736 hominem
884 1671 965 1735 lieri
985 1672 1131 1733 beatum
1168 1688 1390 1734 asseverans.
1429 1670 1509 1734 Duo
1541 1670 1744 1750 philosophi

398 1778 540 1840 nobiles
558 1781 594 1841 et
609 1779 716 1841 ambo
729 1779 906 1850 socratici,
922 1779 1075 1841 diversis
1099 1781 1209 1858 atque
1220 1778 1326 1842 ‘inter
1349 1797 1389 1841 se
1406 1779 1594 1841 contrariis
1610 1777 1743 1842 tinibus

403 1886 516 1949 vitam
538 1905 715 1948 summam
737 1886 907 1956 locantes,
933 1904 1085 1965 quorum
1109 1885 1223 1948 eciam
1251 1885 1311 1948 ille
1342 1886 1555 1966 fugiendam,
1580 1887 1647 1948 iste
1681 1886 1743 1948 ad·

402 1994 681 2056 ministrandam
718 1994 873 2074 sapienti
907 1993 1054 2056 dicebat
1084 2011 1163 2055 esse
1195 1993 1462 2073 rempublicam,
1492 1995 1528 2056 et
1560 1993 1608 2056 ad
1642 2012 1743 2056 suam

406 2101 560 2181 quisque
584 2101 790 2180 opinionem
812 2101 1023 2164 sectandam
1046 2100 1242 2180 discipulos
1267 2101 1490 2180 aggregabat.
1523 2099 1659 2180 Nempe
1681 2119 1744 2180 pa·

404 2207 477 2268 lam
501 2208 537 2270 in
562 2208 759 2288 conspicua
782 2211 818 2270 et
840 2208 1026 2270 notissima
1049 2208 1200 2287 porticu,
1227 2207 1263 2269 in
1286 2207 1461 2287 gignasiis,
1486 2208 1523 2268 in
1546 2207 1682 2280 ortulis,
1708 2208 1744 2270 in

404 2315 492 2379 locis
516 2315 669 2395 publicis
692 2318 803 2395 atque
825 2315 987 2394 privatis,
1012 2315 1226 2378 catervatim
1242 2332 1309 2393 pro
1325 2333 1390 2376 sua
1407 2315 1558 2394 quisque
1578 2315 1744 2395 opinione

399 2424 618 2496 1certabant3
662 2422 724 2484 alii
758 2425 960 2486 asserentes
990 2441 1118 2496 unum,
1162 2422 1224 2484 alii
1267 2422 1544 2486 innumerabiles
1581 2423 1743 2495 mundos,

398 2531 523 2612 ipsum
548 2532 668 2592 autem
691 2548 809 2602 unum,
834 2529 896 2591 alii
918 2532 1036 2592 ortum
1060 2548 1148 2600 esse,
1176 2529 1237 2591 alii
1253 2547 1340 2592 vero
1357 2529 1501 2592 inicium
1513 2548 1583 2592 non
1598 2529 1742 2605 habere;

400 2638 467 2700 aiii
490 2638 726 2708 interiturum,
751 2636 813 2698 alii
836 2655 978 2717 semper
1001 2635 1182 2710 futurum;
1207 2636 1268 2698 alii
1291 2639 1410 2698 mente
1433 2635 1565 2708 divina,
1590 2637 1651 2699 alii
1673 2637 1745 2700 for·

404 2746 499 2807 tuitu
523 2747 558 2807 et
582 2743 725 2807 casibus
750 2745 822 2824 agi;
847 2743 909 2804 alii
933 2743 1103 2806 mortales
1128 2761 1207 2806 esse
1240 2743 1385 2816 animas,
1417 2743 1478 2805 alii
1511 2744 1742 2818 immortales,

404 2855 443 2914 et
465 2852 528 2931 qui
551 2850 781 2921 immortales,
806 2850 868 2912 alii
896 2850 1032 2912 revolvi
1066 2850 1103 2914 in
1136 2850 1281 2923 bestias,
1316 2851 1378 2912 alii
1413 2869 1657 2930 nequaquam
1684 2855 1746 2932 qui

358 3027 363 3036 ,
406 2977 494 3021 vero
518 2958 698 3029 mortales,
724 2957 785 3018 alii
811 2976 892 3019 mox
915 2957 1062 3020 interire
1085 2960 1168 3038 post
1191 2977 1330 3038 corpus,
1356 2959 1417 3020 alii
1439 2959 1561 3021 vivere
1595 2959 1631 3020 in
1664 2979 1745 3041 pos·

406 3068 476 3136 tea,
500 3065 560 3126 vel
582 3065 729 3144 paulum
752 3064 810 3126 vel
833 3065 983 3136 diucius,
1008 3084 1079 3128 non
1112 3068 1232 3127 tamen
1254 3083 1414 3144 semper;
1439 3065 1501 3127 alii
1521 3066 1559 3126 in
1594 3085 1745 3146 corpore

405 3173 667 3236 constituentes
690 3170 800 3233 finem
822 3171 917 3243 boni,
942 3172 1004 3234 alii
1026 3173 1063 3234 in
1087 3173 1215 3244 animo,
1241 3172 1302 3235 alii
1324 3173 1361 3236 in
1393 3175 1566 3251 utroque;
1591 3174 1653 3236 alii
1684 3194 1741 3237 ex·

406 3280 585 3343 trinsecus
608 3279 727 3359 posita
751 3280 865 3341 eciam
888 3271 1011 3359 [bona]
1046 3280 1094 3342 ad
1127 3281 1284 3341 animum
1316 3282 1352 3341 et
1384 3298 1514 3359 corpus
1548 3282 1744 3356 addentes;

403 3387 468 3449 alii
498 3387 663 3449 sensibus
697 3387 882 3466 corporeis
918 3404 1070 3465 semper,
1093 3377 1156 3449 alii
1187 3405 1260 3448 non
1294 3404 1445 3466 semper,
1469 3387 1532 3452 alii
1564 3406 1746 3467 nunquam
1864 3385 1866 3388 ’

408 3497 576 3574 putantes
602 3511 680 3556 esse
705 3494 934 3556 credendum.
959 3491 1035 3555 Has
1060 3496 1096 3556 et
1128 3493 1218 3555 alias
1248 3512 1341 3574 pene
1367 3495 1645 3559 innumerabiles
1674 3496 1746 3558 dis·

403 3601 593 3663 senciones
616 3599 918 3681 philosophorum,
941 3601 1022 3680 quis
1045 3619 1203 3679 unquam
1226 3602 1389 3680 populus,
1408 3602 1487 3681 quis
1504 3605 1659 3676 senatus,
1677 3621 1746 3681 que

407 3710 570 3788 potestas
593 3708 651 3770 vel
674 3708 829 3787 dignitas
852 3707 997 3787 publica
1020 3707 1129 3787 impie
1153 3709 1308 3771 civitatis
1332 3709 1584 3772 diiudicandas
1600 3712 1635 3772 et
1655 3710 1745 3773 alias

408 3816 617 3894 probandas
641 3817 750 3895 atque
774 3815 1011 3895 recipiendas,
1036 3815 1127 3876 alias
1151 3816 1405 3895 improbandas
1429 3817 1745 3896 repudiandasque

409 3921 575 3984 curavit?
620 3921 674 3984 Ac
699 3940 769 3983 non
792 3923 928 4000 passim
950 3923 1027 3984 sine
1050 3922 1124 3984 ullo
1149 3923 1281 3985 iudicio
1313 3921 1458 3986 confuse
1490 3925 1588 4002 quod
1621 3924 1747 3987 habuit

408 4029 445 4090 in
467 4029 601 4109 gremio
624 4047 690 4091 suo
714 4030 767 4090 tot
797 4028 1060 4094 controversias
1093 4028 1274 4092 hominum
1306 4030 1569 4103 dissidendum,
1594 4050 1665 4093 non
1699 4033 1745 4094 de

403 4136 503 4215 agris
526 4136 585 4198 vel
607 4136 773 4198 domibus
806 4136 864 4198 vel
897 4154 1122 4216 quacumque
1155 4137 1227 4198 alia
1256 4138 1464 4216 pecuniaria
1496 4139 1650 4212 racione,
1681 4140 1745 4202 sed

409 4399 623 4408 ——-u

516 4607 549 4668 u)
567 4606 651 4656 Pour
669 4603 857 4671 Aristippus.
896 4606 927 4668 b)
946 4608 1029 4658 Pour
1047 4607 1249 4660 Antisthenes.

519 4805 540 4874 ¹)
559 4809 716 4876 Aristippo
741 4808 883 4878 (Cyrene,
901 4810 955 4864 435
974 4825 1023 4863 av.
1042 4810 1147 4878 J.-Ch.)
1172 4811 1332 4878 proposait
1356 4827 1434 4880 pour
1451 4814 1508 4866 but
1525 4814 1638 4882 unique
1656 4815 1696 4868 de
1714 4816 1744 4869 la

411 4898 464 4951 rie
482 4898 512 4950 le
530 4899 646 4964 plaisir,
665 4895 756 4962 ήόονή,
775 4899 846 4952 d’oii
865 4900 896 4953 le
913 4915 987 4952 nom
1005 4900 1218 4954 d'Aedontsme
1236 4900 1341 4954 donne
1359 4901 1377 4954 i
1395 4917 1453 4956 son
1471 4895 1619 4972 systemeJ

518 4984 539 5051 ²)
557 4987 751 5052 Antisthene,
770 4988 937 5042 iondateur
954 4990 995 5042 de
1012 4989 1120 5042 l'e'cole
1146 4991 1202 5042 des
1223 4989 1378 5060 Cyniques
1404 4989 1561 5054 (Athenes,
1578 4993 1632 5045 424
1650 4996 1745 5048 avant

414 5074 528 5140 l.-ch.]‚
547 5076 714 5144 proiessait
734 5078 807 5144 qu'il
825 5078 877 5146 n'y
896 5093 914 5130 a
932 5079 972 5131 de
990 5079 1071 5131 beau
1099 5093 1160 5146 que
1178 5080 1209 5132 la
1226 5082 1328 5152 vertu,
1352 5082 1392 5132 de
1410 5081 1474 5134 laid
1491 5097 1551 5150 que
1568 5083 1599 5134 le
1618 5083 1695 5148 vice,
1713 5086 1745 5138 et

409 5165 553 5219 s'elevait
570 5167 734 5220 au·dessus
753 5168 809 5218 des
827 5168 1030 5220 bienseances
1050 5169 1187 5222 sociales.
