4300 6117
856 967 1043 1021 IOHANNIS
1064 968 1245 1022 DOMINICI
1657 958 1722 1023 237

387 1192 496 1253 rebus
513 1181 527 1272 Η
551 1190 692 1261 divinis,
717 1190 844 1252 adimit
866 1189 986 1262 iidem,
1012 1208 1083 1270 que
1106 1192 1249 1253 omnino
1269 1192 1419 1253 vitanda
1442 1194 1506 1264 est,
1531 1194 1571 1253 ut
1594 1192 1723 1253 cultrix
1807 1190 1837 1252 Β
1852 1190 1930 1252 54'0

387 1299 578 1368 hominum,
603 1316 675 1359 non
696 1296 773 1369 Dei,
799 1297 985 1359 retrahens
1009 1317 1030 1359 a
1053 1296 1182 1377 Xpisto
1206 1299 1343 1360 iideles.

496 1403 559 1467 Sic‘
577 1404 778 1484 intelligunt
793 1404 944 1467 Paulum
967 1405 1058 1466 tanti
1082 1404 1250 1467 doctores
1262 1403 1281 1466 ¹.
1308 1403 1367 1468 Sic
1383 1404 1514 1467 Paulus
1539 1407 1721 1468 conversis
1736 1408 1767 1472 7.

387 1510 558 1574 fidelibus
582 1530 625 1573 ex
647 1512 778 1592 grecis²
802 1512 1025 1591 sapientibus
1049 1512 1173 1574 mundi
1195 1512 1351 1591 precipit
1373 1531 1396 1574 a
1418 1515 1504 1574 nota
1526 1511 1723 1594 phylophia

388 1620 531 1698 penitus
546 1619 738 1691 abstinere,
763 1609 778 1701 ΙΙ
799 1621 834 1680 et
857 1620 974 1698 ignote
997 1618 1134 1680 nnllam
1156 1637 1304 1698 operam
1328 1619 1426 1692 dare,
1451 1622 1491 1681 ut
1514 1620 1605 1681 sciat
1619 1618 1724 1698 Xpis-
1812 1617 1933 1681 L'ltl'⁰

390 1727 509 1788 tianus
534 1726 603 1787 sibi
626 1744 698 1787 non
720 1725 831 1788 licere
855 1744 936 1787 cum
951 1724 1174 1805 philosophis
1196 1726 1332 1788 habere
1355 1744 1565 1788 sermonem.
1590 1726 1724 1789 Iterum

388 1834 530 1913 glosant
538 1832 673 1894 hiidem
680 1830 768 1894 fidei
782 1832 968 1904 zelatores,
986 1850 1067 1893 cum
1082 1832 1148 1895 ait:
1168 1833 1435 1895 ‹secundnm
1453 1834 1667 1895 elementa
1682 1832 1726 1906 »,²

390 1940 504 2019 tangit
527 1958 598 2011 eos,
635 1939 697 2018 qui
719 1939 937 2019 prudentius
960 1938 1070 2020 ydola
1094 1941 1284 2019 exponunt,
1309 1939 1487 2001 dicentes:
1530 1940 1646 2002 «Iuno
1671 1942 1726 2002 est

390 2065 463 2118 aer,
499 2044 685 2126 Neptunus
721 2049 776 2109 est
799 2065 898 2108 mare
922 2049 989 2110 etc.
1002 2069 1029 2119 s,
1066 2047 1287 2108 insinuantes
1310 2065 1381 2107 non
1404 2048 1518 2109 solum
1546 2047 1725 2126 simplices

390 2153 541 2225 tabulas,
566 2154 654 2215 iidei
677 2154 862 2233 oppositas
882 2154 1081 2216 secundum
1097 2154 1362 2233 apparentiam,
1387 2154 1452 2216 sed
1477 2154 1590 2216 eciam
1614 2153 1725 2215 docti·

391 2278 472 2323 ores
497 2260 741 2340 expositiones
775 2261 870 2323 illius
904 2262 1044 2341 generis
1081 2261 1263 2323 hominum
1296 2259 1374 2323 lore
1409 2262 1620 2340 simpliciter
1645 2278 1725 2322 con·

390 2365 658 2447 tempnendos³.
684 2365 825 2452 Quanto
842 2371 961 2430 autem
977 2368 1099 2430 studio
1113 2367 1201 2429 velit
1224 2386 1286 2429 eos
1302 2367 1495 2446 prohibere
1513 2386 1584 2429 non
1600 2367 1723 2439 nescit,

392 2475 454 2554 qui
477 2473 656 2554 ponderat
679 2475 749 2535 tria
771 2477 954 2555 precepta,
972 2494 1043 2537 uno
1067 2492 1231 2537 sermone
1248 2476 1416 2537 contenta
1430 2494 1437 2536 :
1449 2506 1491 2517 -
1505 2492 1585 2536 «ne
1609 2474 1726 2536 teti·

390 2582 609 2660 geritis»,
631 2582 745 2643 eciam
760 2583 902 2645 codices
919 2583 956 2644 in
970 2600 1077 2643 manu
1094 2581 1541 2661 sumendo;—‹neque
1563 2583 1725 2661 gusta·

390 2688 617 2759 veritis»,
656 2691 705 2761 ut,
741 2689 772 2749 si
795 2687 888 2751 torte
911 2689 1015 2751 vadis
1039 2690 1089 2751 ad
1112 2689 1311 2760 ecclesiam,
1335 2687 1501 2768 Xpistum
1525 2688 1724 2761 auditurus,

391 2795 454 2857 ubi
477 2794 713 2877 phylosophia
737 2798 923 2868 tractatur,
959 2798 1022 2857 aut
1045 2794 1127 2877 iuge
1162 2814 1243 2858 cum
1270 2796 1434 2875 apostolo
1458 2795 1624 2867 Iohanne,
1665 2796 1726 2875 qui

393 2902 551 2964 abcessit
567 2921 589 2963 a
605 2903 746 2975 balneo,
772 2922 814 2964 eo
839 2903 935 2982 quod
959 2903 1008 2965 ibi
1031 2906 1110 2965 erat
1132 2903 1312 2965 hereticus
1321 2901 1343 2975 ⁴,
1369 2905 1432 2964 aut
1446 2920 1552 2964 aures
1568 2903 1724 2975 obstrue,

390 3027 436 3071 ne
463 3008 590 3072 audias
619 3009 861 3071 incantantem
891 3010 1089 3089 sapienter:
1121 3041 1158 3053 -
1199 3028 1370 3090 «neque
1406 3012 1726 3072 contrectave-

391 3116 536 3188 ritis»,
572 3118 621 3188 ut,
646 3117 677 3177 si
701 3117 880 3196 contingat
910 3119 945 3178 te
972 3116 1168 3195 aliquando
1198 3118 1379 3179 audivisse
1406 3117 1464 3178 vel
1502 3116 1654 3188 novisse,
1690 3120 1727 3178 te

392 3220 589 3285 transferas
613 3223 661 3285 ad
695 3224 892 3302 simplicem
927 3226 963 3285 et
990 3222 1307 3303 profundissimam
1330 3224 1523 3287 scienciam
1547 3222 1724 3295 Crucifixi,

392 3348 462 3409 que
486 3331 563 3392 sola
585 3330 682 3392 valet
705 3333 742 3392 et
763 3331 869 3410 plene
893 3328 1027 3392 suflicit
1049 3330 1099 3392 ad
1123 3331 1283 3393 salutem.
1377 3310 1394 3339 ⁶

498 3435 578 3499 Non
600 3439 720 3499 tamen
742 3441 830 3517 puto
853 3439 930 3499 iore
953 3441 1152 3517 peccatum,
1177 3438 1217 3510 si,
1243 3440 1282 3499 ut
1306 3437 1449 3499 luceant
1472 3438 1584 3519 magis
1606 3438 1726 3499 sidera
1740 3433 1771 3495 8.

394 3544 470 3616 celi,
507 3544 698 3622 quisquilie
721 3544 1015 3624 philosophorum
1044 3547 1129 3623 apte
1161 3544 1266 3607 dictis
1298 3546 1504 3606 sanctorum
1534 3545 1725 3614 addantur,

393 3651 478 3729 quia
501 3651 676 3730 opposita,
703 3652 801 3713 iuxta
822 3669 861 3713 se
884 3652 1012 3730 posita,
1038 3652 1149 3731 magis
1166 3652 1381 3713 elucescunt.
1405 3651 1506 3713 Idem
1521 3650 1725 3731 Apostolus,

393 3758 626 3837 precipiendo
648 3754 836 3820 Thimoteo
860 3759 1054 3830 carissimo,
1072 3759 1207 3830 scribit,
1225 3758 1348 3820 dicens
1371 3759 1413 3819 in
1435 3757 1522 3819 iine
1546 3758 1727 3837 epistole

393 3865 543 3943 prime:
571 3862 636 3926 «Si
660 3866 740 3943 quis
764 3867 884 3926 autem
906 3866 1013 3926 aliter
1037 3866 1152 3935 docet,
1177 3866 1214 3927 et
1236 3884 1307 3927 non
1330 3866 1526 3945 acquiescit
1542 3866 1638 3926 sanis
1654 3882 1726 3926 ser·

393 3972 557 4033 monibus
580 3970 723 4033 Domini
758 3972 872 4034 nostri
894 3972 999 4033 Ihesu
1029 3971 1157 4052 Xpisti,
1196 3974 1233 4033 et
1259 3973 1292 4034 ei
1327 3990 1396 4051 que
1432 3972 1627 4034 secundum
1654 3972 1727 4051 pie·

393 4079 506 4140 tatem
528 4081 584 4140 est
617 4078 790 4152 doctrine,
826 4080 1003 4158 superbus
1027 4071 1120 4159 [est],
1156 4078 1264 4141 nichil
1299 4080 1424 4151 sciens,
1462 4078 1527 4140 sed
1557 4078 1727 4158 languens

395 4185 491 4246 circa
514 4186 720 4264 questiones
744 4188 780 4247 et
807 4197 943 4265 pugnas
960 4186 1169 4247 verborum:
1196 4204 1238 4247 ex
1255 4187 1385 4265 quibus
1405 4186 1568 4247 oriuntur
1581 4185 1725 4255 invidie,

394 4408 606 4416 ——.

500 4611 533 4671 a)
552 4623 644 4661 :ex
663 4609 814 4677 gentibus.

502 4782 743 4849 ¹)S.T110M.1n
762 4787 861 4853 Epist.
880 4788 923 4838 ad
943 4786 1057 4839 Coloss.
1076 4802 1143 4853 cap.
1162 4796 1192 4850 11,
1211 4786 1280 4839 lect.
1299 4786 1349 4839 IV.

502 4872 572 4937 ⁷)S.
593 4874 700 4938 ηπ,
719 4876 803 4939 uu,
821 4876 857 4939 11,
876 4876 901 4929 s.
1298 4866 1301 4871 '

503 4959 523 5027 ³)
542 4963 571 5016 S.
590 4961 694 5016 Trioni.
712 4966 749 5016 In
768 4968 854 5031 epist.
873 4966 916 5016 ud
935 4964 1049 5018 Coloss.
1068 4980 1137 5032 cap.
1157 4974 1187 5028 11,
1206 4965 1274 5017 lect.
1294 4966 1329 5017 11.

500 5049 523 5115 ⁴)
542 5052 629 5106 Oette
654 5053 805 5107 anecdote
830 5068 865 5106 se
889 5056 1000 5107 trouve
1026 5055 1192 5121 rapportee
1219 5068 1277 5121 par
1302 5054 1435 5118 Eusebe,
1459 5056 1538 5107 Hist.
1557 5055 1651 5119 ΕοοιΙΙ
1677 5056 1727 5120 111,

395 5149 497 5192 xxvm
514 5136 651 5207 [6].Edit.
666 5142 791 5209 Grapin.
811 5140 844 5195 T.
860 5144 903 5194 1⁶1
915 5158 945 5209 p.
960 5143 1021 5196 319.
1043 5171 1076 5180 -
1096 5142 1290 5209 L’hdretique
1309 5158 1349 5196 en
1373 5144 1517 5210 question
1539 5160 1572 5196 se
1594 5146 1728 5198 trouvait

396 5229 462 5281 ttre
482 5228 635 5284 Cdrinthe.
