4300 6117
851 1000 1038 1055 IOHANNIS
1060 1000 1241 1055 DOMINICI
1649 988 1713 1052 335

381 1225 484 1297 rium,
510 1228 546 1287 et
569 1226 663 1287 sicut
685 1225 866 1305 sapientes
889 1226 1058 1287 misteriis
1083 1228 1235 1297 exercet,
1255 1225 1308 1286 sic
1331 1223 1523 1304 superficie
1539 1224 1718 1303 simplices

383 1335 559 1395 resonnet.
584 1331 704 1394 Habet
728 1333 822 1393 enim
845 1333 881 1393 in
904 1332 1048 1413 publico
1085 1333 1180 1393 unde
1204 1334 1373 1412 parvulos
1410 1319 1562 1405 nutriat(
1587 1334 1624 1392 et
1646 1349 1718 1392 ser-

381 1442 444 1501 vat
466 1439 505 1500 in
530 1442 670 1501 secreto
703 1440 798 1501 unde
828 1442 964 1501 mentes
996 1440 1200 1501 sublimium
1237 1440 1481 1501 admiracione
1510 1436 1718 1518 suspendat.

384 1545 495 1631 Quasi
520 1547 666 1626 quidam
689 1544 830 1619 fluvius,
855 1550 895 1608 ul
919 1546 969 1608 ita
992 1546 1153 1619 dixerim,
1178 1547 1305 1627 planus
1331 1550 1367 1608 et
1389 1546 1493 1619 altus,
1517 1546 1554 1607 in
1589 1564 1660 1625 quo
1684 1548 1720 1606 et

377 1665 495 1734 agnus
512 1653 679 1725 ambulet,
698 1656 734 1715 et
750 1653 895 1733 elephas
912 1657 1035 1715 natet»
1050 1651 1071 1713 ¹.
1098 1685 1138 1693 —
1153 1653 1331 1715 Mirabilis
1347 1652 1477 1715 fluvius
1494 1656 1548 1715 est
1563 1654 1640 1724 iste,
1659 1652 1720 1731 qui

376 1764 439 1823 -est
462 1762 513 1821 ita
535 1760 673 1840 planus,
699 1761 870 1839 quodibi
894 1773 1015 1840 agnus,
1040 1760 1135 1822 idest
1160 1761 1311 1841 simplex
1325 1763 1361 1822 et
1376 1761 1576 1831 illiteratus,
1600 1761 1720 1839 potest

383 1868 488 1930 siccis
512 1868 665 1947 pedibus
689 1868 853 1938 transire,
878 1871 915 1929 et
938 1868 1094 1948 elephas,
1118 1869 1213 1930 idest
1236 1880 1382 1947 magnus
1408 1871 1443 1929 et
1467 1868 1617 1940 subtilis,
1639 1885 1720 1946 pos·

377 1977 432 2037 sit
454 1978 590 2046 natare,
616 1993 733 2055 ymmo
757 1993 796 2037 se
819 1975 1057 2055 submergere.

497 2080 592 2143 Ecce
616 2082 723 2161 igitur
747 2083 844 2161 quod
868 2085 947 2144 erat
975 2083 1205 2162 probandum
1227 2083 1326 2143 iuxta
1348 2082 1498 2143 verbum
1520 2080 1719 2153 Ysidori,

389 2186 426 2249 3⁰
448 2188 543 2250 libro
565 2187 629 2249 De
652 2186 833 2251 Summo
856 2187 1005 2262 Bono,
1031 2190 1153 2267 quod:
1181 2207 1195 2241 c
1216 2188 1404 2251 Geminum
1428 2187 1566 2250 confert
1590 2188 1722 2249 donum

387 2297 501 2358 leccio
524 2298 731 2357 sanctarum
751 2294 1006 2376 Sripturarum,
1040 2296 1117 2358 sive
1141 2297 1226 2375 quia
1250 2296 1378 2358 mentis
1402 2296 1620 2357 intellectum
1644 2314 1722 2357 eru·

387 2404 449 2475 dii,
475 2421 539 2465 seu
565 2404 662 2482 quod
686 2421 709 2463 a
731 2404 856 2464 mundi
879 2403 1101 2464 vanitatibus
1125 2403 1349 2465 abstractum
1369 2401 1547 2465 hominem
1562 2402 1611 2464 ad
1626 2421 1721 2463 amo·

390 2529 466 2571 rem
488 2508 556 2571 Dei
579 2510 745 2589 perducit
760 2530 775 2564 r
792 2502 813 2570 ².
841 2543 879 2550 -
906 2508 1034 2571 Libeat
1058 2522 1141 2589 ergo
1159 2529 1239 2571 cum
1256 2511 1393 2582 eodem,
1417 2510 1560 2581 ibidem.
1587 2510 1722 2588 capitu·

381 2617 464 2678 lum
494 2616 663 2696 sigillare,
701 2617 867 2679 dicente:
908 2615 1034 2701 «Quid
1068 2618 1219 2696 prodest
1251 2617 1288 2677 in
1321 2617 1509 2678 mundanis
1544 2617 1721 2696 proficere

387 2724 570 2795 doctrinis.
596 2728 630 2785 et
653 2725 862 2786 inanescere
885 2725 922 2784 in
945 2724 1092 2797 divinis;
1129 2724 1268 2785 caduca
1290 2724 1392 2803 sequi
1415 2724 1583 2803 figmenta
1608 2727 1643 2785 et
1667 2741 1721 2785 ce·

386 2830 490 2891 lestia
515 2829 708 2892 fastidire?
743 2830 902 2893 Cavendi
934 2832 1041 2911 igitur
1067 2834 1150 2893 sunt
1174 2832 1264 2893 tales
1289 2832 1373 2893 libri
1396 2834 1432 2892 et
1454 2834 1605 2910 propter
1627 2848 1722 2891 amo·

387 2956 462 2998 rem
493 2940 699 3000 sanctarum
736 2936 1003 3019 Scripturarum
1038 2939 1187 3009 vitandi,
1227 2938 1288 3017 qui
1323 2938 1478 2999 exterius
1514 2938 1724 3016 eloquencia

386 3046 581 3106 verborum
604 3045 726 3117 nitent,
761 3049 797 3107 et
828 3046 981 3107 interius
1016 3046 1121 3107 vacui
1160 3046 1342 3125 sapiencia
1376 3048 1530 3106 manent.
1568 3042 1724 3123 Eloquia

388 3153 509 3212 autem
532 3170 637 3213 sacra
661 3153 816 3213 exterius
842 3153 1024 3231 incompta
1048 3152 1169 3213 verbis
1201 3154 1388 3231 apparent,
1418 3152 1631 3213 intrinsecus
1662 3170 1723 3212 au·

388 3259 460 3319 tem
485 3258 725 3320 misteriorum
749 3260 933 3338 sapiencia
955 3258 1137 3338 fulgent».
1162 3256 1239 3320 Hec
1262 3259 1312 3319 ibi
1327 3256 1350 3317 ⁸.

495 3634 516 3701 ¹)
535 3636 678 3689 GREGOR.
696 3638 804 3689 MAGN.
833 3638 946 3689 Mornl.
974 3639 1117 3704 Epistola
1142 3641 1292 3701 missoria,
1314 3653 1381 3704 cap.
1402 3647 1445 3690 lv.
1472 3638 1584 3706 iligna,
1608 3637 1724 3700 LXXV,

381 3726 444 3778 col.
464 3726 526 3779 ⁵15.
549 3726 682 3780 Citation
700 3726 894 3793 incomplete.

495 3812 515 3880 ³)
535 3816 650 3868 IsmOR.
670 3815 802 3870 sentent.
821 3817 870 3881 ΙΙΙ,
889 3818 997 3881 v111‚4.
1016 3818 1053 3871 ln
1073 3817 1164 3884 Oper.
1186 3820 1206 3870 t,
1224 3818 1274 3881 vl.
1294 3818 1350 3871 col.
1369 3818 1430 3872 679.

497 3902 517 3968 ³)
536 3905 589 3969 ln.‚
608 3905 694 3969 Ibus..
714 3906 770 3958 col.
789 3904 850 3958 68⁶.
