4300 6117
840 901 1026 955 IOHANNIS
1049 902 1230 956 DOMINICI
1639 892 1704 956 179

365 1124 605 1204 nephandum,
637 1128 769 1187 utnon
800 1126 906 1187 modo
930 1125 1107 1198 celicolas,
1133 1126 1198 1187 sed
1220 1129 1256 1188 et
1278 1127 1375 1206 ipsos
1397 1126 1556 1189 latrones
1580 1130 1616 1189 et
1636 1128 1702 1189 sic·

366 1231 485 1293 carios
511 1250 572 1293 eos
593 1232 729 1312 pudeat
752 1231 895 1294 imitari.
922 1231 1028 1317 Quod
1045 1233 1140 1294 enim
1155 1234 1302 1305 lacinus,
1328 1233 1454 1307 scelus,
1480 1237 1515 1296 et
1533 1234 1702 1313 iniquitas

366 1341 487 1418 potest
509 1340 695 1411 nominari,
713 1357 784 1418 que
800 1340 847 1401 de
861 1340 1004 1401 illorum
1015 1339 1084 1401 diis
1108 1359 1179 1402 non
1202 1339 1369 1410 referant,
1387 1359 1497 1403 causa
1519 1341 1618 1414 lucri,
1639 1360 1702 1421 po·

365 1445 513 1525 pulares
539 1446 669 1526 poete?
693 1444 837 1517 Verum,
862 1446 893 1507 si
910 1446 1053 1508 dicatur
1074 1450 1138 1508 aut
1153 1447 1215 1509 illa
1230 1466 1318 1509 vera
1332 1466 1403 1510 non
1419 1466 1507 1520 esse,
1524 1448 1589 1510 sed
1603 1447 1700 1521 ficta,

368 1556 431 1614 aut
454 1554 632 1615 naturalia
655 1554 863 1632 parabolice
886 1554 985 1616 dicta
1006 1573 1071 1616 seu
1096 1553 1269 1616 historica
1292 1556 1339 1616 ab
1363 1554 1505 1617 homine
1524 1555 1572 1616 ad
1587 1553 1701 1617 Deum

368 1660 553 1732 translata,
592 1659 660 1722 hoc
695 1663 749 1722 est
783 1661 881 1739 quod
915 1661 1088 1741 precipue
1110 1664 1211 1724 vetat
1244 1679 1288 1723 ea
1309 1660 1507 1741 Xpistianis
1540 1662 1699 1742 legenda,

364 1785 450 1827 nam
472 1767 591 1846 legere
614 1768 706 1829 falsa
742 1786 809 1847 pro
832 1769 927 1830 veris
951 1768 1174 1847 prohibitum
1203 1772 1256 1830 est
1282 1769 1395 1830 eciam
1418 1769 1540 1849 alege
1563 1771 1700 1832 nature.

367 1872 503 1953 Legere
526 1875 617 1935 ialsa
641 1878 681 1937 ut
703 1873 796 1936 falsa
819 1894 1085 1955 supervacuum
1109 1878 1173 1946 est,
1210 1879 1245 1937 et
1280 1876 1452 1955 scriptum
1488 1879 1542 1938 est
1565 1877 1601 1937 in
1624 1876 1701 1956 lege

367 1978 450 2042 Dei:
479 1979 627 2043 «odisti
651 2000 773 2043 omnes
797 1983 1031 2045 observantes
1055 1984 1233 2044 vanitates
1257 2001 1479 2063 supervacue
1494 2004 1508 2038 »
1522 1981 1542 2044 ¹.
1578 1981 1616 2044 Si
1640 2002 1700 2045 na·

369 2087 501 2150 turalia
524 2092 606 2150 sunt
627 2079 654 2171 ΙΙ,
678 2107 748 2168 que
774 2090 820 2151 de
842 2090 1045 2151 numinibus
1069 2108 1092 2151 a
1115 2090 1231 2170 poetis
1254 2088 1443 2170 finguntur,
1468 2092 1562 2153 sicut
1589 2092 1699 2171 magis

366 2196 468 2257 scioli
491 2198 632 2275 partem
655 2195 826 2276 Virgilii
859 2199 895 2258 et
931 2195 1114 2259 Nasonis
1139 2200 1334 2277 exponunt,
1367 2200 1502 2259 certum
1527 2198 1700 2277 estquod

365 2302 542 2383 phisicam
567 2306 603 2364 et
626 2304 856 2383 astrologiam
879 2308 1097 2384 supponunt,
1130 2304 1260 2383 quibus
1284 2323 1354 2365 non
1379 2307 1461 2365 est'¹
1486 2307 1563 2366 etas
1587 2304 1699 2367 inlan·
1827 2286 1830 2291 ¹

364 2410 438 2471 tilis
461 2410 607 2481 imbuta,
633 2410 731 2490 apud
756 2404 892 2489 quamb
915 2411 1068 2473 maxime
1092 2414 1281 2491 poetarum
1303 2412 1461 2473 studium
1477 2416 1699 2475 reservatum

364 2517 518 2588 videtur,
535 2517 707 2579 traditum
730 2536 797 2597 per
819 2518 898 2580 illos
923 2518 985 2597 qui
1007 2521 1197 2597 utrumque
1220 2518 1394 2598 ignorant.
1415 2517 1462 2580 Et
1486 2530 1569 2598 ergo
1586 2523 1698 2583 restat

366 2643 427 2686 eos
451 2624 590 2685 nonnIsi
614 2643 755 2686 sumere
778 2624 880 2697 falsa,
904 2624 1002 2703 quod
1026 2628 1081 2687 est
1105 2624 1366 2688 detestandum.

477 2729 601 2792 Simile
625 2732 717 2803 dico,
731 2750 811 2793 cum
834 2731 1014 2793 hominum
1037 2732 1132 2793 vicia
1154 2731 1359 2794 referuntur
1381 2733 1418 2793 in
1441 2733 1545 2794 deos:
1570 2737 1609 2796 ut
1627 2732 1696 2795 Da·
1710 2725 1741 2789 4.

366 2856 453 2900 naes
477 2838 609 2899 Acrisii
644 2856 818 2918 oppressa
853 2842 1023 2900 narratur
1057 2858 1080 2901 a
1103 2839 1187 2901 Iove
1216 2839 1253 2901 in
1276 2858 1402 2900 aurum
1425 2858 1608 2911 conversa,
1649 2841 1697 2903 ad

365 2946 620 3007 insinuandum
653 2946 813 3007 mulieris
844 2947 1061 3025 pudiciciam
1085 2965 1174 3008 auro
1197 2944 1307 3008 luisse
1331 2950 1537 3026 corruptam
1547 2946 1567 3009 ².
1596 2946 1696 3021 Nam,

367 3055 419 3115 sic
442 3054 632 3133 loquendo,
652 3056 867 3116 excusantur
883 3054 1003 3133 iniqui,
1027 3055 1123 3116 vicia
1138 3055 1332 3116 laudantur
1355 3057 1391 3116 et
1406 3055 1521 3117 cultus
1538 3054 1698 3117 humilia·

364 3164 426 3223 tur
448 3162 600 3223 divinus.
655 3160 844 3240 Nunquam
876 3161 941 3223 hec
965 3164 1049 3223 sunt
1070 3162 1192 3242 pueris
1219 3162 1419 3223 tractanda.
1466 3160 1700 3224 Fundaturne

367 3268 419 3329 sic
452 3268 629 3329 catholica
660 3267 781 3329 tides?
818 3267 897 3329 Hiis
933 3267 1110 3347 numquid
1134 3268 1249 3330 iniciis
1277 3271 1467 3348 generatur
1489 3267 1638 3348 Xpistus
1662 3270 1699 3330 in

365 3375 545 3437 mentibus
567 3375 647 3447 illis,
682 3375 777 3436 lacte
800 3376 962 3437 veritatis
987 3376 1177 3437 fovendis?
1215 3370 1363 3437 Talibus
1386 3376 1498 3456 magis
1522 3394 1625 3438 senes
1647 3376 1697 3437 in·

368 3481 518 3543 tendant
541 3482 614 3543 fide
637 3482 786 3553 robusti,
820 3483 953 3562 prediti
986 3482 1152 3552 sciencia,
1192 3485 1317 3544 contra
1351 3482 1510 3544 ethnicos
1538 3494 1699 3562 pugnare

368 3589 496 3667 parati,
521 3589 551 3650 si
568 3589 682 3650 eciam
704 3588 772 3651 hoc
795 3589 940 3669 expedit
963 3592 999 3651 et
1015 3608 1085 3651 non
1100 3590 1211 3669 magis
1236 3590 1271 3649 in
1286 3589 1515 3668 simplicitate
1535 3590 1698 3652 doctrine

361 3696 494 3757 virtute
517 3693 671 3775 Spiritus
697 3694 818 3758 Sancti
856 3699 892 3757 et
914 3699 1011 3758 recte
1037 3696 1260 3758 consciencie
1290 3695 1384 3757 dono
1408 3715 1488 3758 cuin
1511 3696 1697 3776 piscatori-

363 3803 431 3865 bus
455 3804 647 3883 predIcare
671 3804 954 3883 irrefragabilem
976 3805 1175 3866 veritatem.

470 3909 842 3991 Philosophicum
866 3914 985 3972 autem
1009 3922 1137 3990 genus
1161 3910 1332 3972 deorum
1355 3911 1405 3972 ita
1429 3914 1483 3973 est
1507 3911 1697 3973 obnoxium
1711 3897 1741 3958 5·

366 4016 527 4097 religioni
539 4015 737 4097 Xpistiane,
750 4020 791 4079 ut
805 4018 1013 4097 principalis
1029 4018 1185 4079 intencio
1194 4016 1312 4097 Xpisti
1327 4015 1395 4078 fuit
1406 4036 1472 4097 per
1483 4035 1566 4079 suos
1578 4018 1697 4097 predi·

361 4127 504 4185 catores
521 4124 610 4186 illud
626 4125 758 4186 delere.
774 4158 813 4165 -
826 4123 972 4203 Nempe,
999 4126 1091 4185 teste
1107 4121 1305 4194 Salomone,
1330 4125 1367 4185 in
1382 4124 1475 4185 libro
1501 4122 1588 4204 Sap
1599 4126 1610 4185 i
1621 4143 1674 4186 en
1684 4157 1697 4171 ·

364 4318 577 4327 ——

468 4505 500 4566 u)
521 4528 552 4537 -
572 4503 629 4554 est.
667 4502 698 4565 b)
719 4528 751 4537 -
770 4516 871 4569 qnam.

470 4675 491 4743 ¹)
510 4679 633 4741 Psulm„
650 4679 742 4742 XXX,
762 4680 787 4733 7.

467 4763 938 4832 ²lG.1><nni1ncisuitsnuo.
965 4772 1012 4822 De
1033 4769 1117 4822 civit.
1136 4772 1202 4831 Dei,
1233 4770 1339 4833 XVIII,
1358 4780 1428 4822 xm:
1457 4787 1469 4811 ‹
1487 4810 1492 4821 .
1509 4808 1515 4821 .
1530 4807 1536 4820 .
1552 4769 1696 4822 ,Danaes

359 4870 418 4921 per
436 4856 569 4909 imbrem
587 4862 715 4911 aure'nm
734 4859 892 4926 appetisse
909 4859 1112 4921 concubitum,
1129 4860 1182 4911 nbi
1200 4859 1382 4927 intelligitur
1400 4858 1546 4926 pudicitia
1559 4858 1696 4911 mulieris

362 4959 439 4997 auro
457 4944 554 4999 luisse
572 4949 734 5015 corrupta;
802 4967 825 4997 ›.
845 4948 882 5001 In
902 4948 992 5014 Oper.
1007 4950 1028 5000 t.
1043 4947 1107 5009 VH,
1120 4948 1177 5000 col.
1193 4948 1254 5001 571.
1274 4946 1695 5011 ef.ov1n.Meiam.1v,⁶o9:

766 5047 794 5074 ι,
809 5063 815 5074 .
830 5064 836 5075 ,
852 5064 857 5075 .
873 5064 878 5075 .
892 5044 970 5087 noque
985 5034 1048 5075 enim
1063 5032 1132 5075 Jovii
1146 5044 1198 5075 ease
1212 5034 1313 5085 putabat

628 5104 723 5155 Peraea,
739 5115 810 5157 quem
825 5106 908 5157 pluvio
922 5104 1004 5147 Danae
1018 5106 1163 5158 conceperat
1178 5116 1243 5148 auro.

629 5176 690 5218 Mox
706 5178 786 5218 tamen
801 5175 930 5228 llerlsiurn,
943 5178 1009 5218 tanta
1024 5178 1060 5218 est
1075 5177 1211 5229 praesentia
1226 5176 1278 5218 veri
1288 5191 1306 5219 ».
