4300 6117
850 958 1037 1011 IOHANNIS
1060 958 1240 1011 DOMINICI
1643 947 1707 1011 281

370 1184 468 1244 tama
489 1182 734 1261 prodigiorum
755 1183 839 1261 post
862 1182 1022 1252 mortem,
1039 1182 1216 1243 duriciam
1231 1181 1326 1243 illius
1341 1180 1497 1243 Manicei
1513 1182 1710 1260 prostravit

372 1294 408 1351 et
431 1290 572 1369 impulit
594 1289 643 1350 ad
664 1287 911 1368 baptismum?
927 1286 947 1349 ¹.
984 1286 1081 1373 Quid
1105 1288 1225 1350 dicam
1249 1289 1294 1349 de
1328 1288 1398 1349 illis
1433 1289 1574 1349 duobus
1609 1287 1708 1348 lumi-

370 1398 519 1458 naribus
543 1397 682 1457 mundi:
706 1395 893 1457 Dominico
919 1398 954 1457 et
977 1394 1182 1468 Francisco,
1207 1414 1359 1474 quorum
1381 1395 1517 1476 primus
1541 1396 1577 1455 in
1604 1413 1709 1456 sacra
1824 1442 1827 1449 .

371 1503 549 1583 theologia
572 1504 688 1564 extitit
712 1504 920 1565 doctoratus
945 1505 982 1563 et
1004 1503 1100 1564 sacri
1123 1502 1251 1581 palatii
1274 1502 1373 1581 Pape
1395 1502 1510 1564 lector
1536 1519 1708 1563 veneran-

371 1611 438 1672 dus
453 1609 473 1681 ²,
500 1610 550 1672 ibi
573 1611 757 1691 evangelia
779 1613 815 1671 et
838 1609 941 1672 Pauli
964 1611 1134 1690 epistolas
1169 1610 1321 1690 gloriose
1358 1612 1394 1671 et
1432 1610 1594 1689 graciose
1627 1627 1708 1689 pos-

371 1718 490 1779 tillans
506 1716 534 1779 8:
561 1721 596 1779 et
620 1718 712 1779 alter
735 1718 901 1779 Indoctus
925 1717 1054 1778 litteris
1077 1720 1183 1790 terre,
1209 1718 1273 1779 sed
1298 1717 1467 1796 magister
1499 1717 1707 1796 spectabilis

370 1825 533 1887 doctrine
556 1825 722 1887 celestis!
746 1823 883 1886 Horum
907 1826 1058 1903 uterque
1082 1844 1152 1887 non
1188 1824 1403 1903 inequaliter
1434 1823 1546 1912 radiis
1579 1825 1707 1886 sancti·

370 1934 454 1994 tatis
493 1936 725 2012 peccatorum
761 1934 898 1993 animas
935 1933 1134 2003 serenavit,
1171 1935 1207 1994 et
1242 1932 1359 1993 celum
1393 1932 1545 2011 replevit
1580 1933 1706 1993 beatis.

369 2035 567 2101 Tantorum
606 2042 750 2119 patrum
788 2040 929 2101 soboles
966 2041 1115 2101 evocate
1148 2040 1296 2100 odorem
1329 2039 1531 2100 sanativum
1574 2038 1707 2100 mundo

370 2144 559 2217 dederunt,
584 2147 725 2225 precise
756 2147 927 2225 quamdiu
960 2165 1027 2225 per
1062 2148 1203 2209 rosaria
1234 2164 1338 2208 sacre
1373 2142 1560 2226 Scripture
1594 2145 1706 2208 lectos

368 2254 568 2334 manipulos
594 2253 819 2316 auditoribus
840 2253 1078 2315 tradiderunt.
1103 2253 1161 2325 At,
1185 2254 1248 2315 ubi
1270 2255 1390 2315 sentes
1414 2252 1707 2332 philosophorum

368 2362 559 2432 intrarunt,
585 2363 621 2423 et
644 2362 674 2422 si
700 2360 880 2422 Interdum
901 2360 1093 2423 videantur
1127 2380 1199 2422 non
1236 2362 1305 2421 nisi
1340 2360 1561 2422 adulterinos
1596 2358 1705 2422 flores

368 2469 441 2530 vite
464 2471 621 2547 portare,
648 2487 708 2530 eos
732 2468 781 2530 ad
804 2469 1003 2529 animarum
1027 2486 1147 2530 escam
1162 2468 1309 2529 vitalem
1324 2465 1521 2529 transferre
1536 2486 1607 2528 non
1624 2486 1704 2546 pos·

368 2578 461 2645 sunt,
495 2576 580 2654 quia
607 2594 713 2636 «non
737 2576 774 2636 in
796 2575 873 2637 solo
895 2594 990 2655 pane
1023 2576 1112 2637 vivit
1141 2575 1256 2648 homo,
1281 2574 1348 2637 sed
1381 2570 1418 2635 in
1452 2575 1547 2636 omni
1582 2575 1703 2646 verbo,

369 2681 467 2761 quod
488 2683 654 2762 procedit
679 2702 722 2744 ex
745 2701 807 2745 ore
829 2682 897 2743 Dei
924 2681 973 2743 »t

479 2788 675 2850 Damiani
697 2787 798 2851 fideli
821 2791 1024 2851 testimonio
1037 2791 1119 2851 utor
1135 2789 1302 2851 dicentis:
1329 2788 1539 2850 «Platonem
1555 2801 1639 2869 ergo
1655 2788 1704 2849 la·
1719 2778 1749 2841 5·

368 2897 477 2958 tentis
501 2899 630 2959 nature
646 2899 787 2959 secreta
803 2898 993 2959 rimantem
1011 2915 1157 2977 respuo;
1178 2898 1405 2977 planetarum
1422 2896 1563 2958 circulis
1580 2899 1703 2967 metas,

367 3006 621 3083 astrorumque
644 3005 821 3066 meatibus
839 3004 1002 3075 ,calculos
1027 3003 1251 3084 affigentem
1284 3006 1413 3066 cuncta
1436 3004 1550 3065 eciam
1574 3003 1704 3083 sperici

368 3111 466 3172 orbis
491 3111 634 3172 climata
655 3112 757 3172 radio
774 3112 1050 3191 distinguentem
1066 3110 1316 3192 Picthagoram
1331 3110 1556 3191 parvipendo
1570 3130 1577 3183 ;
1601 3110 1704 3172 Nico·

366 3235 508 3279 macum
535 3236 677 3297 quoque
706 3218 829 3280 tritum
856 3218 1146 3297 ephemeridibus
1171 3219 1300 3297 digitos
1326 3215 1495 3290 abdico⁵;
1529 3216 1705 3279 Eucliden

370 3406 581 3414 ——-—-.

474 3533 646 3600 1)8.Αυ<;.
671 3533 809 3600 Confess.
830 3536 909 3599 VIII,
927 3545 979 3587 vn.
1010 3535 1046 3587 In
1066 3535 1156 3601 Oper.
1175 3536 1198 3597 1,
1216 3536 1276 3588 757.
1699 3583 1703 3590 .

475 3621 498 3689 ²)
519 3624 608 3678 Cette
625 3624 764 3677 fonction
780 3625 820 3677 de
838 3626 959 3677 donner
977 3625 1129 3691 quelques
1148 3625 1255 3691 leq-,ons
1273 3639 1334 3677 aux
1351 3625 1460 3692 tennes
1479 3625 1576 3678 clercs
1589 3639 1630 3676 ou
1643 3640 1704 3677 anx

367 3715 472 3775 autres
497 3713 647 3765 familiers
666 3715 708 3766 du
732 3714 831 3781 palais
851 3714 893 3767 du
912 3715 996 3781 Pape
1018 3713 1065 3766 lut
1091 3713 1209 3766 confide
1228 3714 1246 3765 a
1265 3714 1347 3766 saint
1365 3713 1550 3780 Dominique
1567 3729 1625 3781 par
1642 3714 1704 3767 Ho-

365 3804 471 3857 norius
491 3803 541 3855 111.
561 3803 604 3855 Le
622 3802 735 3855 Maitre
753 3804 796 3856 du
815 3803 1024 3856 Sacri-Palais
1044 3805 1092 3855 est
1110 3803 1140 3855 le
1159 3817 1341 3855 successeur
1359 3804 1399 3855 de
1422 3804 1503 3856 saint
1520 3803 1703 3869 DomInique

366 3894 446 3946 dans
464 3895 545 3946 cette
565 3892 686 3960 charge,
703 3892 871 3959 &laquelle
889 3892 1051 3959 beaucoup
1069 3892 1205 3945 d'autres
1225 3908 1259 3944 se
1278 3894 1348 3944 sont
1366 3892 1476 3959 depuis
1490 3892 1651 3959 adjointes,
1664 3908 1703 3945 en

366 3983 397 4035 la
415 3982 649 4035 transformant.
685 3982 728 4035 cf.
743 3983 776 4033 P.
790 3982 945 4038 MORTOER,
966 3983 1103 4033 Histotre
1121 3984 1177 4033 des
1195 3977 1328 4035 Maitres
1348 3978 1510 4034 Ge‘ne‘mux
1527 3983 1564 4034 de
1582 3980 1703 4034 l'Ordre

365 4073 421 4125 des
434 4068 548 4125 Freres
561 4068 733 4124 Preoheurs
745 4073 766 4123 t.
782 4071 804 4133 I,
821 4086 851 4138 p.
865 4071 900 4124 86
919 4070 1005 4136 (note
1020 4070 1057 4136 ³).
1078 4071 1177 4132 Paris,
1194 4070 1272 4124 1903.
1290 4098 1316 4107 -
1332 4071 1483 4128 Musam.
1505 4072 1703 4123 Monumentu

365 4164 395 4215 et
412 4161 629 4226 Antiquitutes‚
651 4162 708 4214 etc.
727 4163 748 4213 t.
768 4161 791 4226 1,
812 4161 853 4213 ad
871 4176 938 4226 cap.
956 4170 987 4221 11,
1008 4161 1174 4227 appendix,
1197 4162 1244 4212 De
1262 4162 1442 4213 Lectoribus
1460 4159 1490 4212 S.
1509 4161 1630 4222 Palatii,
1648 4175 1702 4213 seu

367 4252 484 4304 curiae.
503 4250 537 4301 P.
557 4250 617 4303 151.

472 4335 493 4404 ³)
523 4339 582 4392 Sur
611 4338 755 4392 l'activite
781 4338 931 4392 litteratre
957 4339 997 4391 de
1023 4338 1052 4392 S.
1071 4338 1270 4405 Dominique,
1294 4337 1332 4390 cl.
1357 4338 1501 4398 Ecum,
1529 4338 1703 4404 Scriptores

367 4422 440 4481 Orsi.
454 4429 565 4481 Praeti.
585 4430 605 4480 t.
618 4428 641 4489 I,
662 4444 692 4496 p.
705 4428 740 4480 87
759 4442 804 4495 sq.
818 4430 849 4480 et
864 4430 885 4480 t.
899 4428 937 4490 11,
957 4444 988 4495 p.
1003 4428 1065 4482 99⁶.
1085 4428 1145 4479 Les
1164 4427 1401 4480 commentaires
1419 4427 1459 4479 de
1477 4427 1506 4480 S.
1518 4428 1700 4494 Dominique

365 4532 420 4570 sur
444 4518 498 4570 les
516 4518 641 4585 Epitres
666 4518 752 4569 aussi
778 4518 852 4570 bien
877 4532 938 4584 qne
962 4533 1015 4570 sur
1040 4517 1087 4570 les
1112 4517 1277 4584 Evangiles
1303 4518 1358 4569 ont
1383 4517 1518 4584 disparu,
1538 4518 1615 4569 mais
1634 4518 1702 4572 leur

365 4608 521 4660 existence
544 4622 623 4659 nous
650 4609 697 4661 est
726 4606 869 4659 ailirmee
895 4622 952 4674 par
971 4608 1027 4661 des
1046 4608 1305 4674 contemporains.
1326 4605 1369 4658 Ci.
1388 4607 1442 4658 loc.
1462 4609 1509 4658 ott.

470 4694 494 4761 ⁴)
513 4695 542 4748 S.
564 4694 699 4757 MATTH„
721 4696 773 4761 IV,
792 4695 819 4747 4.
1308 4744 1313 4751 .

472 4782 494 4850 ⁵)
514 4786 618 4838 Parmi
636 4787 683 4838 les
699 4800 821 4838 ceuvres
833 4785 875 4837 du
888 4783 1052 4854 Stagyrite,
1070 4786 1094 4836 il
1107 4785 1178 4838 n’en
1192 4786 1241 4837 est
1256 4785 1358 4852 gnere,
1377 4799 1417 4836 en
1429 4782 1513 4847 ellet,
1525 4784 1578 4850 qni
1590 4785 1700 4836 curent

364 4888 404 4927 au
417 4875 531 4943 Moyen
542 4875 607 4943 Age
619 4890 662 4927 un
678 4875 785 4927 succes
800 4875 998 4940 comparabis
1011 4874 1030 4926 a
1042 4874 1196 4940 l’Ethtqne
1205 4872 1225 4927 ὰ
1234 4875 1431 4939 Nicomaque.
1451 4872 1496 4926 cf.
1508 4873 1544 4926 A.
1559 4873 1700 4936 Vitem,

364 4964 423 5015 Les
442 4967 580 5016 versions
606 4965 716 5016 latines
740 4966 777 5015 de
796 4964 826 5015 ln
846 4958 967 5015 Morul‘e
986 4961 1005 5016 ὰ
1024 4964 1213 5029 Ntcomaque
1231 4960 1419 5016 unterteures
1436 4978 1478 5014 uu
1495 4962 1584 5015 XVIe
1600 4960 1699 5026 siecle,

364 5052 499 5114 Amiens,
519 5053 597 5106 1885.
616 5052 684 5107 Une
702 5053 758 5105 des
777 5053 964 5117 meilleures,
982 5068 1047 5105 non
1064 5067 1144 5119 pour
1162 5068 1219 5106 son
1237 5053 1383 5121 e'le'gance
1401 5052 1603 5115 assurement,
1622 5052 1700 5104 mais

363 5156 457 5208 parce
483 5142 595 5209 qu'elle
620 5142 698 5195 rend
716 5143 747 5195 le
772 5143 855 5195 texte
880 5142 1102 5195 litteralement
1127 5144 1158 5195 et
1183 5157 1260 5195 avec
1284 5155 1346 5194 une
1371 5141 1547 5194 exactitude
1571 5154 1699 5207 scrupu-

364 5227 458 5295 leus'e,
477 5233 527 5285 est
545 5232 624 5285 celle
642 5232 685 5284 du
697 5230 883 5283 dominicatu
895 5230 1042 5295 llamand,
1062 5231 1236 5284 Gnillaume
1250 5232 1291 5284 de
1303 5230 1480 5295 Moerbeke,
1498 5231 1580 5283 mort
1592 5230 1698 5284 arche·
