4300 6117
419 807 485 871 326
924 819 1083 873 LUCULA
1106 817 1245 874 NOCTIS

420 1042 457 1103 et
478 1041 626 1119 politica
650 1042 883 1104 communitas
908 1042 1112 1122 disponitur
1135 1044 1183 1105 ad
1205 1043 1415 1124 perlectum.
1449 1044 1491 1105 In
1513 1045 1581 1108 hoc
1605 1046 1753 1125 superbi

419 1151 584 1228 potentes
608 1147 837 1227 deponuntur
860 1149 905 1211 de
929 1150 1016 1211 sede
1040 1154 1075 1212 et
1099 1151 1303 1213 exaltantur
1324 1151 1475 1214 humiles
1488 1150 1509 1222 ¹,
1541 1153 1694 1214 immites
1717 1156 1756 1215 et

363 1306 364 1311 ,
420 1255 487 1316 ieri
510 1256 590 1335 iugo
605 1256 814 1335 gravissime
832 1256 1013 1319 servitutis
1037 1258 1283 1331 subiiciuntur‚
1309 1258 1481 1321 desidiosi
1506 1260 1657 1338 ocioque
1681 1264 1754 1322 tor·

420 1365 555 1441 pentes,
592 1362 720 1423 exinde
742 1362 941 1442 nephandis
965 1364 1151 1443 illaqueati
1173 1365 1333 1444 peccatis
1366 1366 1529 1445 sulphuri
1557 1367 1754 1429 traduntur

421 1471 457 1531 et
480 1469 560 1549 igni,
596 1470 693 1530 terre
716 1469 825 1550 hyatu
850 1471 987 1533 absorti
1010 1473 1176 1533 celeriter
1200 1472 1313 1533 invidi
1336 1472 1561 1535 descendunt
1584 1474 1622 1535 in
1644 1474 1750 1535 inter·

420 1595 504 1637 num
528 1575 701 1647 videntes,
726 1577 895 1638 scelestes
919 1579 1019 1639 avari
1043 1579 1147 1640 bellis
1171 1580 1432 1652 interimuntur,
1458 1583 1494 1642 et
1516 1580 1579 1641 icti
1603 1580 1650 1642 de
1673 1580 1752 1642 celo

421 1685 514 1746 ulcio
537 1682 660 1746 divina
683 1684 855 1745 atrociter
876 1686 968 1747 sevit
991 1686 1114 1748 ineos.
1152 1685 1311 1772 Quorum
1335 1704 1417 1748 esce
1439 1686 1557 1749 adhuc
1582 1690 1685 1750 erant
1714 1687 1751 1749 in

421 1812 484 1855 ore
507 1794 666 1873 ipsorum
676 1792 696 1866 ²,
730 1795 777 1856 ab
801 1793 903 1872 aquis
926 1793 1043 1874 magni
1066 1793 1192 1854 diluvii
1214 1794 1266 1855 sic
1290 1794 1551 1856 incontinentes
1576 1795 1753 1866 delentur,

421 1904 461 1962 ut
484 1902 598 1962 eciam
621 1900 705 1962 iusti
741 1919 820 1963 cum
843 1902 1097 1980 peccatoribus
1131 1902 1282 1980 pereant
1303 1900 1366 1962 illo
1388 1901 1531 1981 precise
1561 1901 1753 1981 temporali

421 2010 610 2080 tormento,
634 2011 671 2069 et
693 2008 809 2070 sciant
825 2027 945 2069 omnes
968 2009 1041 2069 iam
1065 2026 1144 2070 esse
1164 2009 1303 2069 lacinus
1325 2008 1479 2070 mortale
1501 2009 1688 2070 mulierem
1703 2008 1755 2070 ad

423 2115 746 2193 concupiscendum
767 2116 892 2179 videre
902 2113 923 2177 ⁸.
961 2114 1018 2177 Ab
1042 2115 1110 2176 hoc
1135 2133 1280 2187 canone,
1317 2116 1473 2194 quinon
1504 2108 1619 2177 solum
1642 2116 1755 2201 digni·

422 2224 506 2294 tate,
531 2222 598 2283 sed
619 2222 733 2283 eciam
756 2225 917 2302 tempore
939 2224 1039 2302 prior
1054 2223 1261 2293 dinoscitur.
1286 2211 1400 2284 omnis
1424 2223 1482 2283 lex
1505 2224 1608 2297 iusta,
1633 2241 1752 2285 mores

422 2329 573 2408 quilibet
596 2330 712 2391 sancti
734 2348 918 2409 sumpsere
940 2330 1171 2410 principium,
1211 2348 1372 2408 quorum.
1408 2330 1439 2391 si
1462 2330 1585 2408 aliqua
1609 2330 1647 2390 in
1668 2341 1750 2410 gen-

423 2436 537 2498 tilium
560 2436 671 2507 libris,
707 2436 891 2498 codicibus
914 2437 1031 2516 legum
1054 2438 1222 2516 exceptis,
1258 2437 1338 2516 quis
1369 2437 1522 2517 reperiri
1546 2437 1751 2508 contendat,

424 2543 616 2605 dicendum
635 2546 689 2606 est
704 2544 771 2607 hoc
794 2544 977 2616 interesse,
1002 2544 1100 2623 quod
1124 2544 1159 2604 in
1181 2544 1294 2605 sacris
1309 2544 1549 2606 voluminibus
1572 2543 1756 2605 habentur

422 2651 510 2713 tarsi
534 2650 682 2712 medelis
705 2651 880 2713 adversus
904 2669 1043 2713 omnem
1066 2652 1282 2731 languorem,
1312 2651 1362 2712 ibi
1385 2653 1506 2713 autem
1530 2654 1655 2713 contra
1679 2669 1753 2711 om·

423 2777 504 2819 nem
528 2758 718 2819 sanitatem
739 2776 877 2821 veneno
900 2760 1085 2839 permixto,
1111 2758 1203 2820 sicut
1226 2758 1390 2836 superius
1414 2759 1512 2820 extat
1535 2776 1622 2837 sepe
1637 2776 1757 2821 mous·

424 2868 569 2927 tratum.

353 2973 409 3036 16.
535 2970 629 3032 Hinc
663 2983 747 3051 ergo
781 2972 860 3033 luce
892 2972 1023 3034 clarius
1055 2974 1166 3053 patet,
1203 2973 1301 3051 quod
1336 2990 1406 3033 non
1429 2975 1513 3033 sunt
1536 2972 1598 3033 illa
1621 2970 1755 3050 pocula

425 3079 550 3140 mortis
574 3079 610 3139 et
632 3078 836 3157 aliqualiter
857 3080 929 3141 vite
953 3080 1136 3148 sumenda,
1171 3078 1240 3141 nisi
1263 3080 1310 3141 ab
1333 3079 1413 3150 illis,
1437 3079 1501 3157 qui
1523 3079 1646 3140 taliter
1670 3097 1753 3140 cum

424 3184 654 3265 Evangelista
671 3186 812 3258 dilecto,
829 3185 904 3247 lide
918 3187 1043 3248 vivunt
1059 3188 1096 3247 in
1111 3185 1239 3265 Xpisto
1249 3185 1271 3258 ⁴,
1293 3185 1390 3264 quod
1408 3204 1478 3247 non
1493 3188 1644 3264 possunt
1660 3185 1757 3247 lecta

425 3293 639 3354 infidelitate
673 3294 834 3355 mactari.
872 3289 978 3355 Tales
1002 3297 1123 3355 autem
1146 3312 1217 3355 non
1240 3292 1355 3354 solum
1390 3311 1462 3353 non
1485 3295 1568 3354 sunt
1600 3290 1758 3354 infantes
1844 3332 1849 3341 -

425 3400 598 3472 moderni,
634 3401 699 3462 sed
722 3419 789 3462 nec
811 3401 926 3462 eciam
950 3401 1029 3463 cani
1053 3418 1156 3462 senes
1185 3379 1420 3479 ¹quamplures
1446 3418 1526 3461 cum
1548 3399 1680 3478 quibus
1702 3400 1755 3459 vi·

427 3508 516 3570 deor
538 3508 672 3569 habere
697 3510 878 3569 certamen
892 3505 913 3569 ⁵.

425 3736 639 3745 *-

532 3910 554 3978 ¹)
573 3911 618 3965 Ci.
639 3914 754 3966 Psalm.
773 3912 893 3975 XXXII,
913 3914 956 3966 10.

533 4000 553 4070 i)
573 4002 617 4056 Ci.
637 4004 751 4056 Psabn.
772 4003 918 4068 Lxxvn,
935 4003 980 4056 ³⁰.

533 4089 553 4157 ⁰)
572 4093 602 4146 S.
621 4092 745 4144 ΜΑΤΤΗ.
771 4094 801 4156 V,
820 4093 865 4146 28.

531 4180 553 4245 ⁴)
572 4182 602 4235 S.
620 4182 717 4235 Pron.
736 4184 779 4233 ad
798 4182 898 4235 Galat.
918 4182 961 4243 11.
979 4182 1023 4234 20.

532 4268 553 4336 ὖ)
573 4271 620 4325 On
637 4271 703 4323 voit
728 4286 841 4324 encore
866 4271 905 4323 ici
922 4286 983 4339 que
1002 4271 1156 4325 Dominici
1181 4270 1342 4325 de'iendait
1367 4272 1475 4325 contre
1492 4272 1559 4326 tout
1581 4287 1624 4324 un
1641 4279 1762 4340 groupe

425 4362 472 4415 les
499 4362 584 4414 idees
609 4375 670 4427 que
693 4360 808 4414 n'avait
833 4376 876 4427 pu
899 4359 979 4413 taire
997 4361 1098 4414 valoir
1122 4360 1171 4413 ira
1190 4361 1278 4415 Giov.
1296 4362 1337 4414 da
1355 4360 1564 4416 Samminiato.
1589 4360 1761 4414 L'allusion

423 4450 443 4503 ὲ
463 4450 527 4503 Col,
545 4447 676 4503 Salutati
694 4451 742 4503 est
760 4452 990 4517 transparente.
