4300 6117
471 958 536 1020 290
974 972 1133 1026 LUCULA
1155 971 1297 1027 NOCTIS

471 1190 508 1251 in
531 1191 683 1271 aliquem
706 1194 849 1256 labatur
873 1213 1040 1266 errorem,
1066 1194 1217 1257 credens
1242 1199 1362 1258 tamen
1384 1197 1422 1258 in
1438 1199 1616 1260 communi
1633 1216 1704 1277 que
1728 1217 1802 1260 cre·

473 1297 526 1359 dit
546 1302 660 1362 mater
682 1300 855 1374 Ecclesia,
890 1304 1038 1382 paratus
1073 1304 1204 1383 corrigi
1227 1303 1276 1365 ad
1299 1304 1488 1366 arbitrium
1509 1305 1577 1365 viri
1603 1305 1801 1384 prudentis,

473 1423 538 1484 per
560 1406 800 1486 ignoranciam
824 1412 1015 1471 excusatur
1037 1409 1084 1471 de
1106 1408 1214 1471 facili.
1238 1409 1296 1481 At,
1317 1412 1347 1473 si
1362 1429 1464 1472 amor
1487 1412 1625 1473 sciendi
1646 1413 1803 1491 aliquem

470 1516 571 1593 urget
603 1514 641 1575 in
673 1516 795 1595 primis
831 1516 933 1578 annis
968 1517 1070 1595 sequi
1107 1516 1353 1579 doctrinarum
1383 1519 1541 1599 gignasia
1569 1522 1606 1580 et
1628 1520 1804 1598 premittit

470 1623 630 1699 tempore
652 1621 745 1684 falsa
766 1624 860 1685 veris
885 1626 921 1685 et
942 1622 1087 1685 hereses
1111 1625 1182 1686 iam
1198 1625 1412 1704 dampnatas
1437 1624 1623 1688 catholicis
1640 1626 1802 1688 veritati·

466 1728 533 1789 bus
557 1728 759 1792 salubribus
784 1733 819 1793 et
842 1730 982 1805 divinis,
1018 1750 1099 1793 cum
1122 1731 1260 1793 nesciat
1292 1750 1361 1811 que
1394 1731 1543 1794 vitanda
1566 1736 1650 1794 sunt
1680 1737 1717 1795 et
1741 1734 1802 1795 illa

469 1834 625 1898 leccione
649 1839 780 1899 tractat
803 1838 978 1900 assertive
1001 1838 1215 1917 conscripta,
1254 1841 1382 1917 sponte
1421 1857 1461 1900 se
1496 1840 1659 1918 periculo
1691 1840 1803 1921 iungit

469 1944 622 2014 errandi,
639 1948 679 2006 ut
695 1945 762 2006 sibi
777 1946 973 2024 imputetur
996 1964 1100 2007 omne
1115 1945 1247 2006 malum
1264 1946 1363 2024 quod
1385 1946 1470 2007 inde
1491 1947 1662 2025 sequitur,
1679 1951 1715 2009 et
1731 1946 1802 2009 for·

467 2051 573 2112 tassis
597 2069 666 2130 que
689 2052 790 2131 sequi
814 2052 954 2133 agiliter
975 2054 1134 2131 possunt.
1159 2051 1284 2114 Discat
1300 2052 1461 2115 medicus
1484 2055 1585 2132 prius
1606 2054 1802 2115 herbarum

468 2170 680 2238 cognoscere
701 2160 806 2230 vires,
843 2159 985 2221 demum
1019 2160 1217 2240 practicam
1251 2162 1501 2239 prosequatur,
1538 2179 1585 2221 ne
1613 2161 1800 2239 imperitus

467 2270 571 2327 necet
592 2266 720 2328 multos
744 2285 824 2328 cum
847 2265 1050 2345 Esculapio,
1075 2267 1141 2328 sed
1163 2267 1355 2328 racionalis
1378 2269 1482 2329 sanet
1505 2286 1585 2329 cum
1613 2266 1800 2347 Ypocrate

469 2374 657 2435 curandos.

401 2467 451 2533 18·
580 2479 783 2560 Antequam
798 2482 903 2561 legat,
928 2481 1090 2559 quisquis
1114 2482 1315 2543 litterarum
1330 2480 1460 2543 studiis
1476 2500 1516 2543 se
1532 2482 1703 2543 dedicare
1719 2501 1801 2562 pro·

467 2588 575 2667 ponit,
615 2589 770 2667 aliquem
808 2588 1044 2651 ethnicorum:
1084 2585 1279 2659 Socratem,
1327 2586 1521 2659 Platonem,
1565 2587 1799 2659 Aristotilem,

467 2691 630 2765 Tullium,
671 2694 871 2775 Apuleium,
909 2694 1138 2776 Epycurium,
1173 2693 1370 2775 Virgilium,
1409 2694 1599 2767 Nasonem,
1636 2694 1800 2757 Anneum

468 2803 677 2881 ceterosque
710 2803 921 2875 huiusmodi,
959 2804 1102 2882 oportet
1135 2821 1243 2864 nosse
1276 2802 1452 2864 hereticos
1479 2821 1557 2864 esse
1583 2803 1799 2882 quicumque

468 2909 621 2971 dixerint
644 2910 814 2971 mundum
849 2914 1004 2971 autnon
1030 2909 1142 2971 fuisse
1165 2913 1334 2981 creatum,
1360 2911 1423 2972 aut
1454 2910 1554 2971 illum
1578 2929 1649 2972 non
1672 2908 1798 2981 Deum,

470 3015 535 3077 sed
558 3017 750 3095 quamdam
783 3036 987 3096 supremam
1010 3018 1179 3078 virtutem
1212 3018 1270 3078 vel
1304 3036 1509 3096 supremum
1531 3017 1705 3098 angelum,
1744 3036 1800 3078 ar·

469 3122 665 3203 changelos,
682 3124 871 3203 angelosve
887 3142 1038 3196 creasse,
1055 3142 1101 3185 ne
1113 3124 1161 3185 sit
1172 3143 1253 3185 cum
1262 3122 1415 3195 Simone,
1431 3122 1641 3195 Menandro,
1660 3124 1798 3202 Apelle.

466 3228 701 3303 Arconciano,
726 3229 898 3303 Cerdone,
928 3230 1149 3302 Marchione,
1174 3232 1325 3310 ipsoque
1347 3228 1494 3301 Seneca,
1532 3231 1593 3309 qui
1618 3248 1681 3292 sex
1703 3232 1799 3309 prin·

467 3338 561 3416 cipia
584 3337 709 3398 tribuit
732 3338 875 3409 mundo,
892 3337 1070 3417 Maneque
1096 3338 1321 3417 dampnatus.
1340 3370 1382 3379 —
1399 3336 1498 3399 Sciat
1514 3341 1680 3416 preterea
1707 3339 1799 3399 falsa

467 3462 546 3506 esse
560 3443 626 3506 hec
651 3449 686 3506 et
702 3443 868 3507 similia1:
887 3477 928 3486 -
944 3446 1064 3506 anima
1088 3448 1144 3506 est
1166 3444 1212 3507 de
1233 3448 1363 3506 natura
1385 3444 1461 3518 Dei,
1487 3448 1613 3507 contra
1638 3443 1800 3506 Noscos²

467 3554 502 3613 et
514 3550 721 3613 Manicheos
729 3550 749 3623 ³,
765 3584 806 3593 —
820 3553 971 3614 materia
987 3553 1104 3631 prima
1118 3556 1173 3613 est
1185 3552 1332 3630 equalis,
1344 3551 1519 3613 adversus
1531 3550 1799 3630 Hermogienia-

465 3677 549 3719 num
567 3659 613 3720 ab
630 3657 803 3737 Apostolo
820 3658 1062 3738 dampnatum,
1087 3659 1173 3738 quia
1191 3659 1375 3720 elementis
1395 3657 1531 3720 servire
1547 3656 1739 3735 docebat‚⁴;
1756 3691 1798 3699 —

464 3766 582 3826 anime
605 3776 727 3827 omnes
762 3766 866 3828 simul
889 3768 1009 3828 create
1040 3766 1217 3844 simulque
1239 3768 1444 3846 peccarunt,
1477 3767 1513 3827 et
1534 3765 1618 3826 ideo
1646 3764 1798 3827 mundus

465 3873 581 3933 extitit
614 3876 766 3945 creatus,
807 3877 847 3936 ut
880 3892 947 3953 per
983 3874 1223 3952 penitenciam
1252 3873 1289 3933 in
1319 3873 1531 3952 corporibus
1557 3874 1798 3936 tollerandam

464 3983 702 4059 purgarentur
724 4000 746 4042 a
770 3982 893 4061 culpis,
929 3999 1000 4059 que
1031 3979 1125 4041 male
1148 3980 1260 4041 sensit
1283 3978 1454 4060 Origenes
1487 3980 1692 4059 aliqualiter
1716 3984 1798 4059 post

466 4084 666 4161 Platonem
692 4120 735 4129 -
759 4087 908 4167 Xpistus
931 4106 1002 4148 non
1025 4085 1092 4148 luit
1115 4105 1252 4166 passus,
1278 4088 1317 4148 ut
1343 4086 1598 4167 dogmatizavit
1613 4086 1798 4149 Maumeth

466 4334 679 4343 .———-—-

572 4509 593 4576 ¹)
612 4513 656 4563 La
683 4526 792 4565 source
820 4512 860 4564 de
879 4512 915 4565 G.
933 4512 1087 4565 Dominici
1112 4528 1192 4579 pour
1220 4513 1250 4564 la
1272 4512 1526 4578 caracter-istique
1553 4513 1594 4565 de
1618 4513 1721 4565 tontes
1746 4525 1797 4565 ces

466 4602 604 4654 heresies
624 4601 670 4654 est
690 4600 840 4663 GRATOEN,
860 4602 987 4664 Deerat,
1006 4598 1152 4667 §Seciae
1168 4602 1240 4668 Cap.
1253 4603 1347 4663 Deus,
1359 4603 1482 4666 quando
1496 4602 1649 4654 maledicit
1666 4610 1796 4664 xxxvm,

470 4689 591 4759 Quaest.
611 4690 661 4753 111,
683 4690 771 4742 Ceus.
790 4690 894 4743 XXIV,
968 4730 970 4737 ,
1004 4684 1007 4693 “

571 4786 591 4855 ²)
610 4790 696 4850 sold,
717 4806 729 4831 ‹
748 4787 885 4841 Gnostici
902 4827 909 4840 .
924 4827 931 4841 .
947 4825 974 4841 ..
993 4788 1136 4850 animam,
1153 4790 1297 4840 naturam
1316 4787 1374 4840 Dei
1392 4788 1530 4839 dicunt».

570 4874 590 4942 ⁸¹)
609 4880 695 4940 Ibtd,
734 4879 888 4931 «Manes.
904 4916 911 4930 .
927 4916 933 4931 .
950 4916 956 4931 .
976 4879 1096 4930 animas
1116 4892 1155 4929 ex
1173 4878 1249 4940 Deo,
1274 4877 1362 4943 quasi
1385 4893 1424 4929 ex
1442 4877 1546 4943 aliquo
1563 4875 1652 4930 tonte
1670 4891 1796 4930 manare

467 4969 631 5020 asseruit».
1299 4955 1302 4961 ⁴

568 5055 590 5122 ⁴)
609 5060 683 5111 ibid.
714 5060 973 5127 ‹Hermogenianl
990 5059 1030 5111 ab
1049 5058 1243 5125 Hermogene
1262 5058 1397 5123 quodam
1421 5056 1538 5118 vocati;
1565 5056 1618 5122 qui
1636 5056 1796 5108 materiam

463 5161 526 5198 non
544 5149 649 5198 natam
667 5147 875 5211 introducens,
893 5147 961 5199 Deo
979 5162 1043 5199 non
1061 5148 1133 5200 nato
1153 5160 1223 5198 eam
1237 5146 1437 5213 comparavit,
1454 5147 1650 5210 matremque
1664 5146 1795 5198 elemen-

464 5236 567 5287 torum
586 5237 619 5287 et
637 5237 734 5288 Deam
753 5237 901 5289 asseruit:
930 5250 1007 5302 qnos
1026 5235 1194 5302 Apostolus
1223 5235 1379 5300 improbat
1403 5234 1565 5287 elementis
1584 5234 1796 5288 servientes».
