4300 6117
457 945 521 1009 158
582 959 588 972 '
971 955 1131 1010 LUCULA
1153 953 1292 1009 NOCTIS

454 1180 659 1260 repcionem
681 1179 883 1250 admittunt,
909 1198 980 1241 non
1003 1180 1096 1242 enim
1120 1177 1216 1260 leges
1238 1180 1479 1260 dedignantur
1494 1197 1618 1241 sacros
1634 1198 1790 1242 canones

453 1286 594 1358 imitari,
621 1286 686 1348 sed
710 1304 779 1365 que
802 1284 854 1347 illi
877 1286 1084 1366 dampnant,
1109 1286 1175 1349 hec
1204 1287 1330 1349 volunt
1364 1306 1431 1367 pro
1467 1305 1540 1348 nou
1571 1286 1715 1366 scriptis
1753 1288 1790 1348 et

452 1393 593 1455 iniectis
625 1392 759 1455 haberi.
794 1392 929 1454 Iurium
952 1395 1065 1456 ubera
1089 1395 1238 1474 suggant
1269 1393 1527 1456 adolescentuli
1563 1394 1691 1464 cuncti,
1727 1393 1789 1472 qui

453 1499 506 1561 rei
527 1499 671 1578 publice
695 1500 854 1580 regimini
879 1504 1052 1573 crescunt,
1077 1501 1226 1562 videant
1255 1501 1361 1580 plene
1385 1503 1529 1580 patrum
1559 1500 1789 1579 municipalia

452 1607 597 1686 scripta,
623 1607 777 1668 adversa
799 1607 917 1686 patrie
939 1606 1101 1687 vigilanti
1123 1625 1210 1669 cura
1234 1608 1471 1679 considerent,
1489 1607 1673 1669 assideant
1690 1606 1789 1668 illam

452 1713 613 1775 modeste
637 1713 859 1786 ducentibus,
884 1714 1026 1776 discant
1049 1714 1145 1775 cives
1169 1732 1292 1776 amare
1315 1717 1352 1776 et
1386 1715 1441 1777 sui
1472 1713 1599 1794 populi
1637 1713 1694 1775 cui
1725 1714 1789 1774 ali·

452 1821 597 1899 quando
621 1823 854 1900 expectantur
876 1838 1022 1900 preesse
1044 1839 1162 1882 mores
1179 1824 1404 1901 cognoscant,
1421 1823 1461 1883 ut
1475 1821 1623 1883 tandem
1643 1820 1788 1883 valeant

453 1945 582 2006 corpus
602 1929 726 1988 notum
750 1928 925 1989 creditum
947 1927 998 1988 eis
1022 1928 1169 1990 nutrire.
1192 1926 1371 2007 Alioquin,
1396 1928 1474 1989 istis
1498 1928 1673 1999 obmissis,
1699 1928 1788 2006 quid

451 2034 627 2113 prodierit
650 2033 699 2095 ad
732 2035 916 2096 moderate
952 2034 1147 2114 regendum
1181 2035 1274 2096 scire
1306 2035 1475 2116 syderum
1511 2053 1650 2107 cursus,
1691 2035 1786 2096 vires

452 2141 716 2212 elementorum,
741 2141 946 2203 animalium
969 2143 1126 2212 naturas,
1151 2142 1391 2221 proprietates
1415 2142 1617 2214 herbarum,
1647 2143 1787 2203 tracum

187 2242 297 2305 [.49το
320 2243 439 2307 1335‘0
452 2248 655 2319 seviciam*
676 2247 852 2310 duriciam
874 2240 1062 2320 fatorum,¹'
1092 2246 1238 2310 Saturni
1269 2249 1440 2328 originem
1464 2238 1518 2331 11⁰,
1543 2267 1684 2311 amores
1716 2246 1787 2310 Ve-

451 2355 547 2418 neris
569 2357 605 2417 et
627 2355 798 2417 victorias
821 2354 950 2416 Martis
976 2355 1135 2417 armati?

404 2458 434 2523 5.
557 2454 619 2522 Sid
641 2462 730 2524 dicis
754 2461 1032 2524 assuescendum
1055 2463 1133 2523 istis
1158 2463 1194 2524 et
1216 2462 1295 2534 illis,
1313 2481 1384 2524 non
1399 2460 1534 2524 sufficit
1553 2463 1640 2524 etas.
1657 2460 1787 2524 Debile

450 2569 627 2649 ingenium
648 2568 714 2630 hec
729 2569 800 2631 tria
823 2569 928 2630 simul
943 2587 1014 2630 non
1030 2569 1143 2649 capit:
1167 2570 1272 2648 leges,
1297 2568 1558 2648 philosophiam
1574 2571 1611 2630 et
1628 2569 1786 2649 regimen

449 2676 672 2755 populorum.
696 2675 792 2736 Nulli
815 2678 901 2755 apta
925 2677 980 2738 est
1002 2673 1159 2737 infancia
1181 2694 1247 2737 nec
1270 2676 1440 2755 puericia,
1464 2675 1524 2737 vix
1540 2676 1619 2755 ipsa
1643 2676 1783 2738 adoles·

450 2783 573 2845 cencia
597 2783 644 2844 ad
668 2783 811 2845 trivium
834 2783 891 2844 vel
914 2783 963 2844 ad
994 2783 1074 2844 iura
1105 2784 1189 2863 post
1217 2783 1449 2863 gramaticam
1480 2783 1586 2854 valet,
1611 2783 1676 2844 sed
1712 2802 1783 2845 non

449 2890 497 2951 ad
513 2893 712 2969 utrumque.
736 2889 905 2952 Iuventus
921 2907 1017 2962 vero,
1042 2891 1106 2951 aut
1120 2890 1199 2950 iura
1214 2891 1397 2968 sequatur,
1420 2892 1483 2951 aut
1504 2888 1573 2951 hiis
1590 2889 1779 2963 abdicatis,

448 2995 671 3077 philosophie
694 2997 865 3068 intendat,
890 3014 960 3076 que
974 2997 1032 3058 vel
1055 3015 1127 3058 non
1146 2997 1320 3058 fundatur
1342 2997 1378 3057 in
1394 2997 1531 3076 legibus
1547 2996 1607 3058 vel
1622 3000 1784 3076 ipsarum

447 3103 561 3166 lethes
583 3105 748 3167 aducant.
772 3102 822 3166 At
844 3105 905 3166 ubi
928 3105 1070 3165 matura
1093 3105 1206 3166 virtus
1229 3103 1430 3165 hominibus
1454 3103 1674 3183 presidenda
1697 3123 1779 3166 coa·

447 3211 522 3282 luit,
547 3213 610 3272 aut
632 3214 687 3273 est
709 3211 795 3291 legis
817 3212 942 3291 ignara
965 3213 1001 3272 et
1023 3211 1247 3290 philosophie
1281 3211 1451 3289 alumpna
1473 3212 1510 3272 et
1538 3213 1623 3272 tunc
1655 3211 1780 3290 inepta

447 3319 592 3390 thronis,
617 3321 681 3380 aut
701 3319 841 3399 ignorat
864 3321 1064 3397 utrumque.
1091 3316 1159 3403 Qui
1174 3319 1268 3380 enim
1291 3318 1394 3379 binos
1418 3318 1559 3396 lepores
1575 3336 1648 3378 una
1663 3320 1779 3380 secta·

446 3426 545 3488 bitur
566 3425 664 3496 hora,
688 3444 759 3487 uno
783 3425 999 3505 quandoque
1022 3425 1160 3487 carebit
1183 3429 1345 3504 utruque.
1370 3421 1465 3504 Sepe
1488 3425 1582 3486 enim
1606 3425 1779 3505 contingit

447 3533 555 3595 nichil
589 3533 681 3594 scire
712 3551 801 3604 eum,
832 3533 892 3611 qui
927 3533 1096 3593 universa
1129 3531 1221 3593 scire
1253 3530 1445 3603 contendit,
1476 3548 1593 3610 neque
1634 3531 1783 3612 legimus

446 3639 676 3720 philosophos
700 3640 842 3719 populis
866 3637 1053 3719 profuisse,
1079 3656 1195 3718 neque
1218 3638 1433 3717 populorum
1462 3637 1643 3716 prefectos
1668 3638 1781 3716 philo·

447 3747 572 3826 sophie
604 3764 751 3825 operam
783 3746 936 3808 dedisse.
970 3742 1139 3807 Socrates
1173 3746 1327 3806 honores
1361 3747 1398 3806 et
1432 3745 1661 3824 magistratus
1695 3762 1778 3806 con·

446 3854 600 3934 tempsit,
639 3852 825 3935 Dyogenes
862 3853 1064 3932 principum
1100 3852 1211 3925 aulas,
1251 3852 1395 3914 turbam
1431 3850 1613 3913 hominum
1661 3850 1776 3925 Plato,

446 3960 595 4022 divicias
628 3959 868 4040 Anaxagoras,
894 3961 995 4021 multi
1024 3961 1149 4031 visum,
1174 3958 1407 4038 Plotinusqne
1438 3958 1487 4020 ad
1521 3958 1602 4020 loca
1637 3959 1782 4020 deserta

446 4067 611 4148 confugit,
636 4067 722 4147 quia
744 4069 930 4129 nonbene
954 4067 1177 4138 conveniunt,
1202 4066 1328 4127 necin
1362 4084 1435 4127 una
1473 4065 1560 4127 sede
1596 4069 1783 4127 morantur

444 4174 587 4254 populis
610 4175 689 4235 iura
714 4176 751 4236 et
772 4173 995 4254 philosophie
1019 4190 1165 4254 operam
1197 4173 1295 4235 dare.
1327 4170 1452 4234 Sciant
1481 4174 1589 4234 naute
1622 4172 1781 4233 siderum

446 4300 580 4354 cursus,
605 4281 735 4343 medici
764 4282 859 4343 vires
893 4279 1095 4352 herbarum,
1131 4279 1338 4342 animalium
1373 4281 1521 4340 naturas
1543 4297 1666 4343 eorum
1698 4297 1780 4358 pas·
1810 4306 1814 4313 ⁴

444 4391 550 4460 tores,
576 4391 612 4450 et
634 4388 848 4468 populorum
872 4390 1030 4450 rectores
1053 4387 1190 4468 legibus
1215 4386 1374 4466 polleant
1397 4386 1542 4448 sanctis.

397 4506 429 4567 6,
553 4494 701 4575 «Digna
728 4495 905 4574 siquidem
934 4513 1003 4555 vox
1035 4496 1104 4566 est,
1133 4496 1173 4556 ut
1203 4494 1253 4554 ait
1285 4494 1319 4553 in
1352 4490 1527 4554 Codice
1561 4491 1779 4554 Iustinianus

443 4597 648 4682 imperatori
684 4603 872 4664 maiestate
906 4603 1087 4681 regnantis
1124 4619 1163 4662 se
1191 4601 1328 4680 legibus
1362 4599 1546 4679 alligatum
1578 4600 1778 4679 principem

443 4708 649 4788 profiteri.»
682 4709 767 4788 quia
790 4709 837 4770 de
860 4709 946 4770 iuris
971 4709 1188 4770 auctoritate
1210 4707 1383 4787 principis
1407 4706 1540 4784 pendet
1571 4707 1777 4768 auctoritas.

442 4814 490 4878 Et
513 4834 650 4888 revera,
675 4816 789 4877 maius
813 4816 964 4895 imperio
988 4818 1052 4886 est,
1076 4815 1287 4878 submittere
1310 4814 1445 4894 legibus
1465 4813 1714 4892 principatum,
1739 4815 1780 4874 ut

548 5160 581 5221 a)
607 5157 747 5210 thracum
774 5157 943 5210 aevitatem.
999 5157 1030 5218 b)
1056 5173 1092 5202 =
1116 5155 1285 5209 scitatum?
1339 5158 1368 5219 c)
1394 5155 1421 5207 A
1448 5154 1547 5221 partit
1568 5155 1611 5206 du
1632 5152 1686 5207 fol.
1709 5153 1780 5207 ssro

441 5245 539 5312 petite
557 5245 679 5298 cursive
697 5259 784 5299 assez
802 5244 931 5299 difficile
951 5244 969 5297 a
989 5244 1056 5298 lire.
1093 5247 1126 5309 d)
1145 5260 1179 5291 =
1198 5245 1263 5297 sed.
