4300 6117
872 980 1059 1033 IOHANNIS
1082 979 1262 1034 DOMINICI
1667 971 1731 1035 235

398 1204 434 1263 et
451 1204 572 1264 tamen
587 1201 652 1264 hos
669 1203 757 1265 dicit
777 1201 1040 1281 relinquendos,
1065 1215 1149 1283 ergo
1175 1222 1198 1264 a
1220 1203 1349 1265 maiori
1372 1203 1614 1265 subintellexit
1641 1204 1732 1266 tales

396 1308 527 1388 impios
550 1327 573 1370 a
596 1310 728 1371 nostris
750 1310 928 1371 mentibus
952 1309 1157 1372 exulandos.

505 1413 579 1477 Sed
602 1418 639 1477 et
654 1415 848 1496 Apostolus
864 1414 993 1496 Xpisti,
1018 1415 1162 1489 Paulus,
1188 1417 1249 1495 qui
1264 1416 1411 1479 videtur
1426 1417 1587 1479 eruditus
1602 1418 1732 1479 litteris
1745 1414 1776 1478 3.

397 1522 589 1603 gentilium,
614 1523 730 1585 sciens
753 1523 849 1585 vires
873 1540 997 1585 earum
1020 1522 1274 1596 doctrinarum,
1299 1526 1444 1603 pretera
1467 1542 1538 1603 que
1562 1524 1653 1586 dixit
1676 1525 1732 1585 ad

396 1627 618 1702 Romanos,
643 1630 681 1691 in
695 1630 852 1716 capitulo
868 1630 983 1709 primo
995 1628 1016 1701 ¹,
1040 1630 1202 1692 scribens
1226 1629 1281 1692 ad
1302 1628 1559 1703 Corinthios,
1580 1630 1732 1710 epistola

396 1737 554 1817 prima,
580 1736 737 1816 capitulo
760 1737 886 1816 primo,
911 1736 1016 1798 dicit:
1044 1735 1252 1816 «Scriptum
1267 1738 1322 1799 est
1337 1738 1439 1810 enim,
1457 1738 1594 1799 scilicet
1609 1738 1656 1799 ab
1673 1738 1732 1800 die

397 1843 523 1923 primo,
559 1843 755 1905 secundum
790 1844 975 1922 antiquam
1005 1844 1292 1915 translacionem,
1328 1845 1479 1923 perdam
1513 1844 1732 1925 sapienciam

396 1950 618 2030 sapientium
641 1953 678 2012 et
700 1950 936 2030 prudenciam
957 1950 1193 2030 prudencium
1217 1951 1430 2030 reprobabo.
1471 1950 1541 2014 Ubi
1563 1950 1732 2031 sapiens?

396 2056 496 2120 Ubi·
519 2056 663 2120 scriba?
687 2056 758 2120 Ubi
782 2058 1003 2136 conquisitor
1026 2056 1130 2119 huius
1153 2057 1290 2119 seculi?
1317 2057 1442 2119 Nonne
1465 2057 1562 2120 Deus
1586 2059 1733 2120 stultam

396 2164 482 2226 fecit
505 2164 726 2243 sapienciam
757 2164 861 2226 huius
884 2164 1033 2226 mundi?
1069 2163 1162 2225 Nam
1184 2165 1269 2243 quia
1305 2165 1341 2225 in
1365 2165 1548 2245 sapiencia
1570 2164 1638 2226 Dei
1661 2183 1732 2226 non

397 2272 562 2352 cognovit
595 2271 749 2333 mundus
784 2289 850 2351 per
873 2272 1092 2352 sapienciam
1115 2269 1238 2343 Deum,
1276 2272 1413 2351 placuit
1435 2270 1511 2334 Deo
1546 2289 1612 2351 per
1647 2272 1733 2333 stul·

396 2378 519 2440 tielam
542 2378 806 2458 predicacionis
829 2379 949 2440 salvos
972 2376 1093 2441 iacere
1110 2377 1359 2440 credentes»².
1372 2410 1414 2420 —
1429 2377 1477 2441 Et
1499 2380 1583 2459 post
1605 2396 1730 2459 pauca,

395 2485 444 2547 ad
466 2486 563 2547 idem
587 2488 723 2547 tamen:
765 2483 934 2557 «Videte,
968 2485 1093 2563 inquit,
1130 2486 1361 2547 vocacionem
1384 2488 1551 2557 vestram,
1590 2487 1730 2556 iratres,

396 2592 482 2671 quia
504 2611 576 2654 non
598 2592 702 2654 multi
724 2592 905 2672 sapientes
929 2593 1127 2654 secundum
1151 2611 1304 2664 carnem,
1335 2610 1407 2655 non
1429 2594 1532 2655 multi
1554 2595 1729 2673 potentes,

397 2718 468 2761 non
490 2700 593 2761 multi
616 2699 764 2773 nobiles,
789 2699 855 2761 sed
870 2717 941 2779 que
956 2699 1066 2761 stulta
1090 2702 1173 2761 sunt
1195 2699 1320 2761 mundi
1341 2700 1447 2779 elegit
1460 2699 1567 2772 Deus,
1593 2703 1633 2762 ut
1649 2718 1730 2761 con·

395 2807 523 2868 fundat
546 2807 737 2887 sapientes,
763 2809 829 2868 etc.
842 2829 856 2862 s
871 2805 893 2867 ⁸.

501 2912 570 2976 Hic
595 2916 696 2975 notat
719 2914 820 2993 glosa
842 2903 855 2996 'l
883 2931 925 2975 ex
949 2913 1055 2975 dictis
1070 2913 1268 2993 Augustini,
1292 2912 1474 2976 Ambrosii
1499 2917 1535 2976 et
1550 2913 1727 2985 leronimi,
1745 2906 1776 2969 4.
1824 2906 1941 2971 L70‘0

396 3020 495 3098 quod
519 3038 606 3081 crux
619 3019 739 3100 Xpisti
755 3022 951 3082 evacuatur
971 3021 1008 3080 in
1024 3020 1207 3100 sapiencia
1222 3020 1524 3100 philosophorum,
1551 3038 1620 3099 que
1638 3022 1730 3082 falsa

395 3128 466 3199 est;
491 3127 585 3199 item,
611 3126 710 3205 quod
732 3126 958 3207 philosophia
982 3130 1036 3188 est
1059 3128 1215 3189 sciencia
1237 3146 1308 3189 non
1332 3146 1354 3189 a
1378 3125 1464 3198 Deo,
1495 3145 1567 3188 non
1588 3127 1728 3189 salvan·

395 3233 523 3295 dorum
539 3232 605 3295 sed
620 3234 866 3313 pereuncium;
892 3235 977 3295 item
992 3236 1093 3295 notat
1111 3234 1477 3314 ‹sapianzentem
1496 3252 1576 3296 esse
1590 3246 1700 3314 genus
1713 3224 1727 3317 ΙΙ
1817 3227 1847 3289 Β
1864 3227 1936 3289 54¹⁰

395 3341 444 3401 ad
459 3341 617 3402 scribam
630 3344 667 3402 et
690 3341 978 3420 conquisitorem,
996 3342 1048 3402 sic
1061 3340 1161 3420 quod
1176 3341 1289 3421 tangit
1312 3342 1439 3420 poetas
1455 3359 1522 3420 per
1537 3342 1727 3420 sapientes,

393 3447 548 3509 morales
572 3465 638 3527 per
661 3447 809 3521 scribas,
834 3449 870 3509 et
893 3448 1076 3509 naturales
1098 3466 1166 3527 per
1189 3448 1449 3526 conquisitores
1473 3447 1576 3509 huius
1607 3448 1728 3509 seculi.

394 3552 537 3625 Iterum,
571 3554 670 3633 quod
692 3555 803 3616 stulta
826 3557 881 3617 est
904 3556 1087 3616 mundana
1110 3555 1275 3627 sciencia,
1300 3552 1464 3633 falsoque
1494 3555 1636 3616 nomine
1663 3556 1729 3617 sci-
1795 3557 1806 3577 ⁶

393 3661 496 3722 encia
530 3663 766 3741 nuncupatur,
803 3662 888 3740 qnia
922 3679 1003 3722 eam
1034 3662 1105 3723 sibi
1127 3662 1230 3723 linxit
1256 3662 1376 3741 lingua
1408 3662 1596 3733 mendacii,
1632 3662 1728 3723 unde

393 3768 567 3847 scriptum
597 3771 667 3830 est:
702 3767 949 3830 ‹Defecerunt
977 3770 1179 3830 scrutantes
1210 3765 1444 3830 scrutiniofl.
1474 3767 1602 3831 Adhuc
1632 3769 1730 3847 quod

393 3873 430 3936 iu
452 3874 585 3955 plurali
608 3875 713 3937 dixit:
757 3874 865 3937 «Non
888 3875 991 3936 multi
1013 3874 1204 3955 sapientes,
1241 3893 1313 3936 non
1349 3874 1452 3938 multi
1475 3875 1623 3947 nobiles,
1659 3894 1729 3937 non

393 3981 496 4043 multi
518 3984 724 4061 potentes»,
761 3984 911 4063 propter
934 4000 982 4054 se,
1007 3982 1070 4061 qui
1093 3983 1213 4044 fuerat
1237 3981 1382 4061 sapiens
1405 3981 1560 4043 seculari
1582 3982 1728 4062 pericia,

392 4088 523 4150 nobilis
546 4089 754 4169 genealogia
776 4107 925 4151 romana
948 4091 984 4151 et
1007 4090 1135 4169 potens
1159 4088 1301 4150 diviciis
1324 4089 1567 4168 perituris...

499 4194 593 4257 Noto
609 4196 696 4275 ipse,
723 4214 766 4257 ex
790 4196 906 4269 dictis,
932 4196 1039 4275 quod,
1065 4214 1146 4257 cum
1169 4198 1264 4257 esset
1280 4195 1413 4257 Paulus
1428 4196 1602 4257 doctrinis
1618 4194 1728 4257 ethni·
1743 4201 1773 4264 5,

394 4320 517 4364 corum
540 4304 624 4365 ante
642 4304 912 4365 conversionem
927 4300 1100 4375 iarxatus,
1125 4302 1173 4364 ad
1189 4300 1299 4365 iidem
1314 4303 1474 4375 vocatus,
1498 4302 1728 4382 philosophos

393 4408 577 4488 prohibuit
599 4409 768 4490 legendos
792 4412 828 4473 et
844 4409 1054 4481 audiendos,
1080 4427 1233 4488 quorum
1256 4409 1371 4483 dictis,
1395 4410 1612 4471 necessitate
1636 4428 1729 4471 com·

393 4618 607 4627 ..ι-.-

498 4788 531 4849 α)
552 4812 583 4821 -
604 4786 665 4839 ubi.

502 4958 521 5026 ¹)
540 4962 571 5016 S.
589 4963 698 5027 an,
717 4965 760 5016 ad
775 4964 863 5022 Rom.
882 4964 905 5028 1,
924 4964 967 5028 21,
985 4963 1031 5017 22.

501 5047 522 5114 ¹)
540 5052 593 5116 ID„
611 5052 625 5104 I
644 5055 687 5105 ad
706 5052 785 5117 Con,
803 5053 826 5118 I,
846 5052 938 5107 19-21.

502 5135 523 5205 'l
541 5140 595 5205 ln,
613 5143 697 5207 ibid,
715 5142 808 5196 2647.

498 5227 522 5296 ⁴)
541 5230 586 5285 ct.
604 5232 718 5284 Psalm.
736 5231 840 5295 LXIII,
858 5232 885 5286 6.
