4300 6117
504 870 569 933 37⁰
1012 883 1171 938 LUCULA
1193 883 1333 938 NOCTIS

500 1106 640 1168 rencias
663 1107 804 1186 penitus
828 1106 960 1187 ignoro,
986 1111 1021 1169 et
1037 1107 1114 1170 solo
1130 1108 1305 1170 exercicio
1328 1107 1472 1180 formas,
1497 1112 1537 1171 31
1560 1128 1715 1190 3333331,
1740 1128 1831 1190 quas

503 1213 625 1275 studui
647 1233 713 1293 per
736 1214 993 1294 memetipsum,
1030 1215 1189 1276 ethnicos
1213 1218 1249 1277 et
1274 1216 1469 1278 catholicos
1504 1218 1672 1296 antiquos
1703 1220 1739 1279 et
1761 1236 1835 1278 mo-

499 1321 630 1384 dernos
653 1321 776 1406 metris
800 1325 836 1383 et
858 1340 967 1400 prosa
989 1325 1175 1384 currentes
1197 1323 1326 1402 loquor
1348 1324 1507 1385 imitatus
1531 1324 1720 1386 doctorum
1733 1323 1752 1386 1.
1786 1322 1834 1386 Et

499 1433 618 1491 tamen
639 1429 829 1491 veritatem
851 1446 1013 1500 veneror,
1049 1447 1127 1490 rem
1160 1429 1345 1509 preferens
1372 1431 1488 1502 dictis,
1528 1431 1626 1493 dicta
1648 1449 1736 1493 vera
1762 1450 1833 1493 non

501 1536 712 1616 dampnans.
1165 1589 1168 1594 .

454 1632 485 1696 8·
606 1642 686 1704 Non
701 1644 756 1704 est
772 1654 856 1723 ergo
871 1643 1108 1725 phylosophia
1131 1643 1168 1705 in
1185 1645 1306 1706 verbis
1330 1645 1495 1724 primitus
1512 1646 1742 1725 exquirenda,
1768 1647 1831 1708 sed

501 1751 538 1812 in
561 1750 669 1812 rebus
692 1750 864 1829 precipue
880 1750 1040 1821 colenda,
1064 1753 1105 1812 31
1120 1769 1186 1829 per
1201 1749 1432 1814 Aristotelem
1455 1772 1548 1815 nunc
1571 1756 1626 1814 est
1649 1754 1695 1815 de
1714 1752 1832 1816 ethica

499 1857 634 1919 dictum
651 1855 673 1918 ⁶².
699 1855 757 1918 Sic
779 1857 963 1919 institutor
983 1858 1176 1937 precipuus
1200 1858 1285 1931 eius,
1311 1857 1478 1922 Socrates
1502 1861 1562 1922 ille
1585 1873 1733 1941 magnus
1756 1861 1828 1923 the·

499 1966 624 2037 banus,
649 1964 853 2026 universam
876 1965 925 2025 ad
948 1965 1176 2045 corrigendos
1200 1984 1317 2029 mores
1341 1967 1532 2028 ordinavit.
1560 1966 1639 2028 Non
1661 1968 1708 2028 ob
1732 1968 1830 2029 aliud

501 2071 629 2134 famosi
651 2071 798 2150 quidem
819 2075 957 2152 septem
981 2069 1169 2151 Sapientes
1193 2075 1275 2134 sunt
1296 2073 1477 2154 appellati,
1503 2075 1571 2136 nisi
1587 2075 1672 2153 quia
1692 2093 1828 2138 morum

502 2333 711 2341 .-—--—-—

497 2567 554 2618 pas
573 2567 620 2614 33,
644 2552 725 2605 31331
742 2567 803 2618 que
820 2554 981 2617 beaucoup
1007 2551 1046 2602 de
1070 2551 1179 2617 jeunes
1205 2559 1279 2618 gens
1298 2552 1338 2604 de
1357 2566 1407 2605 ses
1432 2553 1691 2621 contemporains,
1715 2552 1828 2606 l'avan·

499 2645 569 2711 tage
587 2641 679 2693 d'nne
703 2641 887 2693 instruction
913 2641 1064 2693 litteraire
1084 2640 1191 2702 solide,
1212 2641 1351 2709 lorsqu'il
1371 2657 1405 2695 se
1423 2642 1580 2709 presenta.
1604 2643 1718 2711 al’age
1737 2644 1776 2696 de
1795 2645 1827 2696 17

499 2748 564 2795 ans,
582 2732 601 2783 a
619 2729 979 2784 Saura-Maria-Novena.
999 2731 1079 2784 C’est
1097 2733 1192 2784 avant
1210 2733 1277 2784 1331
1294 2747 1337 2784 un
1355 2732 1559 2784 autodidacte.

604 2817 626 2885 ¹)
644 2820 796 2873 Dominici
813 2821 933 2872 avait-il
951 2821 1050 2888 pre'vu
1067 2820 1114 2872 les
1133 2835 1313 2888 remarques
1330 2820 1495 2874 1331333333
1513 2822 1553 2875 de
1573 2821 1603 2874 C.
1623 2821 1762 2885 Salutati‚
1789 2837 1827 2875 en

497 2909 595 2963 allant
614 2910 691 2962 ainsi
710 2911 879 2963 auderent
897 2910 953 2962 des
972 2911 1119 2977 critiqnes
1138 2910 1231 2977 qu'on
1248 2911 1389 2976 ponrrait
1400 2911 1444 2964 131
1459 2909 1614 2970 adresser.
1632 2911 1744 2978 ajusto
1756 2912 1826 2964 titre

496 3000 663 3062 d'ailleurs,
689 3015 743 3053 sur
759 3000 791 3053 le
809 3015 871 3067 333
888 3001 928 3052 de
946 3015 998 3053 cas
1018 3000 1093 3067 qu'il
1111 3000 1229 3051 semble
1246 2998 1325 3053 taire
1343 2999 1384 3052 de
1402 3000 1433 3051 13
1452 3001 1636 3067 grammaire
1655 3003 1686 3053 et
1704 3000 1744 3052 de
1762 3002 1826 3052 1331

497 3104 533 3142 33
552 3090 604 3156 331
623 3104 775 3143 conceme
793 3089 863 3142 l’art
881 3089 1034 3142 d'ecrirei
1052 3090 1219 3142 peut-stre.
1236 3086 1391 3142 Touteiois
1404 3089 1535 3142 salutati
1553 3103 1593 3141 ne
1611 3091 1722 3143 trouve
1734 3089 1826 3158 gnere

495 3179 630 3232 l'excuse
652 3179 791 3232 valable:
825 3179 1000 3231 «Maximus
1028 3179 1144 3231 etenim
1168 3179 1268 3246 pudor
1296 3180 1343 3230 est
1362 3178 1472 3231 videre
1489 3179 1632 3245 quotiens
1654 3181 1685 3231 et
1703 3179 1826 3246 quantis

499 3269 695 3321 «vestrorum
712 3268 926 3336 religiosorum
943 3269 1117 3335 ignorantia
1135 3268 1387 3334 deprehendatur
1412 3269 1512 3320 solum
1530 3269 1563 3319 in
1587 3268 1697 3321 horum
1715 3269 1825 3334 primo·

497 3375 510 3401 ‹
521 3373 588 3410 rum
605 3357 766 3410 habituum
785 3358 904 3410 ratione
916 3377 939 3408 ι.
958 3357 1157 3423 Epistotario,
1171 3357 1271 3409 1v-IP.
1285 3372 1315 3423 p.
1329 3357 1456 3409 220-221.
1472 3385 1499 3392 -
1511 3357 1589 3409 Sans
1602 3357 1724 3410 vouloir
1735 3373 1825 3424 pour·

497 3448 564 3499 tant
580 3446 713 3514 justitiet
732 3446 970 3513 completement
987 3446 1142 3499 Dominici
1160 3447 1200 3498 de
1219 3461 1269 3499 ses
1287 3447 1490 3514 negligences,
1509 3461 1588 3500 nous
1606 3448 1756 3499 tronvons
1776 3461 1825 3498 ex·

496 3536 617 3589 cessive
634 3537 665 3588 13
684 3537 814 3602 critique
831 3536 871 3588 de
889 3537 929 3588 M.
942 3536 1055 3589 Novati
1072 3536 1212 3604 lorsqu'il
1230 3536 1307 3588 ecrit
1325 3551 1385 3602 que
1406 3555 1418 3579 «
1429 3535 1522 3602 quell'
1541 3536 1695 3589 altezzosa
1713 3536 1825 3589 dichia-

497 3627 644 3679 ‹razione
662 3622 725 3693 [del
743 3622 906 3693 Dominici]
932 3626 964 3678 di
982 3640 1045 3679 non
1063 3641 1139 3679 aver
1161 3627 1223 3677 mai
1241 3626 1314 3678 dato
1333 3640 1428 3692 opera
1447 3627 1487 3678 ad
1505 3627 1660 3691 imperare
1678 3625 1709 3677 la
1728 3632 1824 3693 gram·

498 3716 641 3778 «mattea,
667 3715 724 3767 che
743 3731 777 3768 se
795 3717 856 3781 333
874 3716 1033 3767 sembrare
1051 3730 1069 3768 a
1087 3715 1181 3768 iatica
1206 3715 1380 3768 tollerabile
1405 3715 1489 3767 nella
1511 3717 1606 3768 bocca
1625 3715 1731 3768 disan
1750 3715 1824 3769 Gre·

497 3806 604 3873 «gorio
622 3806 742 3873 Magno,
768 3804 866 3858 riesce
890 3806 1076 3858 additittura
1102 3807 1257 3873 grottesca
1283 3805 1361 3857 sulle
1386 3805 1496 3857 labbra
1514 3804 1588 3857 d'un
1605 3821 1735 3858 monaco
1754 3805 1824 3857 detl’

496 3895 625 3948 ‹ultimo
653 3892 813 3959 Trecento¹
837 3895 859 3947 11
887 3896 978 3961 quale
1005 3896 1172 3948 attendeva
1200 3895 1262 3946 alla
1290 3895 1405 3948 lettura
1432 3895 1515 3946 della
1533 3893 1644 3947 Bibbia
1662 3895 1694 3946 13
1721 3893 1823 3961 quello

496 3986 621 4037 «stesso
639 3984 747 4038 Studio
765 3985 846 4038 dove
865 3985 931 4051 poc'
951 3985 1020 4037 anzi
1039 4000 1140 4038 aveva
1158 3986 1295 4038 risonato
1321 3986 1351 4037 la
1369 4000 1447 4038 voce
1466 3985 1498 4037 di
1515 3984 1640 4038 Mannel
1660 3984 1823 4046 Crisolora.

497 4074 576 4126 «che
594 4077 807 4127 commentava
827 4073 970 4136 Homero,
997 4089 1015 4126 e
1033 4075 1168 4127 s’alzava
1186 4090 1245 4141 pur
1263 4089 1387 4141 sempre
1405 4076 1509 4142 quella
1528 4075 1559 4128 di
1577 4074 1731 4128 Glovanni
1749 4074 1823 4126 Mal·

497 4162 646 4230 «paghini
675 4163 794 4217 intento
821 4179 838 4215 3
865 4165 1038 4218 dichiarare
1070 4164 1218 4218 Cicerone
1248 4179 1265 4217 3
1293 4165 1459 4232 Vergilio».
1496 4164 1696 4230 Epistolario,
1723 4164 1823 4224 1v-1P.

493 4268 523 4319 p.
541 4253 603 4315 307,
621 4254 703 4306 note.
739 4253 783 4304 Le
801 4256 913 4307 savant
931 4254 1061 4321 critique
1079 4255 1181 4307 oublie
1200 4269 1261 4320 que
1279 4254 1432 4307 Dominici
1450 4269 1491 4307 ne
1509 4255 1682 4306 demeurait
1698 4253 1788 4321 point
1805 4253 1822 4304 'a

494 4342 644 4394 11333333
670 4357 709 4394 33
737 4344 837 4410 temps
865 4344 1007 4396 3311131
1031 4346 1084 4396 etit
1110 4345 1159 4396 e'te
1184 4344 1305 4397 loisible
1330 4345 1369 4396 de
1394 4344 1501 4396 suivre
1519 4344 1565 4396 133
1590 4344 1695 4410 133333
1714 4343 1755 4396 (13
1773 4358 1822 4395 ces

492 4431 575 4483 deux
597 4432 736 4485 illustres
761 4434 894 4486 maitres.
931 4433 979 4484 En
998 4432 1074 4485 eiiet
1093 4433 1172 4486 ainsi
1191 4433 1264 4500 qu'il
1281 4433 1319 4485 l'a
1341 4433 1415 4486 note
1433 4434 1589 4486 lui-meme
1613 4431 1822 4499 (Epistolarto.

494 4520 544 4584 111,
562 4536 591 4588 p.
611 4520 672 4584 120,
691 4520 784 4586 note),
809 4521 845 4575 G.
864 4523 1053 4591 Malpaghini
1079 4524 1205 4590 accepta
1224 4524 1254 4574 la
1278 4523 1382 4575 chaire
1404 4524 1443 4576 de
1463 4523 1640 4590 rhetortque
1658 4538 1698 4576 au
1718 4523 1823 4576 Studio

492 4611 532 4662 de
550 4610 700 4664 Florence
719 4612 749 4663 13
768 4610 803 4664 19
821 4613 999 4678 septembre
1019 4611 1096 4675 1396,
1123 4613 1242 4680 333333
1262 4613 1280 4664 a
1298 4613 1433 4678 laquelle
1451 4613 1604 4666 Dominici
1630 4627 1665 4666 se
1687 4612 1822 4666 trouvait

492 4714 605 4754 encore
624 4699 642 4753 a
660 4701 788 4763 Venise;
806 4700 925 4754 d'autre
943 4703 1022 4768 part,
1040 4703 1147 4768 quand
1164 4703 1185 4754 il
1204 4703 1308 4755 arriva
1329 4703 1347 4756 a
1366 4704 1516 4756 Florence
1534 4717 1608 4755 vers
1628 4703 1706 4768 1399,
1726 4701 1821 4772 Chry·

492 4789 612 4843 soloras
630 4791 684 4858 n'y
702 4790 776 4843 31311
794 4791 872 4857 3133.
891 4790 1063 4855 D‘ailleurs,
1081 4808 1103 4861 y
1122 4792 1209 4844 3111-11
1229 4807 1268 4846 33
1286 4793 1468 4846 aFlorence
1486 4794 1556 4845 tous
1573 4794 1622 4845 les
1640 4794 1767 4846 maltres
1785 4795 1821 4846 de

492 4880 675 4946 grammaire
692 4880 854 4946 possibles,
873 4880 1024 4933 Dominici
1041 4880 1173 4934 u'aurait
1190 4882 1284 4950 gnere
1301 4897 1344 4948 33
1362 4885 1489 4935 trouver
1507 4883 1537 4936 le
1551 4884 1652 4950 temps
1665 4884 1705 4936 de
1718 4884 1820 4937 snivre

490 4969 576 5021 leurs
594 4969 709 5033 133333,
738 4969 756 5020 3
774 4984 815 5021 33
834 4969 900 5022 s'en
924 4970 1006 5023 tenir
1031 4971 1123 5037 qu'an
1146 4972 1272 5024 tableau
1298 4987 1357 5038 que
1376 4971 1505 5025 Salutati
1530 4973 1689 5027 lui-meme
1706 4988 1784 5027 nous
1801 4987 1818 5025 a

490 5057 548 5110 tait
565 5058 605 5111 de
622 5059 758 5125 l'emploi
776 5060 819 5111 du
837 5061 938 5126 temps
956 5060 996 5113 de
1013 5059 1174 5113 Dominici.
1195 5061 1238 5113 Ci.
1259 5062 1457 5129 Epistotarto,
1473 5061 1575 5114 1v-1P.
1593 5079 1622 5130 p.
1641 5063 1702 5116 210.

599 5145 621 5213 ²)
641 5147 704 5201 Cic.
724 5149 771 5202 De
788 5149 855 5202 Fin.
874 5149 910 5212 ΙΙ,
928 5157 969 5200 111.
