4300 6117
459 962 524 1026 358
973 973 1132 1027 LUCULA
1154 972 1294 1026 NOCTIS

459 1196 708 1276 Augustino
742 1197 985 1276 theologorum
1008 1198 1191 1277 precipuo,
1218 1198 1278 1277 qui
1302 1216 1383 1259 eum
1407 1198 1459 1259 sic
1482 1198 1652 1278 appellat,
1677 1198 1797 1259 libro

459 1302 599 1377 V1110,
626 1322 703 1383 cap.
727 1301 851 1366 X1101.

412 1413 442 1478 3.
566 1409 607 1470 In
630 1409 696 1472 hiis
727 1412 902 1491 gignasiis,
927 1412 1047 1473 dicam
1070 1431 1117 1473 an
1140 1412 1340 1472 animarum
1363 1412 1608 1492 lupanaribus,
1633 1412 1796 1490 garriunt

460 1516 563 1578 Plato
586 1519 622 1578 et
644 1519 824 1597 platonici,
850 1519 973 1599 stoyci,
997 1517 1221 1580 achademici
1243 1519 1383 1597 priores
1407 1522 1443 1581 et
1466 1520 1560 1591 novi,
1584 1517 1796 1597 Porphirius

460 1627 495 1686 et
519 1622 664 1705 Cycero,
700 1624 760 1687 De
791 1624 1048 1705 Republica
1080 1626 1265 1687 scribens:
1300 1624 1388 1687 Cum
1412 1627 1625 1706 corporibus
1655 1626 1793 1686 animas

459 1730 661 1793 beatificari
682 1751 754 1793 non
777 1751 883 1811 posse
897 1732 917 1805 ²,
942 1733 1046 1812 quasi
1068 1732 1174 1805 Deus,
1201 1733 1263 1812 qui
1286 1733 1458 1795 celestem
1487 1734 1645 1795 animam
1669 1751 1795 1811 corpo-

459 1857 537 1899 rum
559 1840 748 1918 ergastulis
771 1839 925 1901 detrusit
948 1840 984 1901 in
1007 1840 1113 1901 terris
1129 1830 1155 1921 li,
1189 1858 1341 1919 corpora
1371 1841 1544 1902 mundata
1568 1842 1605 1901 et
1626 1840 1794 1901 restituta

458 1945 645 2008 animabus
668 1946 784 2008 beatis
808 1965 917 2026 super
940 1946 1085 2009 etherea
1107 1947 1229 2009 locare
1252 1965 1323 2008 non
1345 1948 1470 2028 possit.
1503 1978 1546 1991 -·
1581 1945 1700 2007 Audio
1734 1946 1794 2007 hic

458 2052 716 2115 nobilissimum
754 2053 862 2125 illum,
897 2056 936 2115 ut
970 2072 1093 2115 eorum
1115 2054 1284 2116 laudibus
1313 2057 1405 2125 utar,
1442 2054 1604 2117 attonitis
1634 2054 1792 2123 auribus,

457 2160 622 2222 intonare
643 2159 879 2233 Plotinum,
905 2163 942 2222 et
964 2161 1101 2222 animas
1125 2162 1344 2240 prostituere
1359 2160 1529 2223 Manibus
1544 2159 1790 2231 infernalibus,

457 2266 523 2328 hec
546 2265 811 2345 proferentem:
848 2265 1068 2329 «Hominum
1091 2268 1208 2329 anime
1232 2260 1247 2351 Η
1273 2271 1356 2330 sunt
1380 2268 1548 2331 demones
1573 2271 1609 2330 et
1632 2266 1723 2328 liunt
1747 2285 1792 2328 ex

457 2374 658 2436 hominibus
681 2372 803 2448 Lares,
827 2375 858 2435 si
880 2375 1041 2437 homines
1064 2376 1202 2447 meriti3
1226 2374 1397 2437 Lemures
1429 2394 1526 2447 vero,
1560 2376 1590 2437 si
1621 2374 1705 2435 mali
1728 2392 1794 2435 seu

457 2478 594 2542 Larvas
611 2500 618 2541 ε
642 2479 841 2561 Manesque
864 2482 915 2543 dii
937 2484 1067 2543 sunt.»
1083 2480 1106 2543 ³.
1122 2514 1164 2523 —
1179 2477 1420 2544 Tremendum
1436 2501 1579 2562 quoque
1604 2481 1661 2543 isti
1676 2481 1787 2541 homi·

458 2606 520 2649 nes
544 2606 650 2667 quem
671 2589 743 2649 iam
768 2589 997 2667 experiuntur
1019 2586 1197 2651 infernum
1229 2608 1301 2651 non
1333 2590 1535 2662 admittunt,
1570 2589 1637 2650 sed
1671 2591 1792 2649 tamen

457 2696 682 2775 purgatorias
706 2714 816 2774 penas
840 2696 877 2757 in
900 2696 1058 2774 presenti
1081 2697 1139 2758 vel
1161 2697 1199 2757 in
1221 2698 1351 2758 futuro.
1387 2695 1491 2759 Unde
1515 2699 1570 2759 est
1594 2695 1683 2757 illud
1705 2692 1790 2755 Ma·

456 2802 598 2873 ronis,
622 2802 822 2881 platonicos
846 2803 983 2873 imitati,
1008 2803 1071 2864 ubi
1095 2822 1175 2864 cum
1209 2803 1358 2866 dixisset
1393 2804 1440 2865 de
1475 2804 1627 2866 terrenis
1666 2820 1791 2880 corpo·

456 2910 555 2970 ribus
590 2910 884 2989 moribundisque
916 2910 1095 2981 membris,
1131 2910 1229 2989 quod
1266 2912 1385 2972 anime
1422 2912 1505 2973 hinc
1532 2912 1694 2973 metuunt
1730 2927 1789 2969 cu·

456 3017 639 3096 piuntque,
664 3016 787 3078 dolent
809 3017 1046 3097 gaudentque,
1073 3035 1139 3079 nec
1162 3036 1271 3078 auras

618 3172 629 3197 ι
651 3154 823 3221 Decipiunt,
841 3156 945 3207 clause
962 3156 1101 3209 tenebris
1120 3159 1151 3210 et
1170 3170 1295 3209 carcere
1314 3155 1434 3220 ceco»‘,

456 3287 598 3346 secutus
623 3284 793 3357 adiunxit,
820 3287 855 3346 et
878 3286 953 3346 ait:

619 3441 631 3465 «
652 3422 731 3495 Quin
750 3424 781 3476 et
800 3438 943 3489 supremo
962 3439 1031 3477 cum
1048 3424 1164 3477 lumine
1182 3426 1247 3477 vita
1266 3424 1400 3491 reliquit,

618 3531 630 3555 «
651 3513 719 3565 Non
736 3513 841 3566 tamen
859 3527 950 3565 omne
968 3514 1083 3566 malum
1100 3514 1230 3576 miseris,
1248 3529 1307 3566 nec
1323 3513 1463 3567 funditus
1487 3529 1594 3567 omnes

619 3620 631 3644 s
653 3602 808 3668 Corporee
827 3602 979 3655 excedunt
996 3604 1123 3669 pestes:
1141 3604 1326 3671 penitusque
1344 3618 1473 3657 necesse
1494 3606 1544 3656 est

619 3710 631 3734 ‹
651 3692 748 3743 Multa
766 3692 819 3743 diu
838 3694 981 3745 concreta
999 3692 1100 3745 modis
1118 3692 1290 3745 inolescere
1307 3693 1406 3744 miris.

619 3799 631 3823 α
651 3780 732 3848 Ergo
752 3783 935 3834 exercentur
952 3781 1051 3847 penis,
1070 3783 1273 3847 veterumque
1290 3782 1442 3834 malornm

619 3888 631 3911 s
651 3869 807 3936 Supplicia
825 3870 1012 3936 expendunt.
1030 3870 1099 3922 Alie
1116 3870 1296 3936 panduntur
1310 3872 1418 3924 inanes

619 3976 630 4000 α
652 3958 808 4025 Suspense
826 3960 866 4011 ad
884 3960 1016 4012 ventos:
1035 3960 1105 4011 aliis
1125 3961 1182 4011 snb
1201 3961 1321 4027 gurgite
1338 3962 1429 4013 vasto

618 4067 630 4091 «
650 4046 801 4100 Iniectum
819 4049 950 4100 eliciitnr
968 4049 1081 4111 scelus,
1098 4050 1151 4101 aut
1169 4049 1307 4101 exuritur
1326 4049 1397 4116 igni,
1416 4051 1472 4103 etc
1491 4046 1527 4094 »ὃ

457 4228 669 4235 .-————-

565 4368 584 4437 ¹)
602 4369 631 4423 S.
644 4370 722 4423 AUR.
735 4371 817 4423 AUG.
838 4372 884 4423 De
905 4370 990 4422 curt.
1011 4372 1076 4435 Dei,
1090 4371 1168 4432 vm,
1181 4381 1233 4422 ΧΗ.
1254 4371 1350 4423 «Ideo
1369 4372 1483 4439 quippe
1501 4371 1559 4425 hos
1578 4369 1791 4440 [philosophos

453 4454 636 4528 platonicos]
662 4459 857 4525 potissimum
875 4460 961 4527 elegi,
988 4459 1136 4526 qnoniam
1154 4460 1194 4513 de
1212 4476 1274 4513 uno
1293 4460 1360 4513 Deo
1378 4461 1431 4526 qui
1448 4460 1522 4514 iecit
1540 4463 1661 4514 coelum
1679 4464 1711 4514 et
1728 4465 1792 4514 ter·

453 4566 530 4612 ram,
549 4549 665 4616 quanto
679 4548 788 4601 melius
799 4550 971 4613 senserunt,
989 4550 1077 4602 tanto
1090 4548 1201 4601 ceteris
1216 4550 1414 4617 gloriosiores
1428 4551 1461 4601 et
1474 4550 1659 4604 illustriores
1673 4550 1792 4604 haben·

454 4642 518 4692 tur:
537 4640 570 4691 in
588 4640 708 4690 tantum
726 4638 794 4690 aliis
813 4638 945 4704 praelati
963 4638 1078 4704 iudicio
1096 4640 1302 4704 posterorum,
1321 4640 1355 4691 ut
1368 4653 1437 4691 cnm
1455 4639 1638 4693 Aristoteles
1650 4640 1791 4693 Platonis

454 4729 624 4795 discipulus
661 4728 711 4780 vir
738 4728 917 4780 excellentis
945 4728 1068 4795 ingenii,
1094 4729 1125 4780 et
1154 4727 1277 4793 eloquio
1302 4728 1424 4780 Platoni
1448 4728 1574 4794 quidem
1599 4730 1708 4795 impar,
1733 4732 1792 4783 sed

454 4819 566 4871 multos
590 4817 682 4870 facile
705 4832 865 4883 superans,
891 4818 1007 4869 sectam
1026 4816 1263 4882 Peripateticam
1290 4816 1480 4869 condidisset
1498 4818 1709 4884 plurimosque
1729 4820 1792 4871 dis·

454 4908 572 4974 cipulos
589 4944 725 4959 .......
746 4910 776 4958 in
794 4922 883 4957 sunm
901 4907 1052 4959 haeresim
1070 4908 1322 4974 congregasset».
1349 4907 1384 4957 In
1406 4905 1496 4972 Oper.
1522 4909 1544 4959 t.
1562 4907 1626 4970 VH,
1652 4909 1709 4960 col.
1728 4908 1793 4960 237.

560 4994 582 5063 ²)
601 4996 730 5063 D'apres
756 4995 784 5048 S.
803 4996 880 5063 Aug.
907 4998 953 5048 De
981 4994 1065 5048 crvtt.
1086 4998 1153 5057 Det,
1179 4995 1272 5058 XXII,
1301 5005 1417 5058 xxvm;
1446 4997 1493 5049 De
1519 4996 1565 5054 Re
1587 4997 1721 5062 publiea,
1740 4998 1793 5059 VI,

452 5084 532 5154 frug.
553 5085 597 5138 Ci.
616 5086 671 5137 Ed.
690 5086 760 5149 Mai,
779 5101 809 5152 p.
831 5086 895 5139 103.

562 5171 582 5239 t)
601 5174 630 5227 S.
649 5176 727 5227 Aur.
746 5175 826 5227 Auo.
845 5176 891 5227 De
912 5175 996 5228 ervit.
1017 5177 1084 5237 Det,
1101 5174 1152 5239 lx,
1171 5186 1201 5237 x,
1220 5184 1264 5226 xr.

560 5262 582 5330 ⁴)
600 5265 719 5315 vntum.
739 5264 870 5316 Auram.
889 5265 938 5329 VI,
958 5264 1021 5317 734.

559 5350 582 5421 ὅ)
600 5355 654 5416 ΙΙ).,
675 5356 754 5419 ibid,
773 5354 899 5409 735-742.
