<?xml version="1.0" encoding="UTF-8"?>
<!DOCTYPE html PUBLIC "-//W3C//DTD XHTML 1.0 Transitional//EN"
    "http://www.w3.org/TR/xhtml1/DTD/xhtml1-transitional.dtd">
<html xmlns="http://www.w3.org/1999/xhtml" xml:lang="en" lang="en">
 <head>
  <title>
</title>
<meta http-equiv="Content-Type" content="text/html;charset=utf-8" />
  <meta name='ocr-system' content='tesseract 3.04.00' />
  <meta name='ocr-capabilities' content='ocr_page ocr_carea ocr_par ocr_line ocrx_word'/>
</head>
<body>
  <div class='ocr_page' id='page_1' title='image "./luculanoctis00domigoog_0471.png"; bbox 0 0 4300 6117; ppageno 0'>
   <div class='ocr_carea' id='block_1_1' title="bbox 848 942 1705 1008">
    <p class='ocr_par' dir='ltr' id='par_1_1' title="bbox 848 942 1705 1008">
     <span class='ocr_line' id='line_1_1' title="bbox 848 942 1705 1008; baseline -0.004 0"><span class='ocrx_word' id='word_1_1' title='bbox 848 954 1035 1008; x_wconf 80' lang='lat' dir='ltr'>IOHANNIS</span> <span class='ocrx_word' id='word_1_2' title='bbox 1055 953 1237 1007; x_wconf 83' lang='lat' dir='ltr'><strong>DOMINICI</strong></span> <span class='ocrx_word' id='word_1_3' title='bbox 1641 942 1705 1005; x_wconf 83' lang='lat'><strong>347</strong></span> 
     </span>
    </p>
   </div>
   <div class='ocr_carea' id='block_1_2' title="bbox 364 1158 1965 3503">
    <p class='ocr_par' dir='ltr' id='par_1_2' title="bbox 364 1158 1965 3503">
     <span class='ocr_line' id='line_1_2' title="bbox 373 1158 1706 1258; baseline -0.001 -21"><span class='ocrx_word' id='word_1_4' title='bbox 373 1177 557 1257; x_wconf 80' lang='lat' dir='ltr'><strong>multiplex</strong></span> <span class='ocrx_word' id='word_1_5' title='bbox 568 1158 754 1239; x_wconf 81' lang='lat' dir='ltr'><strong>Canticum</strong></span> <span class='ocrx_word' id='word_1_6' title='bbox 766 1178 1004 1249; x_wconf 83' lang='lat' dir='ltr'><strong>Canticorum,</strong></span> <span class='ocrx_word' id='word_1_7' title='bbox 1017 1196 1098 1239; x_wconf 92' lang='lat' dir='ltr'><strong>cum</strong></span> <span class='ocrx_word' id='word_1_8' title='bbox 1110 1177 1176 1238; x_wconf 90' lang='lat' dir='ltr'><strong>sub</strong></span> <span class='ocrx_word' id='word_1_9' title='bbox 1189 1179 1275 1258; x_wconf 87' lang='lat' dir='ltr'><strong>typo</strong></span> <span class='ocrx_word' id='word_1_10' title='bbox 1286 1175 1471 1256; x_wconf 87' lang='lat' dir='ltr'><strong>Scripture</strong></span> <span class='ocrx_word' id='word_1_11' title='bbox 1481 1176 1640 1255; x_wconf 86' lang='lat' dir='ltr'><strong>loquitur</strong></span> <span class='ocrx_word' id='word_1_12' title='bbox 1649 1176 1706 1239; x_wconf 86' lang='lat' dir='ltr'><strong>vel</strong></span> 
     </span>
     <span class='ocr_line' id='line_1_3' title="bbox 373 1283 1707 1363; baseline -0.001 -18"><span class='ocrx_word' id='word_1_13' title='bbox 373 1284 486 1346; x_wconf 89' lang='lat' dir='ltr'><strong>eciam</strong></span> <span class='ocrx_word' id='word_1_14' title='bbox 501 1285 620 1355; x_wconf 90' lang='lat' dir='ltr'><strong>maris,</strong></span> <span class='ocrx_word' id='word_1_15' title='bbox 637 1285 684 1346; x_wconf 91' lang='lat' dir='ltr'><strong>de</strong></span> <span class='ocrx_word' id='word_1_16' title='bbox 698 1283 775 1346; x_wconf 91' lang='lat' dir='ltr'><strong>Deo</strong></span> <span class='ocrx_word' id='word_1_17' title='bbox 791 1285 878 1347; x_wconf 92' lang='lat' dir='ltr'><strong>talia</strong></span> <span class='ocrx_word' id='word_1_18' title='bbox 894 1286 1016 1363; x_wconf 85' lang='lat' dir='ltr'><strong>tangit,</strong></span> <span class='ocrx_word' id='word_1_19' title='bbox 1035 1302 1107 1363; x_wconf 90' lang='lat' dir='ltr'><strong>que</strong></span> <span class='ocrx_word' id='word_1_20' title='bbox 1122 1284 1169 1345; x_wconf 92' lang='lat' dir='ltr'><strong>de</strong></span> <span class='ocrx_word' id='word_1_21' title='bbox 1184 1284 1282 1345; x_wconf 88' lang='lat' dir='ltr'><strong>nulla</strong></span> <span class='ocrx_word' id='word_1_22' title='bbox 1298 1286 1466 1345; x_wconf 86' lang='lat' dir='ltr'><strong>creatura</strong></span> <span class='ocrx_word' id='word_1_23' title='bbox 1480 1287 1632 1363; x_wconf 87' lang='lat' dir='ltr'><strong>possunt</strong></span> <span class='ocrx_word' id='word_1_24' title='bbox 1649 1302 1707 1343; x_wconf 86' lang='lat' dir='ltr'><strong>ex·</strong></span> 
     </span>
     <span class='ocr_line' id='line_1_4' title="bbox 371 1389 1706 1472; baseline -0.001 -19"><span class='ocrx_word' id='word_1_25' title='bbox 371 1390 464 1471; x_wconf 90' lang='lat' dir='ltr'><strong>poni,</strong></span> <span class='ocrx_word' id='word_1_26' title='bbox 482 1394 521 1453; x_wconf 87' lang='lat' dir='ltr'><strong>ut</strong></span> <span class='ocrx_word' id='word_1_27' title='bbox 543 1391 660 1453; x_wconf 88' lang='lat' dir='ltr'><strong>nudus</strong></span> <span class='ocrx_word' id='word_1_28' title='bbox 676 1392 724 1453; x_wconf 93' lang='lat' dir='ltr'><strong>sit</strong></span> <span class='ocrx_word' id='word_1_29' title='bbox 737 1392 886 1472; x_wconf 89' lang='lat' dir='ltr'><strong>legentis</strong></span> <span class='ocrx_word' id='word_1_30' title='bbox 899 1392 1038 1453; x_wconf 89' lang='lat' dir='ltr'><strong>animus</strong></span> <span class='ocrx_word' id='word_1_31' title='bbox 1055 1392 1103 1452; x_wconf 93' lang='lat' dir='ltr'><strong>ab</strong></span> <span class='ocrx_word' id='word_1_32' title='bbox 1120 1391 1218 1451; x_wconf 90' lang='lat' dir='ltr'><strong>omni</strong></span> <span class='ocrx_word' id='word_1_33' title='bbox 1229 1392 1401 1452; x_wconf 91' lang='lat' dir='ltr'><strong>memoria</strong></span> <span class='ocrx_word' id='word_1_34' title='bbox 1418 1389 1653 1470; x_wconf 83' lang='lat' dir='ltr'><strong>turpitudinis</strong></span> <span class='ocrx_word' id='word_1_35' title='bbox 1670 1392 1706 1451; x_wconf 87' lang='lat' dir='ltr'><strong>et</strong></span> 
     </span>
     <span class='ocr_line' id='line_1_5' title="bbox 371 1495 1706 1577; baseline -0.001 -18"><span class='ocrx_word' id='word_1_36' title='bbox 371 1499 483 1560; x_wconf 86' lang='lat' dir='ltr'><strong>distat</strong></span> <span class='ocrx_word' id='word_1_37' title='bbox 498 1498 534 1558; x_wconf 92' lang='lat' dir='ltr'><strong>in</strong></span> <span class='ocrx_word' id='word_1_38' title='bbox 547 1499 696 1561; x_wconf 85' lang='lat' dir='ltr'><strong>celestes</strong></span> <span class='ocrx_word' id='word_1_39' title='bbox 708 1499 867 1560; x_wconf 89' lang='lat' dir='ltr'><strong>misticas</strong></span> <span class='ocrx_word' id='word_1_40' title='bbox 879 1498 1139 1577; x_wconf 87' lang='lat' dir='ltr'><strong>pulcritudines</strong></span> <span class='ocrx_word' id='word_1_41' title='bbox 1149 1497 1333 1559; x_wconf 88' lang='lat' dir='ltr'><strong>sublevari</strong></span> <span class='ocrx_word' id='word_1_42' title='bbox 1342 1496 1367 1558; x_wconf 88' lang='lat'><strong>¹!</strong></span> <span class='ocrx_word' id='word_1_43' title='bbox 1379 1529 1421 1539; x_wconf 93' lang='lat'>-</span> <span class='ocrx_word' id='word_1_44' title='bbox 1431 1495 1461 1557; x_wconf 92' lang='grc' dir='ltr'>Ο</span> <span class='ocrx_word' id='word_1_45' title='bbox 1473 1515 1585 1576; x_wconf 91' lang='lat' dir='ltr'><strong>quam</strong></span> <span class='ocrx_word' id='word_1_46' title='bbox 1598 1515 1706 1558; x_wconf 87' lang='lat' dir='ltr'><strong>venu-</strong></span> 
     </span>
     <span class='ocr_line' id='line_1_6' title="bbox 371 1603 1704 1685; baseline -0.002 -18"><span class='ocrx_word' id='word_1_47' title='bbox 371 1608 427 1667; x_wconf 91' lang='lat' dir='ltr'><strong>sta</strong></span> <span class='ocrx_word' id='word_1_48' title='bbox 451 1605 580 1685; x_wconf 90' lang='lat' dir='ltr'><strong>puella,</strong></span> <span class='ocrx_word' id='word_1_49' title='bbox 605 1606 705 1668; x_wconf 91' lang='lat' dir='ltr'><strong>cuius</strong></span> <span class='ocrx_word' id='word_1_50' title='bbox 729 1616 818 1685; x_wconf 89' lang='lat' dir='ltr'><strong>gene</strong></span> <span class='ocrx_word' id='word_1_51' title='bbox 840 1604 1031 1677; x_wconf 72' lang='lat' dir='ltr'><strong>turturee&#39;2,</strong></span> <span class='ocrx_word' id='word_1_52' title='bbox 1056 1622 1165 1666; x_wconf 90' lang='lat' dir='ltr'><strong>nasus</strong></span> <span class='ocrx_word' id='word_1_53' title='bbox 1189 1604 1282 1667; x_wconf 89' lang='lat' dir='ltr'><strong>sicut</strong></span> <span class='ocrx_word' id='word_1_54' title='bbox 1305 1604 1414 1666; x_wconf 89' lang='lat' dir='ltr'><strong>turris</strong></span> <span class='ocrx_word' id='word_1_55' title='bbox 1430 1603 1549 1666; x_wconf 87' lang='lat' dir='ltr'><strong>David</strong></span> <span class='ocrx_word' id='word_1_56' title='bbox 1562 1603 1584 1678; x_wconf 80' lang='lat'><strong>³,</strong></span> <span class='ocrx_word' id='word_1_57' title='bbox 1609 1606 1704 1666; x_wconf 91' lang='lat' dir='ltr'><strong>oculi</strong></span> 
     </span>
     <span class='ocr_line' id='line_1_7' title="bbox 373 1710 1704 1792; baseline -0.002 -18"><span class='ocrx_word' id='word_1_58' title='bbox 373 1713 617 1775; x_wconf 89' lang='lat' dir='ltr'><strong>columbarum</strong></span> <span class='ocrx_word' id='word_1_59' title='bbox 626 1710 648 1785; x_wconf 72' lang='lat'><strong>⁴,</strong></span> <span class='ocrx_word' id='word_1_60' title='bbox 673 1716 789 1774; x_wconf 86' lang='lat' dir='ltr'><strong>crines</strong></span> <span class='ocrx_word' id='word_1_61' title='bbox 814 1712 952 1792; x_wconf 90' lang='lat' dir='ltr'><strong>caprini</strong></span> <span class='ocrx_word' id='word_1_62' title='bbox 962 1710 983 1784; x_wconf 79' lang='lat'><strong>⁵,</strong></span> <span class='ocrx_word' id='word_1_63' title='bbox 1009 1714 1044 1773; x_wconf 91' lang='lat' dir='ltr'><strong>et</strong></span> <span class='ocrx_word' id='word_1_64' title='bbox 1068 1713 1189 1773; x_wconf 88' lang='lat' dir='ltr'><strong>cetera</strong></span> <span class='ocrx_word' id='word_1_65' title='bbox 1213 1730 1282 1791; x_wconf 90' lang='lat' dir='ltr'><strong>que</strong></span> <span class='ocrx_word' id='word_1_66' title='bbox 1305 1711 1483 1773; x_wconf 82' lang='lat' dir='ltr'><strong>habentur</strong></span> <span class='ocrx_word' id='word_1_67' title='bbox 1508 1712 1638 1774; x_wconf 89' lang='lat' dir='ltr'><strong>ineis!</strong></span> <span class='ocrx_word' id='word_1_68' title='bbox 1664 1749 1704 1755; x_wconf 78' lang='lat'><strong>—-</strong></span> 
     </span>
     <span class='ocr_line' id='line_1_8' title="bbox 370 1817 1703 1897; baseline 0.001 -17"><span class='ocrx_word' id='word_1_69' title='bbox 370 1818 408 1881; x_wconf 90' lang='lat' dir='ltr'><strong>Si</strong></span> <span class='ocrx_word' id='word_1_70' title='bbox 423 1820 545 1880; x_wconf 87' lang='lat' dir='ltr'><strong>taliter</strong></span> <span class='ocrx_word' id='word_1_71' title='bbox 567 1819 815 1881; x_wconf 80' lang='lat' dir='ltr'><strong>describerent</strong></span> <span class='ocrx_word' id='word_1_72' title='bbox 830 1820 941 1880; x_wconf 88' lang='lat' dir='ltr'><strong>seculi</strong></span> <span class='ocrx_word' id='word_1_73' title='bbox 957 1821 1059 1880; x_wconf 88' lang='lat' dir='ltr'><strong>vates</strong></span> <span class='ocrx_word' id='word_1_74' title='bbox 1074 1818 1235 1879; x_wconf 90' lang='lat' dir='ltr'><strong>Palladis</strong></span> <span class='ocrx_word' id='word_1_75' title='bbox 1259 1821 1295 1880; x_wconf 91' lang='lat' dir='ltr'><strong>et</strong></span> <span class='ocrx_word' id='word_1_76' title='bbox 1310 1819 1509 1897; x_wconf 88' lang='lat' dir='ltr'><strong>aliquando</strong></span> <span class='ocrx_word' id='word_1_77' title='bbox 1530 1817 1703 1891; x_wconf 75' lang='lat' dir='ltr'><strong>Miner-ve,</strong></span> 
     </span>
     <span class='ocr_line' id='line_1_9' title="bbox 369 1924 1703 2007; baseline 0.001 -21"><span class='ocrx_word' id='word_1_78' title='bbox 369 1926 503 2007; x_wconf 89' lang='lat' dir='ltr'><strong>Dyane,</strong></span> <span class='ocrx_word' id='word_1_79' title='bbox 527 1924 690 1998; x_wconf 90' lang='lat' dir='ltr'><strong>Veneris,</strong></span> <span class='ocrx_word' id='word_1_80' title='bbox 727 1925 880 1987; x_wconf 90' lang='lat' dir='ltr'><strong>Phiscen</strong></span> <span class='ocrx_word' id='word_1_81' title='bbox 904 1928 939 1989; x_wconf 87' lang='lat' dir='ltr'><strong>et</strong></span> <span class='ocrx_word' id='word_1_82' title='bbox 973 1926 1045 1987; x_wconf 88' lang='lat' dir='ltr'><strong>alia</strong></span> <span class='ocrx_word' id='word_1_83' title='bbox 1077 1926 1221 1987; x_wconf 87' lang='lat' dir='ltr'><strong>obiecta</strong></span> <span class='ocrx_word' id='word_1_84' title='bbox 1254 1926 1476 1987; x_wconf 84' lang='lat' dir='ltr'><strong>vulnerantis</strong></span> <span class='ocrx_word' id='word_1_85' title='bbox 1509 1924 1703 2005; x_wconf 87' lang='lat' dir='ltr'><strong>Cupidinis,</strong></span> 
     </span>
     <span class='ocr_line' id='line_1_10' title="bbox 369 2033 1704 2103; baseline 0.001 -10"><span class='ocrx_word' id='word_1_86' title='bbox 369 2034 532 2095; x_wconf 83' lang='lat' dir='ltr'><strong>fortassis</strong></span> <span class='ocrx_word' id='word_1_87' title='bbox 565 2033 751 2103; x_wconf 89' lang='lat' dir='ltr'><strong>siluissem,</strong></span> <span class='ocrx_word' id='word_1_88' title='bbox 788 2033 965 2095; x_wconf 90' lang='lat' dir='ltr'><strong>communi</strong></span> <span class='ocrx_word' id='word_1_89' title='bbox 999 2033 1135 2094; x_wconf 90' lang='lat' dir='ltr'><strong>lectore</strong></span> <span class='ocrx_word' id='word_1_90' title='bbox 1162 2033 1336 2094; x_wconf 90' lang='lat' dir='ltr'><strong>librorum</strong></span> <span class='ocrx_word' id='word_1_91' title='bbox 1352 2036 1367 2066; x_wconf 83' lang='lat'><em>²</em></span> <span class='ocrx_word' id='word_1_92' title='bbox 1391 2033 1599 2094; x_wconf 89' lang='lat' dir='ltr'><strong>eorumdem</strong></span> <span class='ocrx_word' id='word_1_93' title='bbox 1622 2052 1704 2095; x_wconf 92' lang='lat' dir='ltr'><strong>con·</strong></span> 
     </span>
     <span class='ocr_line' id='line_1_11' title="bbox 369 2136 1703 2219; baseline -0.001 -18"><span class='ocrx_word' id='word_1_94' title='bbox 369 2142 497 2202; x_wconf 89' lang='lat' dir='ltr'><strong>tentus.</strong></span> <span class='ocrx_word' id='word_1_95' title='bbox 534 2138 636 2201; x_wconf 89' lang='lat' dir='ltr'><strong>Nunc</strong></span> <span class='ocrx_word' id='word_1_96' title='bbox 659 2158 746 2203; x_wconf 86' lang='lat' dir='ltr'><strong>vero</strong></span> <span class='ocrx_word' id='word_1_97' title='bbox 770 2142 824 2203; x_wconf 87' lang='lat' dir='ltr'><strong>tot</strong></span> <span class='ocrx_word' id='word_1_98' title='bbox 850 2142 887 2202; x_wconf 92' lang='lat' dir='ltr'><strong>et</strong></span> <span class='ocrx_word' id='word_1_99' title='bbox 915 2140 1006 2203; x_wconf 90' lang='lat' dir='ltr'><strong>tales</strong></span> <span class='ocrx_word' id='word_1_100' title='bbox 1034 2140 1218 2219; x_wconf 81' lang='lat' dir='ltr'><strong>sagittavit</strong></span> <span class='ocrx_word' id='word_1_101' title='bbox 1249 2136 1398 2219; x_wconf 83' lang='lat' dir='ltr'><strong>Cupido,</strong></span> <span class='ocrx_word' id='word_1_102' title='bbox 1435 2140 1594 2202; x_wconf 90' lang='lat' dir='ltr'><strong>inretivit</strong></span> <span class='ocrx_word' id='word_1_103' title='bbox 1617 2139 1703 2201; x_wconf 90' lang='lat' dir='ltr'><strong>Vul-</strong></span> 
     </span>
     <span class='ocr_line' id='line_1_12' title="bbox 369 2244 1703 2326; baseline -0.001 -18"><span class='ocrx_word' id='word_1_104' title='bbox 369 2266 489 2317; x_wconf 89' lang='lat' dir='ltr'><strong>canus,</strong></span> <span class='ocrx_word' id='word_1_105' title='bbox 514 2244 666 2308; x_wconf 89' lang='lat' dir='ltr'><strong>Veneris</strong></span> <span class='ocrx_word' id='word_1_106' title='bbox 691 2247 826 2308; x_wconf 86' lang='lat' dir='ltr'><strong>cibavit</strong></span> <span class='ocrx_word' id='word_1_107' title='bbox 848 2245 1059 2319; x_wconf 87' lang='lat' dir='ltr'><strong>Astarsium,</strong></span> <span class='ocrx_word' id='word_1_108' title='bbox 1095 2247 1193 2326; x_wconf 90' lang='lat' dir='ltr'><strong>quod</strong></span> <span class='ocrx_word' id='word_1_109' title='bbox 1215 2246 1368 2308; x_wconf 90' lang='lat' dir='ltr'><strong>vidimus</strong></span> <span class='ocrx_word' id='word_1_110' title='bbox 1397 2247 1548 2325; x_wconf 89' lang='lat' dir='ltr'><strong>antiqua</strong></span> <span class='ocrx_word' id='word_1_111' title='bbox 1571 2248 1703 2309; x_wconf 86' lang='lat' dir='ltr'><strong>bacha·</strong></span> 
     </span>
     <span class='ocr_line' id='line_1_13' title="bbox 369 2346 1965 2433; baseline -0.003 -18"><span class='ocrx_word' id='word_1_112' title='bbox 369 2354 465 2416; x_wconf 88' lang='lat' dir='ltr'><strong>nalia</strong></span> <span class='ocrx_word' id='word_1_113' title='bbox 488 2356 662 2417; x_wconf 85' lang='lat' dir='ltr'><strong>renovata</strong></span> <span class='ocrx_word' id='word_1_114' title='bbox 683 2346 714 2431; x_wconf 75' lang='grc' dir='ltr'><strong>ΙΙ,</strong></span> <span class='ocrx_word' id='word_1_115' title='bbox 740 2355 874 2415; x_wconf 89' lang='lat' dir='ltr'><strong>cultum</strong></span> <span class='ocrx_word' id='word_1_116' title='bbox 908 2354 1069 2415; x_wconf 88' lang='lat' dir='ltr'><strong>divinum</strong></span> <span class='ocrx_word' id='word_1_117' title='bbox 1093 2355 1306 2425; x_wconf 90' lang='lat' dir='ltr'><strong>submotum,</strong></span> <span class='ocrx_word' id='word_1_118' title='bbox 1338 2354 1547 2433; x_wconf 82' lang='lat' dir='ltr'><strong>religionem</strong></span> <span class='ocrx_word' id='word_1_119' title='bbox 1570 2355 1703 2416; x_wconf 86' lang='lat' dir='ltr'><strong>extinc·</strong></span> <span class='ocrx_word' id='word_1_120' title='bbox 1716 2347 1849 2411; x_wconf 75' lang='lat' dir='ltr'><strong>L10210</strong></span> <span class='ocrx_word' id='word_1_121' title='bbox 1872 2350 1965 2411; x_wconf 82' lang='lat' dir='ltr'><strong>B86¹</strong></span> 
     </span>
     <span class='ocr_line' id='line_1_14' title="bbox 368 2459 1703 2540; baseline 0.001 -19"><span class='ocrx_word' id='word_1_122' title='bbox 368 2464 452 2535; x_wconf 87' lang='lat' dir='ltr'><strong>tam,</strong></span> <span class='ocrx_word' id='word_1_123' title='bbox 478 2464 666 2540; x_wconf 88' lang='lat' dir='ltr'><strong>corruptos</strong></span> <span class='ocrx_word' id='word_1_124' title='bbox 681 2478 808 2532; x_wconf 90' lang='lat' dir='ltr'><strong>mores,</strong></span> <span class='ocrx_word' id='word_1_125' title='bbox 823 2461 996 2522; x_wconf 86' lang='lat' dir='ltr'><strong>&#39;beluinos</strong></span> <span class='ocrx_word' id='word_1_126' title='bbox 1018 2461 1179 2523; x_wconf 85' lang='lat' dir='ltr'><strong>homines</strong></span> <span class='ocrx_word' id='word_1_127' title='bbox 1204 2463 1239 2522; x_wconf 90' lang='lat' dir='ltr'><strong>et</strong></span> <span class='ocrx_word' id='word_1_128' title='bbox 1260 2462 1388 2522; x_wconf 89' lang='lat' dir='ltr'><strong>cuncta</strong></span> <span class='ocrx_word' id='word_1_129' title='bbox 1412 2459 1574 2522; x_wconf 88' lang='lat' dir='ltr'><strong>confusa.</strong></span> <span class='ocrx_word' id='word_1_130' title='bbox 1599 2460 1703 2522; x_wconf 91' lang='lat' dir='ltr'><strong>Unde</strong></span> 
     </span>
     <span class='ocr_line' id='line_1_15' title="bbox 368 2567 1702 2647; baseline 0.001 -19"><span class='ocrx_word' id='word_1_131' title='bbox 368 2567 453 2628; x_wconf 90' lang='lat' dir='ltr'><strong>mihi</strong></span> <span class='ocrx_word' id='word_1_132' title='bbox 476 2568 586 2631; x_wconf 89' lang='lat' dir='ltr'><strong>licere</strong></span> <span class='ocrx_word' id='word_1_133' title='bbox 608 2568 790 2647; x_wconf 86' lang='lat' dir='ltr'><strong>putabam,</strong></span> <span class='ocrx_word' id='word_1_134' title='bbox 816 2586 895 2629; x_wconf 91' lang='lat' dir='ltr'><strong>cum</strong></span> <span class='ocrx_word' id='word_1_135' title='bbox 918 2568 1076 2647; x_wconf 88' lang='lat' dir='ltr'><strong>quodam</strong></span> <span class='ocrx_word' id='word_1_136' title='bbox 1098 2586 1246 2629; x_wconf 90' lang='lat' dir='ltr'><strong>suorum</strong></span> <span class='ocrx_word' id='word_1_137' title='bbox 1270 2568 1401 2629; x_wconf 85' lang='lat' dir='ltr'><strong>civium</strong></span> <span class='ocrx_word' id='word_1_138' title='bbox 1423 2570 1459 2629; x_wconf 87' lang='lat' dir='ltr'><strong>et</strong></span> <span class='ocrx_word' id='word_1_139' title='bbox 1473 2569 1594 2647; x_wconf 89' lang='lat' dir='ltr'><strong>patrie</strong></span> <span class='ocrx_word' id='word_1_140' title='bbox 1610 2569 1702 2629; x_wconf 92' lang='lat' dir='ltr'><strong>zela·</strong></span> 
     </span>
     <span class='ocr_line' id='line_1_16' title="bbox 368 2670 1702 2747; baseline 0.001 -11"><span class='ocrx_word' id='word_1_141' title='bbox 368 2679 446 2736; x_wconf 89' lang='lat' dir='ltr'><strong>tore</strong></span> <span class='ocrx_word' id='word_1_142' title='bbox 470 2676 647 2737; x_wconf 81' lang='lat' dir='ltr'><strong>referente</strong></span> <span class='ocrx_word' id='word_1_143' title='bbox 674 2670 917 2747; x_wconf 88' lang='lat' dir='ltr'><strong>Titulivio,</strong></span> <span class='ocrx_word' id='word_1_144' title='bbox 943 2675 1035 2737; x_wconf 91' lang='lat' dir='ltr'><strong>libro</strong></span> <span class='ocrx_word' id='word_1_145' title='bbox 1051 2692 1144 2737; x_wconf 90' lang='lat' dir='ltr'><strong>nono</strong></span> <span class='ocrx_word' id='word_1_146' title='bbox 1167 2674 1230 2735; x_wconf 93' lang='lat' dir='ltr'><strong>De</strong></span> <span class='ocrx_word' id='word_1_147' title='bbox 1253 2673 1380 2736; x_wconf 90' lang='lat' dir='ltr'><strong>Bello</strong></span> <span class='ocrx_word' id='word_1_148' title='bbox 1402 2673 1702 2738; x_wconf 83' lang='lat' dir='ltr'><strong>Macedonico</strong></span> 
     </span>
     <span class='ocr_line' id='line_1_17' title="bbox 369 2779 1702 2862; baseline 0 -19"><span class='ocrx_word' id='word_1_149' title='bbox 369 2800 446 2862; x_wconf 87' lang='lat' dir='ltr'><strong>cap.</strong></span> <span class='ocrx_word' id='word_1_150' title='bbox 457 2792 497 2843; x_wconf 93' lang='lat'><strong>111</strong></span> <span class='ocrx_word' id='word_1_151' title='bbox 511 2799 627 2855; x_wconf 90' lang='lat' dir='ltr'><strong>orare,</strong></span> <span class='ocrx_word' id='word_1_152' title='bbox 644 2782 805 2843; x_wconf 88' lang='lat' dir='ltr'><strong>dicente:</strong></span> <span class='ocrx_word' id='word_1_153' title='bbox 825 2779 964 2843; x_wconf 79' lang='lat' dir='ltr'><strong>«Nichil</strong></span> <span class='ocrx_word' id='word_1_154' title='bbox 981 2783 1074 2843; x_wconf 92' lang='lat' dir='ltr'><strong>enim</strong></span> <span class='ocrx_word' id='word_1_155' title='bbox 1091 2784 1127 2842; x_wconf 93' lang='lat' dir='ltr'><strong>in</strong></span> <span class='ocrx_word' id='word_1_156' title='bbox 1144 2782 1300 2861; x_wconf 89' lang='lat' dir='ltr'><strong>speciem</strong></span> <span class='ocrx_word' id='word_1_157' title='bbox 1316 2782 1480 2843; x_wconf 86' lang='lat' dir='ltr'><strong>iallacius</strong></span> <span class='ocrx_word' id='word_1_158' title='bbox 1498 2800 1578 2843; x_wconf 88' lang='lat' dir='ltr'><strong>esse</strong></span> <span class='ocrx_word' id='word_1_159' title='bbox 1595 2800 1702 2861; x_wconf 87' lang='lat' dir='ltr'><strong>quam</strong></span> 
     </span>
     <span class='ocr_line' id='line_1_18' title="bbox 366 2888 1702 2968; baseline 0 -19"><span class='ocrx_word' id='word_1_160' title='bbox 366 2907 481 2968; x_wconf 84' lang='lat' dir='ltr'><strong>prava</strong></span> <span class='ocrx_word' id='word_1_161' title='bbox 504 2888 637 2968; x_wconf 88' lang='lat' dir='ltr'><strong>religio,</strong></span> <span class='ocrx_word' id='word_1_162' title='bbox 662 2889 723 2950; x_wconf 92' lang='lat' dir='ltr'><strong>ubi</strong></span> <span class='ocrx_word' id='word_1_163' title='bbox 747 2888 896 2950; x_wconf 89' lang='lat' dir='ltr'><strong>deorum</strong></span> <span class='ocrx_word' id='word_1_164' title='bbox 920 2906 1050 2950; x_wconf 90' lang='lat' dir='ltr'><strong>numen</strong></span> <span class='ocrx_word' id='word_1_165' title='bbox 1072 2888 1300 2968; x_wconf 89' lang='lat' dir='ltr'><strong>pretenditur</strong></span> <span class='ocrx_word' id='word_1_166' title='bbox 1322 2888 1482 2961; x_wconf 90' lang='lat' dir='ltr'><strong>celerius,</strong></span> <span class='ocrx_word' id='word_1_167' title='bbox 1509 2890 1612 2950; x_wconf 90' lang='lat' dir='ltr'><strong>subit</strong></span> <span class='ocrx_word' id='word_1_168' title='bbox 1627 2889 1702 2950; x_wconf 90' lang='lat' dir='ltr'><strong>ani·</strong></span> 
     </span>
     <span class='ocr_line' id='line_1_19' title="bbox 367 2994 1703 3075; baseline 0 -18"><span class='ocrx_word' id='word_1_169' title='bbox 367 3014 463 3057; x_wconf 92' lang='lat' dir='ltr'><strong>mum</strong></span> <span class='ocrx_word' id='word_1_170' title='bbox 486 2996 601 3069; x_wconf 90' lang='lat' dir='ltr'><strong>timor,</strong></span> <span class='ocrx_word' id='word_1_171' title='bbox 626 3014 672 3058; x_wconf 93' lang='lat' dir='ltr'><strong>ne</strong></span> <span class='ocrx_word' id='word_1_172' title='bbox 694 2994 882 3057; x_wconf 79' lang='lat' dir='ltr'><strong>fraudibus</strong></span> <span class='ocrx_word' id='word_1_173' title='bbox 905 2995 1068 3057; x_wconf 88' lang='lat' dir='ltr'><strong>humanis</strong></span> <span class='ocrx_word' id='word_1_174' title='bbox 1092 2996 1294 3057; x_wconf 89' lang='lat' dir='ltr'><strong>indicandis</strong></span> <span class='ocrx_word' id='word_1_175' title='bbox 1318 2996 1430 3057; x_wconf 89' lang='lat' dir='ltr'><strong>divini</strong></span> <span class='ocrx_word' id='word_1_176' title='bbox 1453 2996 1541 3057; x_wconf 89' lang='lat' dir='ltr'><strong>iuris</strong></span> <span class='ocrx_word' id='word_1_177' title='bbox 1565 2996 1703 3075; x_wconf 86' lang='lat' dir='ltr'><strong>aliquid</strong></span> 
     </span>
     <span class='ocr_line' id='line_1_20' title="bbox 367 3102 1701 3183; baseline 0.001 -21"><span class='ocrx_word' id='word_1_178' title='bbox 367 3103 563 3164; x_wconf 86' lang='lat' dir='ltr'><strong>immixtum</strong></span> <span class='ocrx_word' id='word_1_179' title='bbox 577 3102 759 3166; x_wconf 89' lang='lat' dir='ltr'><strong>violemus.</strong></span> <span class='ocrx_word' id='word_1_180' title='bbox 785 3102 864 3164; x_wconf 92' lang='lat' dir='ltr'><strong>Hac</strong></span> <span class='ocrx_word' id='word_1_181' title='bbox 885 3120 949 3165; x_wconf 93' lang='lat' dir='ltr'><strong>nos</strong></span> <span class='ocrx_word' id='word_1_182' title='bbox 974 3103 1144 3183; x_wconf 83' lang='lat' dir='ltr'><strong>religione</strong></span> <span class='ocrx_word' id='word_1_183' title='bbox 1168 3103 1396 3164; x_wconf 84' lang='lat' dir='ltr'><strong>invariabilia</strong></span> <span class='ocrx_word' id='word_1_184' title='bbox 1420 3103 1570 3164; x_wconf 90' lang='lat' dir='ltr'><strong>decreta</strong></span> <span class='ocrx_word' id='word_1_185' title='bbox 1586 3104 1701 3182; x_wconf 88' lang='lat' dir='ltr'><strong>ponti-</strong></span> 
     </span>
     <span class='ocr_line' id='line_1_21' title="bbox 365 3209 1699 3290; baseline 0.001 -20"><span class='ocrx_word' id='word_1_186' title='bbox 365 3209 483 3281; x_wconf 79' lang='lat' dir='ltr'><strong>ficum,</strong></span> <span class='ocrx_word' id='word_1_187' title='bbox 522 3212 666 3271; x_wconf 87' lang='lat' dir='ltr'><strong>senatus</strong></span> <span class='ocrx_word' id='word_1_188' title='bbox 691 3210 863 3281; x_wconf 90' lang='lat' dir='ltr'><strong>consulta,</strong></span> <span class='ocrx_word' id='word_1_189' title='bbox 900 3210 1130 3289; x_wconf 89' lang='lat' dir='ltr'><strong>auruspicum</strong></span> <span class='ocrx_word' id='word_1_190' title='bbox 1154 3210 1309 3289; x_wconf 90' lang='lat' dir='ltr'><strong>denique</strong></span> <span class='ocrx_word' id='word_1_191' title='bbox 1337 3228 1510 3290; x_wconf 89' lang='lat' dir='ltr'><strong>responsa</strong></span> <span class='ocrx_word' id='word_1_192' title='bbox 1534 3210 1699 3281; x_wconf 87' lang='lat' dir='ltr'><strong>liberant,</strong></span> 
     </span>
     <span class='ocr_line' id='line_1_22' title="bbox 367 3315 1700 3397; baseline 0 -20"><span class='ocrx_word' id='word_1_193' title='bbox 367 3317 536 3395; x_wconf 89' lang='lat' dir='ltr'><strong>quociens</strong></span> <span class='ocrx_word' id='word_1_194' title='bbox 571 3315 639 3378; x_wconf 93' lang='lat' dir='ltr'><strong>hoc</strong></span> <span class='ocrx_word' id='word_1_195' title='bbox 661 3318 805 3396; x_wconf 89' lang='lat' dir='ltr'><strong>patrum</strong></span> <span class='ocrx_word' id='word_1_196' title='bbox 828 3335 1048 3396; x_wconf 86' lang='lat' dir='ltr'><strong>avorumque</strong></span> <span class='ocrx_word' id='word_1_197' title='bbox 1083 3319 1179 3380; x_wconf 86' lang='lat' dir='ltr'><strong>etate</strong></span> <span class='ocrx_word' id='word_1_198' title='bbox 1213 3317 1481 3396; x_wconf 88' lang='lat' dir='ltr'><strong>magistratibus</strong></span> <span class='ocrx_word' id='word_1_199' title='bbox 1516 3318 1700 3397; x_wconf 88' lang='lat' dir='ltr'><strong>negocium</strong></span> 
     </span>
     <span class='ocr_line' id='line_1_23' title="bbox 364 3422 1700 3503; baseline 0 -18"><span class='ocrx_word' id='word_1_200' title='bbox 364 3424 489 3485; x_wconf 87' lang='lat' dir='ltr'><strong>datum</strong></span> <span class='ocrx_word' id='word_1_201' title='bbox 513 3425 568 3486; x_wconf 87' lang='lat' dir='ltr'><strong>est</strong></span> <span class='ocrx_word' id='word_1_202' title='bbox 590 3424 643 3484; x_wconf 86' lang='lat' dir='ltr'><strong>uti</strong></span> <span class='ocrx_word' id='word_1_203' title='bbox 667 3442 772 3485; x_wconf 86' lang='lat' dir='ltr'><strong>sacra</strong></span> <span class='ocrx_word' id='word_1_204' title='bbox 796 3426 943 3486; x_wconf 86' lang='lat' dir='ltr'><strong>externa</strong></span> <span class='ocrx_word' id='word_1_205' title='bbox 966 3422 1047 3484; x_wconf 88' lang='lat' dir='ltr'><strong>fieri</strong></span> <span class='ocrx_word' id='word_1_206' title='bbox 1070 3425 1245 3496; x_wconf 86' lang='lat' dir='ltr'><strong>vetarent,</strong></span> <span class='ocrx_word' id='word_1_207' title='bbox 1276 3422 1499 3485; x_wconf 88' lang='lat' dir='ltr'><strong>sacrificulos</strong></span> <span class='ocrx_word' id='word_1_208' title='bbox 1526 3426 1700 3503; x_wconf 85' lang='lat' dir='ltr'><strong>vatesque</strong></span> 
     </span>
    </p>
   </div>
   <div class='ocr_carea' id='block_1_3' title="bbox 471 3927 734 3992">
    <p class='ocr_par' dir='ltr' id='par_1_3' title="bbox 471 3927 734 3992">
     <span class='ocr_line' id='line_1_24' title="bbox 471 3927 734 3992; baseline 0.004 -13"><span class='ocrx_word' id='word_1_209' title='bbox 471 3932 503 3992; x_wconf 86' lang='lat' dir='ltr'><strong>a)</strong></span> <span class='ocrx_word' id='word_1_210' title='bbox 522 3952 557 3961; x_wconf 94' lang='lat'><em>-</em></span> <span class='ocrx_word' id='word_1_211' title='bbox 575 3927 734 3980; x_wconf 88' lang='lat' dir='ltr'><strong>librorum.</strong></span> 
     </span>
    </p>
   </div>
   <div class='ocr_carea' id='block_1_4' title="bbox 361 4102 1699 4873">
    <p class='ocr_par' dir='ltr' id='par_1_4' title="bbox 361 4102 1699 4873">
     <span class='ocr_line' id='line_1_25' title="bbox 471 4102 1699 4173; baseline 0.002 -17"><span class='ocrx_word' id='word_1_212' title='bbox 471 4102 492 4170; x_wconf 81' lang='grc' dir='ltr'><strong>ι)</strong></span> <span class='ocrx_word' id='word_1_213' title='bbox 517 4104 671 4158; x_wconf 89' lang='lat' dir='ltr'><strong>Dominici</strong></span> <span class='ocrx_word' id='word_1_214' title='bbox 695 4106 815 4172; x_wconf 76' lang='lat' dir='ltr'><strong>repond</strong></span> <span class='ocrx_word' id='word_1_215' title='bbox 839 4105 879 4157; x_wconf 91' lang='lat' dir='ltr'><strong>ici</strong></span> <span class='ocrx_word' id='word_1_216' title='bbox 898 4104 916 4157; x_wconf 74' lang='lat' dir='ltr'><strong>i</strong></span> <span class='ocrx_word' id='word_1_217' title='bbox 934 4105 1111 4173; x_wconf 88' lang='lat' dir='ltr'><strong>l&#39;objection</strong></span> <span class='ocrx_word' id='word_1_218' title='bbox 1136 4120 1197 4173; x_wconf 90' lang='lat' dir='ltr'><strong>que</strong></span> <span class='ocrx_word' id='word_1_219' title='bbox 1221 4104 1325 4159; x_wconf 85' lang='lat' dir='ltr'><strong>iaisait</strong></span> <span class='ocrx_word' id='word_1_220' title='bbox 1343 4105 1475 4159; x_wconf 89' lang='lat' dir='ltr'><strong>Salutati</strong></span> <span class='ocrx_word' id='word_1_221' title='bbox 1499 4106 1578 4158; x_wconf 88' lang='lat' dir='ltr'><strong>dans</strong></span> <span class='ocrx_word' id='word_1_222' title='bbox 1597 4121 1633 4159; x_wconf 89' lang='lat' dir='ltr'><strong>sa</strong></span> <span class='ocrx_word' id='word_1_223' title='bbox 1651 4106 1699 4167; x_wconf 73' lang='lat' dir='ltr'><strong>re·</strong></span> 
     </span>
     <span class='ocr_line' id='line_1_26' title="bbox 363 4193 1699 4260; baseline 0 -13"><span class='ocrx_word' id='word_1_224' title='bbox 363 4208 462 4260; x_wconf 89' lang='lat' dir='ltr'><strong>ponse</strong></span> <span class='ocrx_word' id='word_1_225' title='bbox 481 4193 500 4246; x_wconf 75' lang='lat' dir='ltr'><strong>a</strong></span> <span class='ocrx_word' id='word_1_226' title='bbox 517 4193 565 4247; x_wconf 88' lang='lat' dir='ltr'><strong>ira</strong></span> <span class='ocrx_word' id='word_1_227' title='bbox 579 4194 667 4247; x_wconf 86' lang='lat' dir='ltr'><strong>Giov.</strong></span> <span class='ocrx_word' id='word_1_228' title='bbox 679 4194 720 4247; x_wconf 89' lang='lat' dir='ltr'><strong>da</strong></span> <span class='ocrx_word' id='word_1_229' title='bbox 736 4193 952 4247; x_wconf 87' lang='lat' dir='ltr'><strong>Samminiato:</strong></span> <span class='ocrx_word' id='word_1_230' title='bbox 974 4195 1073 4247; x_wconf 82' lang='lat' dir='ltr'><strong>«Nam</strong></span> <span class='ocrx_word' id='word_1_231' title='bbox 1092 4195 1150 4247; x_wconf 81' lang='lat' dir='ltr'><strong>etsi</strong></span> <span class='ocrx_word' id='word_1_232' title='bbox 1169 4194 1295 4247; x_wconf 85' lang='lat' dir='ltr'><strong>Cantica</strong></span> <span class='ocrx_word' id='word_1_233' title='bbox 1314 4194 1509 4248; x_wconf 87' lang='lat' dir='ltr'><strong>Canticorum</strong></span> <span class='ocrx_word' id='word_1_234' title='bbox 1528 4197 1699 4249; x_wconf 87' lang='lat' dir='ltr'><strong>secundum</strong></span> 
     </span>
     <span class='ocr_line' id='line_1_27' title="bbox 363 4283 1698 4354; baseline 0.002 -20"><span class='ocrx_word' id='word_1_235' title='bbox 363 4283 498 4336; x_wconf 87' lang='lat' dir='ltr'><strong>litteram</strong></span> <span class='ocrx_word' id='word_1_236' title='bbox 516 4284 672 4350; x_wconf 89' lang='lat' dir='ltr'><strong>inspicias,</strong></span> <span class='ocrx_word' id='word_1_237' title='bbox 690 4284 765 4350; x_wconf 89' lang='lat' dir='ltr'><strong>quid</strong></span> <span class='ocrx_word' id='word_1_238' title='bbox 783 4286 921 4350; x_wconf 89' lang='lat' dir='ltr'><strong>reperies</strong></span> <span class='ocrx_word' id='word_1_239' title='bbox 939 4285 972 4337; x_wconf 88' lang='lat' dir='ltr'><strong>in</strong></span> <span class='ocrx_word' id='word_1_240' title='bbox 990 4285 1092 4351; x_wconf 85' lang='lat' dir='ltr'><strong>poetis</strong></span> <span class='ocrx_word' id='word_1_241' title='bbox 1107 4284 1203 4354; x_wconf 87' lang='lat' dir='ltr'><strong>magis</strong></span> <span class='ocrx_word' id='word_1_242' title='bbox 1215 4285 1399 4338; x_wconf 85' lang='lat' dir='ltr'><strong>amatorium</strong></span> <span class='ocrx_word' id='word_1_243' title='bbox 1411 4287 1505 4352; x_wconf 88' lang='lat' dir='ltr'><strong>atque</strong></span> <span class='ocrx_word' id='word_1_244' title='bbox 1517 4285 1698 4348; x_wconf 87' lang='lat' dir='ltr'><strong>bucolicum,</strong></span> 
     </span>
     <span class='ocr_line' id='line_1_28' title="bbox 362 4371 1699 4441; baseline 0.001 -17"><span class='ocrx_word' id='word_1_245' title='bbox 362 4372 436 4439; x_wconf 91' lang='lat' dir='ltr'><strong>quid</strong></span> <span class='ocrx_word' id='word_1_246' title='bbox 454 4373 506 4424; x_wconf 84' lang='lat' dir='ltr'><strong>vel</strong></span> <span class='ocrx_word' id='word_1_247' title='bbox 525 4386 604 4439; x_wconf 89' lang='lat' dir='ltr'><strong>eque</strong></span> <span class='ocrx_word' id='word_1_248' title='bbox 628 4371 777 4425; x_wconf 81' lang='lat' dir='ltr'><strong>lascivum</strong></span> <span class='ocrx_word' id='word_1_249' title='bbox 797 4376 827 4426; x_wconf 90' lang='lat' dir='ltr'><strong>et</strong></span> <span class='ocrx_word' id='word_1_250' title='bbox 847 4374 931 4440; x_wconf 89' lang='lat' dir='ltr'><strong>quod</strong></span> <span class='ocrx_word' id='word_1_251' title='bbox 956 4374 1095 4440; x_wconf 85' lang='lat' dir='ltr'><strong>apertius</strong></span> <span class='ocrx_word' id='word_1_252' title='bbox 1114 4374 1146 4425; x_wconf 91' lang='lat' dir='ltr'><strong>in</strong></span> <span class='ocrx_word' id='word_1_253' title='bbox 1172 4373 1334 4426; x_wconf 90' lang='lat' dir='ltr'><strong>libidinum</strong></span> <span class='ocrx_word' id='word_1_254' title='bbox 1354 4375 1497 4441; x_wconf 91' lang='lat' dir='ltr'><strong>penetret</strong></span> <span class='ocrx_word' id='word_1_255' title='bbox 1515 4373 1699 4428; x_wconf 73' lang='lat' dir='ltr'><strong>feditatem?</strong></span> 
     </span>
     <span class='ocr_line' id='line_1_29' title="bbox 362 4461 1698 4530; baseline 0 -15"><span class='ocrx_word' id='word_1_256' title='bbox 362 4462 415 4528; x_wconf 90' lang='lat' dir='ltr'><strong>qui</strong></span> <span class='ocrx_word' id='word_1_257' title='bbox 433 4461 523 4526; x_wconf 89' lang='lat' dir='ltr'><strong>liber,</strong></span> <span class='ocrx_word' id='word_1_258' title='bbox 541 4462 569 4513; x_wconf 87' lang='lat' dir='ltr'><strong>si</strong></span> <span class='ocrx_word' id='word_1_259' title='bbox 588 4463 674 4517; x_wconf 87' lang='lat' dir='ltr'><strong>recte</strong></span> <span class='ocrx_word' id='word_1_260' title='bbox 691 4462 880 4525; x_wconf 89' lang='lat' dir='ltr'><strong>consideres,</strong></span> <span class='ocrx_word' id='word_1_261' title='bbox 905 4465 1015 4529; x_wconf 84' lang='lat' dir='ltr'><strong>poetas</strong></span> <span class='ocrx_word' id='word_1_262' title='bbox 1033 4477 1143 4516; x_wconf 88' lang='lat' dir='ltr'><strong>omnes</strong></span> <span class='ocrx_word' id='word_1_263' title='bbox 1162 4478 1180 4515; x_wconf 85' lang='lat' dir='ltr'><strong>a</strong></span> <span class='ocrx_word' id='word_1_264' title='bbox 1199 4464 1351 4516; x_wconf 88' lang='lat' dir='ltr'><strong>sermonis</strong></span> <span class='ocrx_word' id='word_1_265' title='bbox 1369 4464 1539 4530; x_wconf 88' lang='lat' dir='ltr'><strong>spurcitate</strong></span> <span class='ocrx_word' id='word_1_266' title='bbox 1558 4463 1698 4517; x_wconf 82' lang='lat' dir='ltr'><strong>defendit</strong></span> 
     </span>
     <span class='ocr_line' id='line_1_30' title="bbox 362 4550 1698 4619; baseline 0.001 -16"><span class='ocrx_word' id='word_1_267' title='bbox 362 4552 393 4603; x_wconf 89' lang='lat' dir='ltr'><strong>et</strong></span> <span class='ocrx_word' id='word_1_268' title='bbox 410 4566 430 4604; x_wconf 87' lang='lat' dir='ltr'><strong>a</strong></span> <span class='ocrx_word' id='word_1_269' title='bbox 454 4550 593 4619; x_wconf 80' lang='lat' dir='ltr'><strong>tingendi</strong></span> <span class='ocrx_word' id='word_1_270' title='bbox 610 4552 748 4604; x_wconf 84' lang='lat' dir='ltr'><strong>vindicat</strong></span> <span class='ocrx_word' id='word_1_271' title='bbox 774 4554 837 4604; x_wconf 85' lang='lat' dir='ltr'><strong>tam</strong></span> <span class='ocrx_word' id='word_1_272' title='bbox 856 4552 987 4605; x_wconf 85' lang='lat' dir='ltr'><strong>andacia</strong></span> <span class='ocrx_word' id='word_1_273' title='bbox 1011 4566 1106 4619; x_wconf 89' lang='lat' dir='ltr'><strong>quam</strong></span> <span class='ocrx_word' id='word_1_274' title='bbox 1132 4552 1345 4606; x_wconf 82' lang='lat' dir='ltr'><strong>curiositate».</strong></span> <span class='ocrx_word' id='word_1_275' title='bbox 1372 4553 1572 4619; x_wconf 83' lang='lat' dir='ltr'><strong>Epistotario,</strong></span> <span class='ocrx_word' id='word_1_276' title='bbox 1598 4553 1698 4616; x_wconf 86' lang='lat' dir='ltr'><strong>1v-1P,</strong></span> 
     </span>
     <span class='ocr_line' id='line_1_31' title="bbox 362 4639 1698 4710; baseline 0.001 -18"><span class='ocrx_word' id='word_1_277' title='bbox 362 4655 391 4706; x_wconf 90' lang='lat' dir='ltr'><strong>p.</strong></span> <span class='ocrx_word' id='word_1_278' title='bbox 411 4640 472 4694; x_wconf 79' lang='lat'>198.</span> <span class='ocrx_word' id='word_1_279' title='bbox 496 4667 524 4677; x_wconf 92' lang='lat'>-</span> <span class='ocrx_word' id='word_1_280' title='bbox 547 4640 591 4693; x_wconf 89' lang='lat' dir='ltr'><strong>Ci.</strong></span> <span class='ocrx_word' id='word_1_281' title='bbox 605 4640 633 4693; x_wconf 89' lang='lat' dir='ltr'><strong>S.</strong></span> <span class='ocrx_word' id='word_1_282' title='bbox 652 4641 785 4693; x_wconf 78' lang='lat' dir='ltr'>HIERON.</span> <span class='ocrx_word' id='word_1_283' title='bbox 804 4639 926 4694; x_wconf 80' lang='lat' dir='ltr'><strong>Advers</strong></span> <span class='ocrx_word' id='word_1_284' title='bbox 943 4643 1037 4694; x_wconf 76' lang='lat' dir='ltr'><strong>Iovia.</strong></span> <span class='ocrx_word' id='word_1_285' title='bbox 1056 4642 1143 4705; x_wconf 87' lang='lat' dir='ltr'><strong>lib.1,</strong></span> <span class='ocrx_word' id='word_1_286' title='bbox 1161 4641 1205 4695; x_wconf 81' lang='grc'><strong>30.</strong></span> <span class='ocrx_word' id='word_1_287' title='bbox 1224 4642 1260 4694; x_wconf 89' lang='lat' dir='ltr'><strong>In</strong></span> <span class='ocrx_word' id='word_1_288' title='bbox 1276 4641 1368 4708; x_wconf 87' lang='lat' dir='ltr'><strong>Oper.</strong></span> <span class='ocrx_word' id='word_1_289' title='bbox 1384 4642 1420 4704; x_wconf 87' lang='lat'><strong>11,</strong></span> <span class='ocrx_word' id='word_1_290' title='bbox 1440 4642 1494 4695; x_wconf 80' lang='lat'><strong>2⁶3</strong></span> <span class='ocrx_word' id='word_1_291' title='bbox 1515 4658 1560 4710; x_wconf 88' lang='lat' dir='ltr'><strong>sq.</strong></span> <span class='ocrx_word' id='word_1_292' title='bbox 1580 4642 1698 4709; x_wconf 88' lang='lat' dir='ltr'><strong>Cepen·</strong></span> 
     </span>
     <span class='ocr_line' id='line_1_32' title="bbox 361 4729 1698 4798; baseline 0.001 -16"><span class='ocrx_word' id='word_1_293' title='bbox 361 4730 445 4793; x_wconf 88' lang='lat' dir='ltr'><strong>dant,</strong></span> <span class='ocrx_word' id='word_1_294' title='bbox 463 4744 583 4783; x_wconf 86' lang='lat' dir='ltr'><strong>aucune</strong></span> <span class='ocrx_word' id='word_1_295' title='bbox 600 4729 730 4783; x_wconf 71' lang='lat' dir='ltr'><strong>ddieuse</strong></span> <span class='ocrx_word' id='word_1_296' title='bbox 747 4730 801 4798; x_wconf 88' lang='lat' dir='ltr'><strong>n’y</strong></span> <span class='ocrx_word' id='word_1_297' title='bbox 819 4732 866 4783; x_wconf 89' lang='lat' dir='ltr'><strong>est</strong></span> <span class='ocrx_word' id='word_1_298' title='bbox 883 4729 1036 4784; x_wconf 65' lang='lat' dir='ltr'><strong>iormulte</strong></span> <span class='ocrx_word' id='word_1_299' title='bbox 1056 4732 1165 4783; x_wconf 88' lang='lat' dir='ltr'><strong>contre</strong></span> <span class='ocrx_word' id='word_1_300' title='bbox 1183 4731 1214 4783; x_wconf 85' lang='lat' dir='ltr'><strong>la</strong></span> <span class='ocrx_word' id='word_1_301' title='bbox 1232 4732 1350 4785; x_wconf 88' lang='lat' dir='ltr'><strong>tecture</strong></span> <span class='ocrx_word' id='word_1_302' title='bbox 1368 4732 1409 4783; x_wconf 88' lang='lat' dir='ltr'><strong>de</strong></span> <span class='ocrx_word' id='word_1_303' title='bbox 1427 4746 1463 4784; x_wconf 91' lang='lat' dir='ltr'><strong>ce</strong></span> <span class='ocrx_word' id='word_1_304' title='bbox 1482 4732 1562 4784; x_wconf 82' lang='lat' dir='ltr'><strong>livre</strong></span> <span class='ocrx_word' id='word_1_305' title='bbox 1581 4746 1639 4798; x_wconf 92' lang='lat' dir='ltr'><strong>par</strong></span> <span class='ocrx_word' id='word_1_306' title='bbox 1651 4732 1698 4783; x_wconf 87' lang='lat' dir='ltr'><strong>les</strong></span> 
     </span>
     <span class='ocr_line' id='line_1_33' title="bbox 361 4816 503 4873; baseline 0.021 -4"><span class='ocrx_word' id='word_1_307' title='bbox 361 4816 503 4873; x_wconf 82' lang='lat' dir='ltr'><strong>lemmes.</strong></span> 
     </span>
    </p>
   </div>
   <div class='ocr_carea' id='block_1_5' title="bbox 468 4915 1247 5282">
    <p class='ocr_par' dir='ltr' id='par_1_5' title="bbox 471 4915 746 4983">
     <span class='ocr_line' id='line_1_34' title="bbox 471 4915 746 4983; baseline 0.004 -13"><span class='ocrx_word' id='word_1_308' title='bbox 471 4915 491 4983; x_wconf 78' lang='lat'><strong>²)</strong></span> <span class='ocrx_word' id='word_1_309' title='bbox 510 4917 554 4971; x_wconf 76' lang='lat' dir='ltr'><strong>cf.</strong></span> <span class='ocrx_word' id='word_1_310' title='bbox 576 4918 660 4971; x_wconf 81' lang='lat' dir='ltr'><strong>Cant.</strong></span> <span class='ocrx_word' id='word_1_311' title='bbox 680 4919 701 4981; x_wconf 94' lang='lat' dir='ltr'><strong>I,</strong></span> <span class='ocrx_word' id='word_1_312' title='bbox 720 4918 746 4973; x_wconf 88' lang='lat'><strong>9.</strong></span> 
     </span>
    </p>

    <p class='ocr_par' dir='ltr' id='par_1_6' title="bbox 470 5012 1114 5081">
     <span class='ocr_line' id='line_1_35' title="bbox 470 5012 1114 5081; baseline 0.005 -13"><span class='ocrx_word' id='word_1_313' title='bbox 470 5012 490 5081; x_wconf 74' lang='lat'><strong>³)</strong></span> <span class='ocrx_word' id='word_1_314' title='bbox 508 5017 584 5070; x_wconf 83' lang='lat' dir='ltr'><strong>ibid.</strong></span> <span class='ocrx_word' id='word_1_315' title='bbox 602 5016 666 5081; x_wconf 87' lang='lat' dir='ltr'><strong>VII,</strong></span> <span class='ocrx_word' id='word_1_316' title='bbox 684 5018 723 5070; x_wconf 82' lang='lat'><strong>4.</strong></span> <span class='ocrx_word' id='word_1_317' title='bbox 740 5017 862 5071; x_wconf 86' lang='lat' dir='ltr'><strong>..sicut</strong></span> <span class='ocrx_word' id='word_1_318' title='bbox 880 5018 974 5071; x_wconf 86' lang='lat' dir='ltr'><strong>turris</strong></span> <span class='ocrx_word' id='word_1_319' title='bbox 993 5018 1114 5071; x_wconf 86' lang='lat' dir='ltr'><strong>Libani.</strong></span> 
     </span>
    </p>

    <p class='ocr_par' dir='ltr' id='par_1_7' title="bbox 470 5112 700 5180">
     <span class='ocr_line' id='line_1_36' title="bbox 470 5112 700 5180; baseline 0 -13"><span class='ocrx_word' id='word_1_320' title='bbox 470 5112 492 5180; x_wconf 79' lang='lat'><strong>⁴)</strong></span> <span class='ocrx_word' id='word_1_321' title='bbox 510 5116 586 5167; x_wconf 72' lang='lat' dir='ltr'><strong>utu.</strong></span> <span class='ocrx_word' id='word_1_322' title='bbox 606 5116 655 5178; x_wconf 77' lang='grc' dir='ltr'><strong>Ν,</strong></span> <span class='ocrx_word' id='word_1_323' title='bbox 675 5117 700 5167; x_wconf 90' lang='lat'><strong>1.</strong></span> 
     </span>
    </p>

    <p class='ocr_par' dir='ltr' id='par_1_8' title="bbox 468 5208 1247 5282">
     <span class='ocr_line' id='line_1_37' title="bbox 468 5208 1247 5282; baseline 0.003 -18"><span class='ocrx_word' id='word_1_324' title='bbox 468 5208 490 5277; x_wconf 60' lang='grc' dir='ltr'><strong>ὖ)</strong></span> <span class='ocrx_word' id='word_1_325' title='bbox 508 5213 584 5264; x_wconf 82' lang='lat' dir='ltr'><strong>ibid.</strong></span> <span class='ocrx_word' id='word_1_326' title='bbox 604 5230 617 5257; x_wconf 74' lang='grc' dir='ltr'>ι</span> <span class='ocrx_word' id='word_1_327' title='bbox 628 5212 738 5280; x_wconf 92' lang='lat' dir='ltr'><strong>Capilli</strong></span> <span class='ocrx_word' id='word_1_328' title='bbox 756 5212 808 5277; x_wconf 90' lang='lat' dir='ltr'><strong>tui,</strong></span> <span class='ocrx_word' id='word_1_329' title='bbox 828 5213 906 5267; x_wconf 89' lang='lat' dir='ltr'><strong>sicut</strong></span> <span class='ocrx_word' id='word_1_330' title='bbox 923 5220 1031 5282; x_wconf 82' lang='lat' dir='ltr'><strong>greges</strong></span> <span class='ocrx_word' id='word_1_331' title='bbox 1050 5228 1247 5281; x_wconf 82' lang='lat' dir='ltr'><strong>caprarum».</strong></span> 
     </span>
    </p>
   </div>
   <div class='ocr_carea' id='block_1_6' title="bbox 0 0 2154 6117">
    <p class='ocr_par' dir='ltr' id='par_1_9' title="bbox 0 0 2154 6117">
     <span class='ocr_line' id='line_1_38' title="bbox 0 0 2154 6117; baseline 0 5"><span class='ocrx_word' id='word_1_332' title='bbox 0 0 2154 6117; x_wconf 95' lang='lat' dir='ltr'><strong> </strong></span> 
     </span>
    </p>
   </div>
  </div>
 </body>
</html>
