4300 6117
833 895 1019 949 IOHANNIS
1041 894 1224 948 DOMINICI
1632 881 1697 945 153

374 1122 459 1182 uxta
483 1138 589 1200 quem
612 1120 842 1190 intellectum,
868 1119 988 1180 omnia
1004 1119 1103 1181 dicta
1118 1120 1334 1189 sanctorum,
1350 1134 1421 1196 que
1441 1116 1693 1178 commendare

347 1227 519 1288 videntur
549 1227 742 1288 lectionem
773 1227 1004 1306 premissam,
1040 1227 1124 1287 suut
1167 1224 1365 1304 capienda.
1405 1223 1584 1303 quomodo
1621 1205 1694 1303 ipsi

349 1352 495 1414 quoque
518 1334 644 1407 sancti,
671 1334 702 1395 si
726 1352 798 1413 qua
821 1334 985 1413 legerunt
1007 1335 1070 1394 aut
1094 1333 1188 1394 lecta
1213 1331 1409 1394 recitarunt
1424 1331 1470 1393 de
1494 1331 1596 1392 libris
1612 1349 1696 1410 pre·

348 1442 441 1512 fatis,
468 1441 525 1503 usi
549 1444 632 1504 sunt
648 1442 700 1502 eis
717 1441 766 1502 ad
780 1441 999 1503 dominicam
1014 1440 1169 1501 laudem.
1195 1436 1254 1500 Sic
1270 1439 1409 1518 accipio
1424 1438 1514 1499 illud
1528 1436 1591 1499 Αιι
1603 1450 1695 1518 gus-

349 1548 442 1621 tini,
466 1549 565 1627 quod
576 1549 669 1610 scire
682 1549 814 1610 malum
826 1566 897 1609 non
917 1551 971 1610 est
987 1547 1120 1608 malum
1136 1544 1155 1617 ¹.
1180 1547 1232 1608 sic
1254 1543 1457 1607 Senecam
1472 1546 1561 1625 lego,
1587 1545 1695 1625 epis·

349 1655 437 1717 tola
473 1653 658 1726 XXXVI,
698 1655 891 1726 dicentem.
929 1655 960 1716 si
995 1655 1032 1714 in
1067 1653 1219 1716 materia
1249 1653 1335 1714 fidei
1368 1653 1481 1714 verba
1518 1671 1585 1714 sua
1613 1671 1694 1713 cum

349 1761 597 1833 Iheronimo,
632 1761 691 1824 De
714 1761 827 1824 Viris
851 1761 1111 1832 Illustribus,
1143 1763 1226 1822 sunt
1253 1759 1463 1822 recitanda².
1497 1758 1559 1822 Ait
1574 1760 1692 1822 enim²

352 1867 422 1930 «In
440 1872 629 1942 vetustate,
643 1870 724 1949 ipsa
738 1870 889 1932 tristicia
904 1888 911 1930 :
938 1870 1146 1949 perseveret
1161 1867 1269 1929 modo
1284 1867 1402 1929 colere
1417 1868 1595 1939 virtutem,
1613 1887 1695 1948 per-

350 1976 474 2038 hibere
506 1977 626 2039 studia
655 1976 828 2048 liberalia,
853 1995 926 2037 non
940 1976 1011 2046 illa,
1030 1975 1160 2055 quibus
1175 1975 1344 2054 pertundi
1360 1975 1448 2037 satis
1464 1977 1528 2046 est,
1546 1975 1611 2037 sed
1626 1976 1692 2038 hec

351 2084 480 2163 quibus
516 2084 704 2163 tingendus
737 2086 792 2146 est
825 2084 975 2145 animus.
1012 2081 1091 2144 Hoc
1125 2085 1180 2144 est
1211 2082 1373 2143 discendi
1413 2085 1567 2162 tempus.
1597 2080 1692 2167 Quid

351 2189 464 2270 ergo?
487 2191 624 2270 aliquid
648 2193 712 2260 est,
738 2191 836 2271 quod
867 2191 1008 2252 nonsit
1036 2189 1275 2251 discendum?
1298 2190 1451 2251 minime.
1477 2188 1548 2251 Sed
1573 2208 1694 2269 quem·

350 2297 545 2359 admodum
570 2298 715 2360 studere
739 2298 902 2360 omnibus
925 2298 1029 2360 annis
1051 2295 1239 2359 honestum
1260 2300 1332 2370 est;
1357 2298 1408 2358 ita
1433 2316 1504 2358 non
1528 2297 1691 2358 omnibus

349 2404 491 2466 institui
509 2425 523 2458 s
540 2403 561 2466 ²³.

457 2509 526 2596 Qui
538 2530 625 2573 vero
637 2511 701 2573 hos
713 2512 848 2591 primos
865 2516 1044 2585 secuntur,
1062 2512 1147 2592 quia
1163 2513 1359 2573 abutuntur
1375 2513 1412 2573 et
1427 2511 1539 2572 omnis
1557 2513 1692 2573 abusus
1708 2502 1760 2564 10-

351 2622 407 2681 est
430 2619 594 2691 niciosus,
618 2618 710 2681 sicut
733 2619 795 2681 ubi
819 2637 929 2699 supra
953 2620 1057 2682 divus
1070 2619 1287 2681 determinat
1298 2616 1516 2698 Augustinus
1528 2617 1550 2690 ⁴,
1567 2619 1692 2682 viciosi

352 2728 434 2788 sunt
465 2726 703 2805 nuncupandi,
739 2726 820 2806 plus
856 2729 892 2789 et
925 2727 1042 2790 minus
1078 2728 1187 2807 prout
1221 2726 1267 2786 ab
1300 2743 1367 2787 usu
1390 2727 1501 2805 magis
1530 2726 1692 2787 minusve

352 2832 532 2895 recedunt.
555 2831 630 2894 Iam
646 2834 892 2913 unusquisque
912 2837 1032 2896 mente
1048 2834 1109 2914 pia
1125 2833 1296 2902 revolvat.
1321 2833 1416 2893 omni
1431 2833 1545 2895 livore
1563 2834 1690 2913 sopito.

352 2957 457 3018 quem
483 2940 717 3001 communiter
739 2941 847 3002 tinem
870 2941 1058 3002 intendant
1087 2939 1217 3002 novelli
1239 2939 1493 3019 philosophare
1519 2940 1691 3011 volentes,

351 3046 449 3125 quod
478 3046 524 3107 de
554 3046 628 3108 suis
651 3046 779 3108 studiis
802 3050 1002 3109 monstrent
1031 3050 1119 3126 quot
1148 3047 1220 3109 sint
1249 3065 1292 3108 ex
1321 3045 1389 3108 hac
1421 3049 1529 3109 turba
1560 3049 1690 3138 togata2

353 3153 414 3232 qui
436 3153 583 3215 tandem
605 3156 668 3215 aut
691 3157 817 3215 contra
839 3155 998 3234 gentiles,
1024 3155 1133 3216 armis
1158 3173 1281 3215 eorum
1304 3154 1692 3234 protecti‚autsa1tem

352 3259 388 3320 in
411 3278 500 3339 pace
524 3260 757 3342 quiescentes,
781 3261 984 3341 scriptitent
1007 3262 1182 3323 adversus
1208 3279 1349 3322 errores
1377 3279 1510 3322 eorum.
1548 3259 1691 3323 Utinam

352 3367 526 3428 universis
550 3367 635 3429 viris
660 3369 696 3428 et
718 3368 857 3429 feminis
886 3367 1180 3448 philosophorum
1207 3368 1378 3447 giniasia¹
1401 3365 1519 3429 forent
1543 3368 1692 3446 repleta,

353 3473 382 3534 si
406 3473 495 3535 tales
519 3473 700 3554 gignerent
722 3475 859 3554 pugiles
883 3475 979 3547 fidei,¹
1005 3475 1139 3554 quales.
1158 3477 1198 3536 ut
1212 3473 1336 3546 fertur,
1354 3474 1487 3537 debent
1509 3475 1694 3554 expectari

352 3578 462 3641 futuri
478 3583 514 3642 et
536 3569 717 3658 utinquam
741 3580 808 3642 hoc
833 3601 937 3644 mane
962 3581 1122 3644 futurum
1146 3582 1271 3643 reduci
1286 3581 1480 3661 gaudemus
1497 3581 1546 3643 ad
1561 3584 1691 3642 actum.

353 3685 400 3748 At
422 3687 484 3748 illa
506 3688 695 3766 lupanaria
709 3689 870 3750 nutriunt
886 3693 1045 3751 comatos
1062 3688 1359 3758 adolescentulos,
1380 3686 1533 3749 Veneris
1557 3689 1693 3750 emulos

353 3793 549 3873 irrigatoris
571 3813 748 3868 manuum,
773 3793 866 3857 Iovis
899 3796 1057 3858 zelantes
1088 3794 1267 3867 affectum,
1293 3799 1328 3857 et
1358 3797 1526 3857 contenta
1555 3796 1692 3857 recedit

459 4199 491 4260 α)
510 4197 677 4266 gymnasia.

461 4372 482 4439 ¹)
500 4374 585 4427 Nous
598 4375 727 4427 n'avons
742 4391 786 4442 pu
800 4377 961 4429 retrouver
974 4378 1055 4430 cette
1062 4377 1197 4430 maxime
1209 4377 1288 4429 dans
1300 4377 1429 4430 l'oeuvre
1442 4377 1481 4429 de
1490 4375 1521 4428 S.
1529 4376 1691 4446 Augustin.

354 4462 387 4516 C.
405 4461 537 4516 Salutati
555 4462 647 4517 disalt
665 4465 737 4531 ddja
755 4465 834 4517 dans
853 4480 888 4518 sa
906 4467 998 4518 lettre
1018 4465 1036 4518 a
1054 4464 1103 4518 ira
1123 4465 1277 4519 Giovanni
1295 4466 1335 4518 da
1358 4466 1441 4520 Sam.
1481 4483 1494 4508 ‹
1514 4466 1582 4519 Non
1607 4467 1691 4519 enim

353 4553 468 4606 malum
493 4555 540 4607 est
559 4553 675 4606 malum
693 4553 782 4617 scire,
800 4555 857 4607 sed
875 4555 990 4606 malum
1008 4557 1091 4608 mala
1119 4557 1159 4608 ad
1185 4555 1299 4609 exitum
1317 4556 1480 4623 operari».
1501 4555 1546 4609 Ct.
1565 4557 1691 4623 Episto-

354 4642 439 4706 larto,
457 4642 558 4694 1v-1P.
573 4659 601 4710 p.
621 4642 684 4695 20³.
705 4643 895 4710 Cependant,
913 4643 936 4695 ll
955 4659 995 4697 ne
1014 4658 1049 4698 se
1069 4643 1171 4698 reiere
1188 4661 1246 4712 pas
1263 4645 1283 4697 a
1301 4645 1330 4698 S.
1350 4645 1509 4714 Augustin.

462 4727 482 4795 l)
502 4730 547 4784 Ct.
566 4731 596 4785 S.
614 4731 740 4785 Hieron.
765 4733 811 4786 De
835 4733 914 4785 Viris
932 4733 1039 4786 illustr.
1066 4748 1134 4800 cap.
1153 4744 1205 4786 ΧΠ.
1239 4752 1296 4786 ‹...
1310 4749 1404 4801 quem
1429 4731 1601 4801 [Senecam]
1626 4748 1691 4787 non

354 4833 503 4886 ponerem
520 4821 553 4873 in
571 4821 716 4890 Catalogo
736 4822 926 4886 Sanctorum,
954 4823 1014 4875 nisi
1042 4837 1092 4874 me
1117 4823 1189 4875 illae
1208 4823 1368 4890 Epistolae
1393 4825 1610 4893 provocarent,
1629 4838 1691 4891 que

353 4909 494 4976 legentur
513 4925 531 4962 a
549 4909 723 4977 plurimis».
742 4911 883 4964 Allusion
901 4911 920 4964 a
938 4913 968 4965 la
993 4913 1167 4980 pretendue
1192 4915 1461 4980 correspondance
1482 4915 1523 4966 de
1548 4913 1692 4980 seneque

355 4998 632 5053 avecs.1>au1.1n
652 4997 746 5067 oper.
764 5001 800 5063 ΙΙ,
819 4999 882 5054 6⁶2.

464 5084 484 5152 ⁶)
503 5088 623 5153 SENEC„
641 5089 740 5156 Epist.
759 5092 802 5142 nd
818 5089 924 5142 Lucili.
943 5091 1077 5154 XXXVI,
1097 5091 1122 5142 4.

463 5173 485 5242 ⁴)
502 5177 530 5231 S.
550 5177 631 5231 Aue.
651 5179 698 5232 De
716 5179 865 5232 Doctrina
884 5180 1088 5244 christ.1,1v.
1109 5181 1145 5233 In
1165 5179 1256 5247 Oper.
1275 5181 1325 5245 ΙΙΙ,
1344 5182 1387 5245 20,
1406 5182 1451 5234 21.
