4300 6117
473 848 540 911 300
981 861 1141 916 LUCULA
1162 860 1303 915 NOCTIS

472 1080 661 1145 Ystorie
685 1084 842 1155 tradunt,
882 1088 917 1147 et
940 1084 1050 1146 tidem
1073 1085 1248 1163 accipere,
1286 1102 1394 1162 quam
1416 1084 1581 1163 primitus
1605 1085 1804 1165 ignorabat.

472 1188 528 1249 Ex
564 1189 632 1252 hoc
677 1192 770 1252 male
816 1191 1015 1264 deducitur,
1052 1191 1150 1270 quod
1194 1192 1302 1252 liceat
1346 1190 1554 1271 Xpistianis,
1599 1192 1808 1271 simpliciter

472 1296 661 1376 loquendo,
685 1298 784 1359 illam
806 1299 1035 1360 temulentam
1058 1298 1184 1360 bibere
1207 1316 1347 1377 aquam,
1372 1299 1434 1377 qui
1456 1299 1592 1360 iontem
1619 1299 1808 1377 limpidum

473 1402 607 1466 babent
630 1406 725 1466 omni
749 1406 926 1467 suavitate
950 1407 1136 1485 repletum.

426 1510 458 1571 6.
584 1512 743 1592 Ideoque
780 1531 863 1575 reor
900 1513 1136 1593 ponderanda
1174 1512 1353 1574 dominica
1398 1512 1520 1583 verba,
1567 1531 1611 1575 ex
1656 1531 1808 1592 quorum

473 1619 639 1680 medullis
655 1620 841 1682 licenciam
857 1639 936 1682 cum
952 1620 1177 1681 leronimo
1203 1619 1344 1699 legendi
1360 1618 1425 1680 has
1440 1619 1578 1681 litteras
1594 1620 1807 1700 reprobatas

474 1726 651 1805 quispiam
667 1727 835 1788 vendicat
854 1727 932 1788 sibi.
956 1725 1123 1805 Loquens
1140 1727 1232 1787 enim
1248 1725 1391 1797 homini,
1416 1728 1550 1787 terram
1562 1726 1807 1805 promissionis

474 1833 546 1893 iam
557 1834 765 1912 possidenti,
778 1834 845 1895 ait:
872 1831 938 1894 «Si
961 1846 1124 1913 egressus
1137 1831 1246 1894 fueris
1264 1833 1311 1895 ad
1326 1845 1482 1914 pugnam
1497 1836 1624 1895 contra
1646 1833 1807 1895 inimicos

475 1942 555 2002 tuos
572 1942 608 2001 et
623 1940 814 2002 tradiderit
829 1959 890 2003 eos
905 1940 1077 2002 Dominus
1094 1939 1191 2001 Deus
1207 1943 1289 2001 tuus
1306 1933 1342 1999 in
1357 1958 1464 2000 manu
1481 1943 1542 2001 tua
1558 1940 1722 2019 captivos
1740 1958 1808 2019 que

475 2047 628 2119 duxeris,
654 2050 690 2109 et
712 2047 846 2109 videris
870 2049 907 2108 in
930 2066 1077 2108 numero
1111 2048 1335 2126 captivorum
1358 2046 1542 2107 mulierem
1575 2046 1740 2126 pulcram
1774 2050 1808 2108 et

474 2154 700 2215 adamaveris
732 2173 820 2225 eam,
856 2155 1085 2233 voluerisque
1119 2152 1254 2215 babere
1292 2171 1448 2223 uxorem,
1483 2153 1691 2216 introduces
1730 2172 1808 2215 eam

473 2261 510 2321 in
535 2261 679 2323 domum
702 2265 810 2323 tuam.
847 2260 924 2346 Que
948 2260 1053 2322 radet
1077 2260 1260 2331 cesariem,
1286 2263 1322 2322 et
1346 2260 1577 2322 circumcidet
1600 2272 1744 2340 ungues,
1774 2263 1809 2322 et

474 2368 630 2448 deponet
654 2372 790 2430 vestem
812 2369 849 2429 in
873 2387 944 2447 qua
968 2370 1076 2447 capta
1101 2370 1165 2439 est,
1202 2367 1403 2445 sedensque
1432 2368 1470 2427 in
1492 2367 1598 2429 domo
1622 2369 1684 2428 tua
1707 2365 1809 2429 flebit

474 2480 615 2556 patrem
638 2479 674 2538 et
697 2478 847 2537 matrem
871 2493 973 2537 suam
996 2493 1067 2536 uno
1091 2492 1222 2545 mense,
1248 2477 1284 2536 et
1306 2476 1434 2553 postea
1466 2474 1617 2536 intrabis
1650 2475 1699 2536 ad
1731 2492 1809 2535 eam

418 2603 423 2612 ’
474 2587 511 2646 et
533 2583 689 2645 dormies
713 2601 793 2643 cum
815 2583 885 2654 illa,
920 2578 956 2644 e't
991 2583 1059 2644 erit
1094 2601 1185 2644 uxor
1219 2584 1291 2643 tua.
1329 2579 1391 2642 Sin
1425 2584 1545 2642 autem
1578 2584 1705 2659 postea
1739 2600 1808 2643 non

474 2690 609 2753 sederit
637 2690 754 2752 animo
790 2692 860 2761 tuo,
885 2690 1044 2751 dimittes
1080 2708 1159 2750 eam
1195 2689 1356 2758 liberam,
1388 2706 1454 2750 nec
1485 2688 1642 2749 vendere
1673 2688 1807 2767 poteris

475 2799 636 2879 pecunia,
661 2816 726 2859 nec
760 2798 963 2877 opprimere
995 2816 1061 2877 per
1092 2797 1305 2875 potenciam,
1340 2796 1425 2875 quia
1456 2794 1649 2857 humiliasti
1682 2814 1763 2857 eam
1781 2816 1807 2855 s.

475 2904 562 2967 Hec
576 2906 625 2966 ibi
642 2903 662 2967 ¹.

429 3010 460 3075 7.
587 3010 625 3073 Si
657 3013 764 3092 igitur
797 3013 896 3074 iuxta
941 3011 1119 3073 misticum
1166 3009 1395 3073 Doctoris
1446 3009 1665 3071 intellectum
1685 3008 1707 3080 ²,
1744 3009 1809 3070 hec

473 3121 654 3200 sapiencie
677 3122 790 3199 tipum
814 3122 912 3182 tenet
935 3120 1088 3197 captiva,
1114 3136 1185 3180 non
1208 3118 1355 3180 cuilibet
1378 3116 1635 3179 concediturin
1650 3134 1807 3188 uxorem,

473 3227 538 3289 sed
561 3228 613 3289 illi
636 3228 712 3299 soli,
749 3228 809 3306 qui
833 3228 904 3288 iam
926 3226 1090 3305 pervenit
1114 3225 1162 3286 ad
1185 3223 1273 3286 fidei
1287 3224 1453 3303 patriam,
1485 3225 1546 3302 qui
1562 3223 1809 3303 promissionis

473 3336 599 3397 urbem
622 3335 778 3407 intravit,
803 3335 864 3413 qui
887 3334 1040 3413 stipatus
1064 3335 1119 3394 est
1141 3332 1252 3393 muris
1277 3331 1453 3393 catholice
1475 3330 1647 3400 veritatis,
1670 3348 1715 3392 ex
1738 3348 1810 3409 quo

473 3444 574 3522 patet
597 3460 705 3521 quam
728 3441 858 3503 stolide
886 3441 1075 3519 quisquam
1107 3438 1246 3510 deliret,
1270 3436 1426 3500 inferens
1458 3436 1540 3499 hinc
1575 3437 1742 3499 omnibus
1775 3440 1811 3499 et

474 3550 644 3630 precipue
678 3548 808 3628 pueris,
838 3547 995 3609 nondum
1030 3546 1246 3609 solidissimo
1280 3546 1362 3607 cibo
1397 3544 1592 3625 theologice
1628 3544 1810 3606 facultatis

473 3656 627 3727 nutritis,
666 3655 849 3735 gentilium
889 3654 1128 3715 tradicionum
1163 3653 1320 3714 studium
1355 3670 1435 3714 esse
1468 3669 1687 3713 concessum.
1739 3649 1812 3712 Sed

474 3778 582 3841 quam
616 3761 768 3842 provide
802 3762 838 3821 in
871 3760 939 3823 boc
975 3760 1113 3839 eulogio
1147 3757 1217 3820 fari
1253 3759 1348 3839 cepit
1384 3758 1537 3837 Spiritus
1573 3757 1737 3829 Sanctus,
1761 3758 1811 3818 in·

357 3882 389 3914 νῦ
476 3870 622 3950 quiens:
650 3888 665 3921 ‹
685 3866 723 3929 Si
745 3880 908 3948 egressus
931 3868 1041 3928 tueris
1065 3866 1114 3928 ad
1131 3856 1145 3949 14
1171 3879 1324 3946 pugnam
1349 3869 1475 3927 contra
1497 3865 1658 3926 inimicos
1681 3868 1763 3926 tuos
1776 3865 1810 3923 »l

475 3976 554 4039 Non
577 3977 678 4038 licuit
701 3975 800 4037 fideli
823 3993 914 4054 pace
945 3972 1079 4036 fruenti
1104 3974 1262 4035 oblatam
1286 3973 1354 4034 sibi
1379 3973 1558 4051 captivam
1585 3972 1810 4033 matrimonio

475 4085 655 4164 copulare,
692 4083 757 4144 sed
791 4085 929 4144 tantum
964 4081 1012 4142 ad
1046 4081 1180 4143 bellum
1195 4082 1210 4112 ⁸
1244 4077 1416 4159 profecto,
1452 4096 1569 4157 neque
1605 4079 1730 4157 utique
1763 4077 1810 4139 ad

475 4191 662 4270 quodlibet
685 4190 829 4261 bellum,
854 4188 919 4251 sed
942 4190 1068 4250 contra
1092 4187 1263 4259 inimicos,
1290 4188 1350 4265 qui
1366 4185 1507 4265 precise
1522 4185 1811 4265 intelligebantur

475 4299 634 4377 gentiles,
659 4298 751 4359 sicut
774 4296 909 4376 pluries
932 4314 1038 4358 sacra
1059 4294 1194 4374 Pagina
1223 4296 1334 4356 notat.
1374 4292 1506 4365 Placet,
1542 4291 1695 4355 Domino
1730 4311 1810 4354 con·

476 4405 636 4479 cedente,
661 4408 701 4466 ut
725 4405 886 4483 quisquis
910 4405 1036 4464 contra
1053 4401 1214 4463 ethnicos
1231 4404 1294 4463 aut
1308 4400 1486 4462 hereticos
1503 4401 1558 4461 est
1573 4401 1809 4479 protecturus,

479 4602 693 4611 ——-

580 4788 613 4848 a)
635 4812 661 4820 -
683 4781 832 4850 protecto,
851 4795 954 4848 neque
970 4780 1080 4846 utique
1098 4779 1139 4832 ad
1157 4778 1319 4846 quodlibet
1336 4778 1520 4830 bellum...

582 4960 603 5029 ¹)
624 4962 668 5016 Οἱ.
688 4960 916 5023 Deuter.,XX1‚
937 4959 1027 5013 ill-14.

581 5049 666 5118 ²)Ci.
686 5050 715 5104 S.
734 5048 839 5103 mou.
865 5048 946 5103 Sum.
971 5046 1069 5101 Theoi,
1094 5047 1209 5110 1²112e,
1235 5045 1269 5118 Q.
1290 5046 1350 5110 CV,
1373 5046 1400 5109 4,
1423 5045 1466 5098 ad
1490 5043 1550 5107 6¹¹¹;
1573 5044 1610 5107 1²,
1630 5058 1659 5110 q.
1678 5041 1810 5103 mm

476 5146 501 5208 1,
520 5145 559 5197 2¹¹¹
579 5146 636 5195 etc.
