4300 6117
408 1055 440 1118 7.

464 828 530 889 440
969 838 1128 893 LUCULA
1151 839 1291 893 NOCTIS

566 1059 621 1122 Ex
644 1061 712 1122 hiis
734 1064 837 1140 patet
860 1063 947 1141 quid
970 1064 1017 1125 sit
1040 1064 1087 1125 de
1119 1065 1268 1126 obiectis
1296 1064 1468 1142 prodigiis
1492 1065 1796 1143 respondendum,

460 1186 612 1247 quorum
636 1169 747 1231 multa
770 1172 852 1231 sunt
875 1168 971 1242 ficta,
997 1173 1118 1232 cetera
1141 1172 1247 1251 plura
1270 1173 1348 1244 arte
1372 1171 1563 1232 demonum
1584 1175 1792 1250 procurata,

458 1277 524 1336 sed
548 1279 719 1337 venerata
742 1276 819 1337 sine
842 1275 961 1338 fructu
984 1278 1183 1340 colencium
1205 1278 1276 1339 illa.
1301 1276 1392 1337 Nam
1422 1279 1515 1339 teste
1541 1277 1798 1358 Augustino

456 1383 577 1444 libro
600 1382 701 1443 ΙΙΙΙο
724 1382 788 1444 De
812 1381 1012 1446 Civitate
1035 1383 1146 1446 Dei¹:
1173 1384 1375 1447 Observata
1391 1384 1564 1464 prodigia.
1593 1386 1741 1466 auguria
1760 1390 1798 1447 et

457 1489 659 1551 huiusmodi
682 1508 752 1550 non
775 1481 1006 1572 protulfferunt
1033 1490 1212 1564 Romanis,
1245 1509 1360 1570 neque
1379 1492 1647 1571 negligentibus
1672 1492 1795 1554 oblue-

457 1600 548 1669 runt‚
573 1601 613 1658 ut
636 1615 754 1676 supra,
779 1598 815 1658 ni
838 1598 952 1668 fallor,
978 1598 1024 1660 de
1037 1597 1128 1660 Iulio
1145 1597 1276 1660 Cesare
1293 1600 1360 1660 sub
1377 1600 1539 1679 exemplo
1556 1601 1687 1660 notavi.
1712 1599 1792 1660 Nou

456 1717 545 1782 nego
579 1706 825 1765 verumtamen
860 1705 1016 1783 quedam
1048 1707 1212 1785 prodigia
1245 1705 1355 1766 fuisse
1385 1706 1507 1767 divina
1530 1705 1661 1777 futura,
1687 1711 1793 1784 que².

456 1811 502 1872 de
524 1811 591 1872 hiis
615 1829 701 1890 sepe
724 1810 901 1873 referente
926 1810 1121 1891 Scriptura,
1151 1830 1221 1891 que
1256 1813 1305 1873 ad
1335 1813 1576 1891 penitenciam
1600 1814 1794 1875 salutarem

455 1921 665 1996 peccatores
688 1919 839 1980 invitant
874 1937 919 1979 ne
954 1937 1035 1980 cum
1066 1918 1135 1980 hoc
1169 1920 1290 1981 seculo
1322 1923 1474 1998 pereant
1510 1921 1707 1998 dampnati,
1732 1922 1795 1980 aut

455 2025 640 2103 promissis
664 2025 775 2086 iidem
796 2029 1001 2104 procurant.
1021 2063 1061 2070 -
1077 2022 1182 2087 Talia
1205 2027 1314 2088 credo
1331 2025 1441 2088 fuisse
1460 2044 1532 2105 que
1555 2026 1796 2106 Iosephus²

456 2135 580 2192 narrat
604 2135 639 2193 et
662 2133 734 2192 alia
758 2133 878 2193 multa.
905 2131 1075 2194 Similiter
1098 2137 1185 2212 puto
1209 2134 1286 2194 tore
1321 2135 1366 2194 de
1402 2133 1556 2194 oraculis
1591 2134 1793 2195 dicendum.

456 2237 618 2323 Quedam
642 2239 736 2300 enim
759 2238 927 2301 dicuntur
948 2259 971 2300 a
995 2258 1091 2310 casu,
1117 2258 1186 2319 que
1209 2241 1294 2300 licet
1315 2243 1443 2319 postea
1466 2241 1663 2301 sortiantur
1689 2239 1794 2302 eflec-

455 2349 547 2418 tum;
573 2365 643 2408 non
673 2348 793 2407 tamen
825 2349 907 2408 sunt
937 2347 1094 2409 dictores
1129 2347 1337 2426 appellandi
1369 2347 1554 2426 prophete.
1587 2346 1688 2408 Alias
1720 2349 1795 2408 iere

454 2453 571 2513 nullus
595 2456 650 2514 est
672 2454 733 2532 qui
756 2454 850 2514 inter
871 2457 973 2514 vates
998 2472 1068 2515 non
1091 2455 1206 2532 possit
1229 2455 1370 2516 ascribi.
1396 2452 1483 2538 Quis
1510 2455 1610 2515 enim
1634 2457 1688 2515 est
1705 2454 1794 2514 tanti

454 2560 600 2630 silencii,
626 2561 687 2639 qui
710 2561 904 2639 aliquando
928 2561 974 2622 de
998 2562 1127 2622 tuturis
1151 2561 1333 2639 opinative
1354 2562 1504 2631 locutus.
1530 2579 1606 2622 non
1629 2561 1793 2640 prolaba-

455 2667 572 2727 turin
594 2667 752 2745 aliquam
783 2667 973 2729 veritatem
995 2669 1179 2747 ignotam?
1213 2667 1331 2729 Faber
1364 2668 1458 2728 enim
1489 2667 1635 2747 quidam
1683 2667 1793 2729 Rome

454 2775 615 2834 modeste
658 2773 912 2853 reprehensus,
956 2792 1027 2853 quo
1066 2777 1223 2835 statuam
1265 2774 1457 2853 quamdam
1505 2774 1794 2836 venustissimam

453 2881 568 2942 solum
601 2881 636 2941 in
672 2881 769 2941 tibiis
800 2881 849 2942 ad
885 2882 1015 2942 molem
1052 2883 1190 2942 tantam
1225 2881 1476 2961 preferendam
1514 2881 1710 2942 inhabilem
1743 2880 1793 2942 fe·

454 2989 571 3056 cisset.
596 2988 801 3049 immediate
824 2989 1011 3066 respondit
1035 3007 1114 3048 eam
1137 2988 1320 3059 ruituram,
1355 2987 1500 3067 quando
1524 2989 1623 3066 virgo
1647 2991 1795 3067 pareret

454 3093 600 3173 prolem.
625 3093 667 3155 Id
691 3095 831 3167 accidit,
856 3114 947 3165 nam,
973 3098 1012 3156 ut
1029 3096 1157 3166 terunt,
1182 3096 1345 3174 pariente
1360 3093 1508 3173 Virgine
1524 3093 1647 3166 Deum,
1675 3097 1795 3156 statua

451 3202 514 3262 illa
538 3202 654 3262 coruit
677 3200 798 3263 Rome.
823 3201 943 3280 Aliqui
969 3220 1055 3263 vero
1079 3202 1189 3280 glorie
1213 3202 1334 3281 cupidi
1365 3204 1461 3262 fastu
1484 3203 1550 3263 sub
1583 3201 1718 3280 figuris,
1746 3202 1792 3263 de

452 3307 581 3369 tuturis
629 3309 687 3369 vel
732 3310 1015 3387 quibuscumque
1049 3310 1158 3370 rebus
1191 3308 1340 3370 occultis
1375 3308 1565 3370 vaticinari
1588 3326 1628 3369 se
1661 3306 1794 3380 ierunt,

451 3418 534 3495 post
559 3433 686 3476 rerum
709 3419 857 3476 eventus
881 3434 964 3476 suos
989 3419 1113 3494 tropos
1137 3417 1185 3476 ad
1212 3415 1352 3476 libitum
1381 3417 1606 3494 exponentes.
1656 3414 1796 3477 Horum

452 3522 529 3584 Deo
546 3514 769 3602 [hloribilem
785 3523 926 3601 copiam
940 3523 1024 3583 vidi.
1044 3520 1139 3606 Quid
1156 3523 1274 3584 dicam
1291 3524 1336 3584 de
1352 3521 1451 3583 fatua
1467 3522 1656 3601 iniquitate
1673 3535 1794 3601 mago·

453 3648 532 3691 rum
557 3648 637 3690 cum
662 3630 825 3690 omnibus
850 3630 1038 3709 speciebus
1062 3630 1135 3690 suis
1161 3631 1324 3708 superius
1355 3629 1537 3690 nominati.
1586 3627 1646 3690 Hii
1679 3630 1794 3708 primo

455 3737 689 3807 menciuntur,
714 3736 923 3815 incipientes
947 3736 1041 3798 velle
1064 3737 1253 3814 predicere
1268 3755 1364 3798 vera.
1381 3729 1625 3798 Proiitentesb
1641 3735 1794 3818 Moysen

454 3845 590 3904 viribus
615 3843 796 3904 nominum
819 3843 920 3922 signa
943 3845 979 3904 et
1002 3845 1170 3922 portenta
1192 3841 1330 3913 fecisse,
1356 3843 1481 3904 anulos
1504 3861 1678 3915 sacrasse,
1697 3841 1793 3904 Salo·

430 3961 433 3967 '
455 3969 596 4012 monem
618 3950 881 4011 divinacionum
898 3953 1013 4011 artem
1034 3953 1188 4020 notasse,
1213 3948 1600 4029 Apostolos'sortilegia
1624 3950 1791 4020 edidisse,

456 4061 492 4119 et
521 4057 734 4118 huiusmodi.
782 4056 871 4117 Item
901 4055 1082 4126 falluntur.
1109 4056 1208 4118 casui
1232 4057 1426 4118 subdentes
1451 4074 1493 4116 ex
1521 4057 1651 4135 pontis,
1677 4075 1791 4125 manu.

455 4166 568 4235 clavo,
593 4164 651 4224 vel
684 4164 810 4243 quovis
845 4164 916 4226 alio
952 4165 1197 4232 instrumento.
1223 4164 1350 4225 dextra
1382 4163 1534 4241 levaque
1565 4164 1710 4235 relictis.
1737 4162 1793 4225 vel

454 4272 586 4332 taxillis
610 4271 789 4349 proiectis.
814 4275 876 4332 aut
900 4271 1020 4332 nescio
1045 4271 1174 4349 quibus
1199 4270 1346 4332 cartulis
1369 4271 1552 4349 premissis
1577 4271 1791 4350 quibusdam

567 4653 599 4713 u)
622 4677 648 4685 -
671 4665 740 4716 que.

564 4827 585 4894 ¹)
606 4826 636 4879 S.
656 4826 736 4880 AUR.
757 4826 849 4889 AUG.
868 4829 913 4879 De
935 4826 1018 4878 Civli.
1037 4827 1102 4888 Dei,
1121 4825 1170 4886 lv.
1190 4835 1231 4876 1x.
1268 4825 1318 4876 An
1336 4825 1470 4882 Romani
1490 4829 1610 4892 imperil
1628 4827 1794 4892 amplitudo

459 4921 514 4971 etc.
532 4918 568 4969 In
586 4916 677 4984 Oper.
696 4917 718 4968 t.
739 4916 804 4977 VII,
822 4917 878 4969 col.
899 4917 959 4968 119.

566 5003 586 5070 r)
605 5005 746 5058 Allusion
765 5020 825 5057 aux
842 5004 915 5058 faits
933 5005 1114 5073 prodigieux
1134 5003 1295 5070 rapporte's
1318 5019 1358 5056 au
1370 5005 1424 5056 Vle
1443 5005 1521 5058 livre
1540 5005 1581 5058 de
1600 5019 1649 5056 ses
1680 5006 1793 5057 Histor.

462 5097 495 5148 et
513 5094 690 5162 reproduits
709 5109 766 5160 par
785 5094 915 5156 Eusebe‚
934 5096 1012 5146 Hist.
1031 5095 1115 5146 Eccl.
1135 5093 1185 5156 ΙΙΙ,
1204 5102 1268 5144 vm.
