4300 6117
900 870 985 932 22
1914 881 2230 935 LUCULA
2277 879 2557 934 NOCTIS

898 1101 1130 1164 lucem
1178 1106 1250 1163 et
1296 1105 1489 1164 totus
1536 1102 1921 1183 aspexeris,
1972 1121 2188 1183 quam
2236 1121 2422 1164 nunc
2455 1121 2587 1182 per
2620 1104 3155 1182 angustissimas
3196 1105 3563 1166 oculorum

898 1210 1053 1270 vias
1120 1212 1416 1289 anguste
1476 1210 1794 1271 intueris.
1873 1208 1968 1271 Et
2037 1213 2278 1271 tamen
2348 1210 2726 1272 admiraris
2798 1208 2988 1271 illam
3060 1214 3208 1273 tam
3275 1211 3567 1290 procul!

901 1314 1091 1400 Quid
1123 1317 1253 1378 tibi
1284 1316 1648 1378 videbitur
1678 1316 1922 1377 divina
1967 1317 2109 1387 lux,
2163 1335 2324 1377 cum
2371 1317 2566 1377 illam
2617 1336 2748 1379 suo
2793 1317 2952 1380 loco
2998 1319 3326 1379 videbis?
3352 1340 3381 1373 2
3410 1316 3451 1379 ¹.
3488 1348 3570 1358 —

901 1421 1110 1484 Certe
1158 1423 1271 1485 hic
1317 1424 1589 1503 legerat
1641 1422 2014 1485 Platonem
2070 1425 2343 1485 animas
2393 1425 2586 1485 circa
2632 1425 2847 1486 busta
2894 1443 3274 1503 corporum
3307 1444 3572 1504 ponen-

900 1532 1044 1592 tem
1092 1533 1414 1591 errantes
1436 1529 1477 1591 2.
1525 1528 1833 1591 Viderat
1868 1529 2312 1592 Aristotilem
2366 1529 2844 1592 diffinientem
2891 1549 2934 1591 a
2975 1535 3222 1594 nostro
3271 1549 3573 1610 corpore

902 1637 1276 1698 discedere
1324 1638 1671 1716 spiritum,
1722 1640 2064 1716 tanquam
2109 1640 2545 1716 perpetuum
2598 1657 2641 1698 a
2687 1638 3156 1718 corruptibili,
3208 1640 3392 1700 sicut
3432 1657 3574 1699 non

903 1762 989 1805 ex
1032 1744 1366 1822 potencia
1433 1745 1751 1816 materie,
1829 1747 1909 1805 ut
1954 1743 2184 1806 forme
2251 1746 2778 1806 substanciales
2826 1746 3224 1817 brutorum,
3303 1745 3434 1807 sed
3480 1746 3572 1806 ab

903 1853 1104 1912 extra
1150 1869 1356 1912 suum
1386 1854 1804 1931 susceperat
1835 1869 1995 1912 esse
2010 1849 2051 1912 ³.
2101 1850 2260 1912 Non
2292 1852 2668 1931 ignorabat
2709 1852 3147 1914 desiderium
3182 1850 3566 1925 CiceroniS,

902 1975 947 2017 a
978 1976 1281 2036 corpore
1312 1958 1554 2037 egredi
1586 1958 1955 2036 cupientis,
2007 1961 2085 2020 ut
2116 1977 2321 2019 suum
2367 1960 2712 2038 optimum
2769 1959 3131 2020 revideret
3165 1957 3506 2020 Catonem
3524 1955 3569 2019 ⁴.

901 2062 1194 2125 Minime
1239 2066 1474 2144 ipsum
1539 2065 1815 2126 latebat
1862 2063 2215 2126 Salustius
2282 2066 2562 2145 egregia
2615 2064 2960 2136 facinora,
3043 2066 3229 2127 sicut
3274 2067 3571 2136 animas,

902 2172 1333 2232 immortalia
1377 2173 1531 2233 fore
1577 2172 1993 2234 describens
2019 2169 2061 2233 ⁵.
2112 2172 2515 2251 Acceperat
2563 2174 2654 2233 ab
2705 2170 3006 2233 Ovidio:

1822 2345 1846 2370 ‹
1873 2328 2078 2380 Morte
2116 2330 2332 2381 carent
2369 2329 2572 2381 anime
2606 2349 2629 2374 ι
2652 2325 2689 2379 ⁶.

906 2474 1295 2547 Socratem,
1342 2474 1858 2554 Picthagoram,
1907 2474 2414 2546 Democritum,
2471 2478 2688 2553 atque
2718 2474 3189 2554 Porphirium,
3241 2475 3577 2555 milleque

904 2583 1087 2644 tales
1156 2583 1460 2643 lectione
1530 2584 1830 2644 noverat
1875 2582 2087 2652 viro&
2168 2600 2475 2660 quorum
2529 2583 2829 2661 quilibet
2880 2583 2973 2643 de
3041 2583 3576 2643 immortalitate

906 2690 1140 2751 anime
1209 2689 1522 2750 fideliter
1591 2689 2005 2767 disputavit.
2100 2686 2252 2750 Hos
2322 2706 2608 2767 quoque
2656 2689 3034 2768 legendum
3084 2692 3153 2750 et
3201 2689 3576 2767 speculan-

907 2795 1078 2858 dum
1123 2796 1618 2857 arbitrabatur
1662 2797 2004 2875 precipue
2050 2796 2238 2858 sicut
2308 2796 2737 2874 epistola
2783 2794 2889 2857 66
2947 2796 3217 2868 scribit,
3293 2796 3580 2857 dicens:

912 2921 942 2954 α
971 2901 1123 2982 Ego
1170 2903 1410 2964 nescio
1456 2902 1647 2963 unde
1712 2903 2258 2964 descenderim?
2336 2900 2571 2963 Semel
2614 2902 2746 2965 hec
2813 2902 2983 2963 mihi
3030 2902 3347 2963 videnda
3394 2905 3579 2973 sunt,

908 3030 1002 3072 an
1047 3027 1217 3087 sepe
1285 3009 1771 3070 nascendum?
1847 3027 1990 3087 quo
2036 3009 2199 3071 hinc
2256 3010 2485 3071 iturus
2536 3009 2720 3071 sim?
2804 3028 2946 3088 que
2992 3010 3201 3071 sedes
3250 3010 3577 3088 expectet

906 3118 1216 3178 animam
1293 3116 1600 3177 solutam
1676 3116 1947 3196 legibus
2035 3117 2401 3177 servitutis
2481 3115 2836 3177 humane?
2926 3114 3153 3178 Vetas
3231 3135 3343 3177 me
3424 3116 3578 3177 celo

906 3225 1273 3295 interesse,
1332 3223 1409 3284 id
1456 3225 1582 3293 est,
1652 3224 1855 3284 iubes
1901 3241 2016 3284 me
2062 3224 2325 3294 vivere,
2400 3224 2637 3301 capite
2687 3222 3112 3284 demisso?»
3144 3220 3184 3283 ⁷.
3232 3259 3313 3265 —
3363 3221 3578 3302 Apud

907 3329 1369 3392 Zenofontem
1434 3330 1743 3409 quidem,
1822 3331 2052 3408 inquit
2095 3325 2528 3401 TulliuS,
2604 3330 2791 3393 libro
2838 3328 2962 3391 De
3010 3327 3580 3400 Senectute,

911 3436 1136 3518 Cyrus
1165 3438 1393 3498 maior
1425 3438 1753 3507 moriem,
1791 3437 2001 3498 dixit:
2056 3436 2329 3498 «Nolite
2360 3437 2722 3510 arbitrari,
2766 3456 2808 3498 o
2843 3437 2972 3497 filii
3006 3437 3358 3498 carissimi
3390 3435 3578 3507 mihi,

908 3563 1023 3606 me
1071 3563 1231 3606 cum
1278 3563 1324 3605 a
1366 3545 1571 3606 vobis
1619 3561 2005 3616 recessero,
2057 3562 2410 3622 nusquam
2459 3546 2586 3605 aut
2639 3545 2908 3604 nullum
2958 3545 3132 3605 fore.
3191 3543 3339 3604 Nec
3375 3543 3577 3613 enim,

911 3652 1083 3712 dum
1130 3669 1360 3712 essem
1405 3651 1794 3723 vobiscum,
1843 3651 2157 3712 animum
2204 3670 2440 3711 meum
2487 3651 2879 3712 videbatis:
2930 3651 3061 3711 sed
3109 3668 3270 3711 eum
3321 3668 3480 3712 esse
3509 3650 3580 3710 in

911 3758 1048 3819 hoc
1094 3776 1416 3836 corpore,
1467 3776 1554 3818 ex
1599 3758 1701 3819 eis
1747 3759 1984 3830 rebuS,
2036 3775 2216 3836 quas
2249 3760 2605 3837 gerebam,
2655 3758 3181 3837 intelligebatis.
3230 3755 3581 3818 Eumdem

912 3866 1125 3945 igitur
1172 3883 1329 3926 esse
1378 3864 1670 3937 credite,
1720 3865 1947 3926 eciam
1994 3866 2054 3926 si
2102 3865 2372 3926 nullum
2419 3865 2801 3926 videbitis»
2831 3862 2874 3925 3.
2926 3900 3007 3907 —-
3058 3864 3583 3934 Avicenna,

913 3991 1217 4051 quorum
1252 3991 1393 4033 non
1424 3972 1754 4032 minimus
1801 3974 2163 4033 scrutator
2193 3975 2467 4044 nature,
2519 3972 2591 4032 in
2636 3974 2838 4033 sexto
2884 3970 2947 4031 N
2968 3974 3059 4032 at
3087 3990 3191 4032 ur
3215 3990 3258 4032 a
3285 3971 3310 4031 1
3333 3972 3356 4031 i
3376 3990 3423 4032 u
3449 3969 3583 4040 m9,

1134 4345 1170 4398 ‘J
1214 4341 1450 4403 SENEC,
1486 4340 1687 4405 Epist.
1730 4339 1849 4402 CII,
1889 4337 1975 4400 21,
2014 4339 2100 4402 22,
2139 4339 2226 4391 28.
2301 4337 2618 4411 Quelques
2655 4339 2990 4391 variantes,

1146 4433 1170 4489 'J
1217 4433 1442 4491 Pham,
1481 4430 1745 4493 Phaedo,
1782 4428 2060 4491 XXXIII;
2099 4428 2239 4480 Did.
2278 4428 2321 4491 Ι,
2360 4429 2452 4481 65.

1138 4522 1174 4581 “J
1217 4521 1416 4569 AElST.
1454 4520 1548 4570 De
1585 4518 1809 4570 Anima
1847 4517 1917 4581 11,
1952 4527 2011 4568 11.
2057 4546 2110 4553 —
2157 4516 2215 4569 S.
2252 4514 2364 4569 TH.
2408 4517 2737 4569 Commeat.
2780 4516 2942 4580 ibid..
2985 4517 3124 4569 lect.
3161 4517 3233 4568 II.

1142 4609 1174 4669 Ἴ,
1218 4609 1338 4658 Cic.
1392 4608 1486 4660 De
1525 4606 1742 4660 Senect
1775 4603 1812 4674 5
1849 4607 2065 4659 ΧΧῙῙῙ.

1139 4697 1174 4757 ”·]
1218 4701 1278 4749 Ε..
1326 4697 1626 4750 SALLUST.
1665 4697 1982 4765 Iugur-tha.
2026 4696 2187 4748 Edit.
2225 4696 2419 4749 Paris,
2462 4696 2617 4758 1674,
2657 4710 2714 4761 p.
2755 4695 2853 4747 58:
2897 4712 2922 4737 c
2949 4695 3179 4763 Ingenii
3218 4695 3463 4763 egregia
3498 4693 3587 4745 fa-

922 4789 1146 4841 cizmra.
1190 4787 1368 4839 sicuti
1405 4787 1624 4849 am‘ma,
1674 4786 2043 4838 immortalia
2082 4786 2291 4837 sunt».

1138 4882 1177 4937 ”J
1218 4877 1393 4927 Ossm.
1432 4877 1842 4942 Metamorph.
1884 4875 2009 4939 XV,
2051 4874 2172 4928 159.

1146 4965 1178 5029 ³]
1222 4969 1457 5028 SENEC„
1494 4964 1669 5027 LXV,
1708 4965 1795 5017 20.

1138 5057 1174 5114 Ἴ
1218 5057 1338 5105 ΕΗΖ.
1400 5056 1494 5106 De
1532 5053 1864 5117 Senectute,
1902 5048 1939 5119 5
1975 5052 2157 5104 XXII.
2233 5052 2542 5126 Quelques
2579 5052 2824 5120 legeres
2861 5051 3196 5104 variantes,

1138 5145 1174 5205 Ἴ
1222 5145 1473 5194 ΑἮΕΕΝ.
1510 5144 1605 5196 De
1641 5143 1885 5205 Anima,
1920 5142 2095 5194 tract.
2131 5142 2233 5194 VI.
