4300 6117
866 1006 1053 1060 IOHANNIS
1076 1006 1257 1060 DOMINICI
1660 996 1725 1058 351

386 1228 452 1289 hec
475 1228 523 1289 sit
544 1228 607 1289 illa
630 1228 875 1310 phylosophia,
901 1248 971 1309 que
995 1230 1128 1291 dicitur
1151 1248 1239 1290 vera
1261 1231 1299 1291 et
1320 1247 1343 1289 a
1384 1229 1556 1309 pluribus,
1587 1229 1727 1291 decimo

386 1336 613 1414 opponendo,
639 1337 883 1398 commendari
906 1336 1079 1398 videtur?
1102 1334 1239 1415 Nempe
1262 1338 1369 1416 poete
1392 1355 1464 1416 quo
1488 1335 1576 1397 deos
1600 1338 1726 1397 carmi·

386 1443 490 1503 nibus
514 1443 754 1521 loquebantur
777 1444 825 1505 ad
848 1444 1028 1523 populum,
1055 1444 1143 1504 dicti
1177 1443 1332 1523 theologi
1356 1443 1497 1505 doctius
1520 1444 1727 1505 nesciuntur

387 1566 495 1627 quam
518 1550 686 1621 sciantur,
712 1568 821 1629 quum
845 1568 909 1611 sua
941 1551 1164 1630 turpitudine
1200 1569 1318 1611 mores
1356 1547 1530 1623 inliciunt,
1555 1550 1726 1611 veritates

386 1656 603 1736 impugnant,
629 1660 794 1718 evertunt
825 1657 1054 1727 intellectum,
1080 1659 1224 1719 sanctos
1247 1657 1431 1728 infamant,
1456 1660 1493 1718 et
1513 1656 1600 1718 fidei
1616 1658 1726 1718 veris·

388 1763 478 1823 sima
501 1761 744 1835 fundamenta,
769 1782 979 1845 syrenarum
1002 1782 1112 1835 more,
1137 1764 1285 1825 auribus
1308 1764 1521 1843 prurientes,
1544 1782 1611 1844 pro
1643 1764 1725 1825 viri·

386 1871 454 1931 bus
477 1870 550 1931 suis
575 1871 769 1932 moliuntur
792 1872 1007 1950 extinguere.
1033 1868 1124 1931 Nam
1147 1870 1269 1950 quoad
1292 1855 1457 1950 primum,
1482 1872 1513 1931 si
1544 1872 1623 1950 quis
1650 1889 1724 1932 cre·

387 1976 523 2038 diderit
545 1978 671 2056 poetis,
696 1978 854 2039 nondum
878 1979 939 2039 illo
962 1978 1140 2039 versiculo
1165 1977 1318 2039 doctus:

593 2161 605 2185 ⁴<
623 2142 700 2195 Nam
719 2143 859 2195 miranda
878 2147 1000 2205 canunt,
1020 2143 1158 2195 sednon
1177 2143 1332 2195 credenda
1351 2144 1471 2209 poete»
1488 2140 1529 2205 ²¹,

386 2316 468 2358 mox
490 2300 530 2359 ut
549 2315 593 2360 eo
609 2297 720 2359 libido
741 2299 928 2377 pertulerit
944 2298 1107 2371 ferventi,
1132 2301 1171 2360 ut
1186 2299 1237 2360 ait
1254 2298 1409 2371 Persius,
1427 2300 1540 2361 tincta
1555 2319 1693 2361 veneno
1702 2300 1723 2372 ²,

386 2405 497 2484 magis
521 2406 704 2466 intuentur
726 2406 815 2484 quid
839 2404 978 2485 Jupiter
1001 2406 1137 2477 lecerit,
1170 2425 1277 2486 quam
1302 2406 1390 2485 quid
1414 2407 1577 2468 docuerit
1611 2406 1723 2478 Plato,

387 2512 566 2575 censuerit
590 2510 700 2574 Cato?
726 2544 768 2552 —·
788 2510 881 2573 Hinc
904 2513 1002 2592 apud
1025 2508 1332 2583 Terrencium,
1357 2512 1562 2593 flagiciosus
1586 2513 1724 2575 adoles·

387 2636 471 2679 cens
495 2620 635 2698 spectat
665 2619 825 2682 tabulam
848 2620 992 2699 pictam.
1024 2619 1080 2681 Da
1104 2638 1197 2681 nunc
1220 2618 1351 2680 Acrisii
1387 2619 1537 2700 hymbre
1571 2621 1725 2700 preciosi

387 2725 522 2786 metalli
545 2745 567 2786 a
591 2725 676 2787 Iove
699 2729 997 2789 rememorantem
1022 2731 1238 2806 corruptam,
1270 2730 1306 2788 et
1335 2745 1398 2787 sue
1431 2727 1572 2789 libidini
1604 2730 1724 2807 patro·

386 2832 517 2893 ciuium
541 2835 680 2911 prestat
704 2832 854 2895 dicens:

795 3016 807 3041 ε
829 2996 886 3070 Qui
904 2999 1020 3064 templa
1039 2998 1098 3050 celi
1117 3014 1237 3051 summa
1256 3001 1359 3052 sonitu
1376 2999 1529 3052 concutit:

460 3086 553 3155 »Ego
571 3086 733 3140 homuncio
752 3088 810 3140 hoc
828 3103 892 3140 non
909 3086 1070 3140 iacerem?
1089 3095 1145 3155 ego
1163 3102 1239 3141 vero
1258 3089 1334 3141 illud
1352 3086 1421 3149 ieci,
1439 3104 1475 3141 ac
1493 3089 1619 3141 lubens»
1631 3086 1649 3141 ²¹.

388 3238 425 3300 Si
460 3259 547 3302 vero
587 3260 657 3302 non
695 3241 844 3302 credant
868 3242 930 3320 qui
968 3242 1090 3321 legunt
1127 3244 1263 3320 poetas,
1289 3260 1406 3304 nonne
1443 3243 1562 3303 foculo
1599 3243 1722 3304 innate

386 3348 524 3409 luxurie
548 3349 696 3427 apponit
719 3349 823 3428 ligna,
849 3348 1017 3427 stipulam
1041 3350 1241 3429 congregat,
1267 3352 1409 3410 nactam
1438 3351 1554 3428 parat,
1578 3348 1721 3429 periun-

387 3454 441 3515 dit
464 3455 617 3534 adipem,
642 3453 779 3533 fiatque
802 3453 928 3516 follere
951 3455 1088 3534 grandi,
1112 3457 1152 3516 ut
1175 3455 1331 3527 tandem,
1356 3457 1386 3516 si
1410 3455 1507 3517 nulla
1528 3456 1600 3517 alia
1616 3456 1722 3518 detur

386 3562 621 3641 oportunitas,
647 3562 683 3622 in
706 3561 863 3641 seipsum
886 3563 1100 3623 scandescat
1123 3560 1323 3634 Narcissus,
1341 3580 1447 3641 quem
1461 3563 1604 3642 inopem
1617 3564 1722 3643 copia

385 3666 479 3739 fecit,
504 3672 567 3730 aut
592 3688 671 3730 curn
694 3664 935 3731 Terrenciano
960 3669 1065 3740 ciare,
1092 3670 1178 3748 quin
1193 3670 1318 3749 pocius
1335 3670 1501 3741 insanire,
1519 3670 1720 3749 contingat:

682 3841 694 3869 ι
716 3824 764 3876 Nil
782 3826 854 3877 volo
873 3825 957 3877 alind
975 3825 1035 3877 nisi
1053 3825 1290 3877 philomenam»
1303 3823 1322 3876 ⁴.

492 3988 667 4050 Veritatis
691 4007 777 4050 vero
800 3961 921 4051 hostes
954 3987 1063 4050 fuisse
1093 3992 1219 4069 poetas
1251 4008 1321 4051 non
1352 3990 1464 4051 tacuit
1493 3989 1719 4070 Augustinus,
1735 4007 1765 4070 3Ι

385 4096 448 4157 ubi
486 4114 609 4158 eorum
644 4096 785 4158 tabulas
826 4095 914 4157 dicit
951 4097 1062 4157 multa
1086 4098 1313 4168 mencientes,
1339 4101 1374 4158 et
1398 4098 1456 4157 vix
1483 4097 1561 4159 veri
1583 4098 1720 4177 aliquid

385 4202 595 4274 indicantes,
620 4203 678 4263 vel
701 4200 968 4282 significantes⁵.
994 4202 1071 4265 Hoc
1096 4206 1216 4265 autem
1239 4205 1411 4284 precipue
1448 4223 1573 4267 verum
1607 4208 1662 4267 est
1686 4207 1721 4267 et

388 4398 600 4407 ———-—

492 4601 524 4661 u)
546 4624 576 4633 -
596 4614 669 4650 mox
688 4598 720 4649 ut
740 4612 777 4649 eo
796 4597 891 4650 libido
906 4634 1047 4649 .......
1062 4597 1138 4664 quid
1156 4597 1283 4664 Jupiter,

495 4772 515 4838 ¹)
534 4775 631 4839 ciro,
648 4777 727 4828 urst.
748 4775 797 4840 111,
818 4776 860 4828 rs.

492 4862 513 4929 ²)
532 4866 621 4917 Piens.
642 4864 734 4918 saur.
754 4864 804 4928 111,
823 4864 859 4917 36

784 4980 893 4993 ......
908 4962 982 5004 quum
997 4953 1051 4996 dira
1067 4953 1145 4994 libido

784 5024 888 5065 moverit
902 5024 1023 5075 ingenium
1039 5025 1144 5067 terrenti
1156 5025 1232 5065 tincta
1246 5034 1347 5066 veneno.
1409 5043 1413 5050 »

491 5092 514 5159 ³)
532 5095 576 5148 cl.
595 5094 750 5149 masur.
769 5097 908 5150 Eunuoh.
931 5098 981 5161 ΙΙΙ,
1000 5110 1030 5162 v,
1048 5100 1093 5163 42,
1112 5100 1155 5152 43.

491 5182 513 5249 ⁴)
532 5186 577 5237 ln.
597 5184 726 5249 Andria,
746 5185 819 5249 11,1,
838 5187 863 5250 8,
885 5205 920 5239 ‹.
939 5228 944 5239 .
961 5226 966 5239 .
983 5230 988 5239 .
1004 5189 1082 5240 nihil
1101 5189 1194 5252 aliud,
1216 5188 1276 5240 nisi
1294 5188 1508 5240 Philumenam
1526 5188 1597 5241 volo
1608 5208 1630 5249 »,

491 5270 513 5340 r³)
532 5274 563 5327 S.
584 5276 665 5329 AUG.
687 5277 733 5329 De
749 5275 832 5329 civit.
851 5279 918 5339 Det,
937 5277 974 5341 11,
991 5277 1107 5330 xiv.1n
1128 5277 1218 5343 Oper.
1231 5276 1296 5339 VII,
1314 5278 1357 5330 58.
