4300 6117
475 856 541 919 298
987 864 1147 919 LUCULA
1168 862 1309 917 NOCTIS

373 1106 376 1113 ’
475 1090 566 1151 tales
589 1088 749 1151 homines
774 1089 992 1168 persuadere
1016 1087 1218 1150 homInibus
1240 1091 1281 1150 nt
1306 1090 1400 1151 bene
1419 1089 1554 1159 vivant,
1579 1089 1615 1148 et
1634 1082 1822 1165 Xpistiani

475 1215 547 1257 non
570 1199 661 1258 sunt.
686 1195 756 1257 Per
778 1196 886 1258 allam
908 1198 1049 1274 partem
1064 1196 1189 1257 volunt
1204 1195 1411 1268 ascendere,
1433 1213 1563 1274 rapere
1580 1197 1616 1256 et
1635 1193 1816 1263 occidere,

475 1322 547 1365 non
570 1306 610 1365 ut
632 1305 765 1382 pastor,
792 1320 1006 1365 conservare
1030 1305 1140 1381 atque
1163 1303 1314 1364 salvare.
1338 1302 1499 1364 Fuerunt
1530 1301 1677 1380 quidam
1701 1300 1823 1379 philo·

476 1410 588 1489 sophi,
614 1409 660 1471 de
682 1410 874 1472 virtutibus
897 1412 1006 1488 atque
1029 1409 1131 1471 viciis
1164 1410 1309 1471 subtilia
1342 1410 1455 1471 multa
1489 1410 1698 1479 tractantes,
1723 1408 1817 1468 divi·

477 1517 612 1588 dentes,
646 1514 874 1589 diffinientes,
908 1516 1210 1583 raciocinaciones
1233 1518 1460 1578 acutissimas
1484 1515 1739 1578 concludentes
1777 1515 1821 1575 et

475 1624 586 1686 libros
608 1624 806 1703 implentes,
831 1624 1051 1702 sapienciam
1073 1642 1175 1686 suam
1189 1625 1312 1687 buccis
1333 1624 1565 1703 crepantibus
1582 1621 1815 1685 ventilantes.

478 1732 538 1810 qui
574 1732 686 1793 eciam
724 1732 844 1792 dicere
875 1730 1051 1792 auderent
1082 1730 1306 1794 hominibus:
1346 1729 1418 1792 Nos
1454 1730 1651 1809 sequimini,
1678 1730 1820 1789 sectam

478 1840 637 1900 nostram
662 1841 788 1909 tenete,
813 1839 845 1899 si
876 1838 984 1901 vultIs
1019 1839 1111 1901 bene
1145 1840 1277 1911 vivere,
1301 1839 1366 1901 sed
1401 1838 1488 1917 quia
1525 1855 1596 1898 non
1630 1835 1817 1896 intrabant

478 1963 544 2024 per
566 1945 729 2017 hostium,
755 1945 907 2025 perdere
930 1946 1109 2018 volebant,
1133 1949 1292 2008 mactare
1316 1949 1353 2008 et
1376 1946 1589 2007 occidere».
1631 1941 1709 2004 Hec
1735 1959 1818 2003 curn

476 2053 639 2132 pluribus
662 2052 884 2132 Augustinus
902 2050 922 2113 ¹.

433 2153 464 2215 2.
589 2158 735 2223 Reduco
759 2160 865 2239 igItur
886 2160 949 2221 illa
971 2164 1121 2241 septena
1145 2160 1265 2240 capita
1285 2160 1385 2241 ydre,
1410 2160 1446 2221 in
1469 2159 1636 2238 opposita
1670 2156 1816 2217 racione

479 2265 623 2339 diffusa,
647 2267 695 2329 ad
719 2268 788 2328 tria
811 2268 1015 2329 necessaria
1038 2268 1132 2329 bone
1154 2268 1227 2329 vite
1250 2268 1456 2347 prestancia
1475 2284 1605 2345 purum
1628 2268 1819 2342 tutumque

480 2374 659 2445 ducatum,
685 2392 706 2435 a
730 2373 859 2453 quibus
884 2375 1098 2436 secularium
1120 2375 1240 2436 littere
1268 2379 1350 2436 sunt
1382 2374 1543 2435 totaliter
1573 2372 1699 2441 aliene,
1724 2370 1818 2431 sicut

474 2482 516 2542 'in
538 2482 759 2561 preallegata
781 2480 1024 2561 Augustini
1054 2482 1270 2544 auctoritate
1293 2482 1472 2543 veraciter
1506 2482 1562 2541 est
1596 2495 1815 2557 expressum.

479 2588 638 2650 Primum
661 2591 716 2650 est
739 2587 973 2650 catholica
990 2589 1126 2662 iides;
1146 2621 1179 2629 -
1204 2589 1409 2660 secundum,
1434 2586 1670 2647 humilitas
1695 2583 1819 2647 ordi-

480 2698 602 2769 nata;
626 2728 668 2739 —-
692 2696 842 2757 tercium
866 2714 962 2767 vero,
989 2696 1176 2758 caritas
1199 2693 1468 2757 inflamata.
1501 2728 1544 2736 —
1575 2692 1651 2755 Iam
1675 2694 1815 2755 constat

481 2802 577 2882 quod
601 2803 820 2882 impossibile
845 2804 998 2865 estsine
1021 2801 1096 2864 fide
1118 2803 1264 2882 placere
1279 2801 1387 2876 Deo²;
1412 2801 1465 2863 sic
1488 2805 1612 2863 notum
1636 2804 1691 2862 est
1706 2800 1815 2861 nemi·

481 2928 562 2971 nem
597 2909 687 2971 dare
720 2928 827 2989 posse
851 2910 948 2989 quod
972 2910 1184 2983 nonhabet,
1224 2914 1334 2989 atque
1357 2909 1516 2971 ethnicos
1545 2910 1693 2970 cunctos
1716 2908 1818 2968 recta

480 3016 555 3079 fide
588 3034 722 3078 carere.
760 3016 893 3078 Fateor
916 3017 1038 3090 eciam,
1077 3018 1175 3096 quod
1202 3015 1257 3079 ias
1283 3020 1339 3079 est
1361 3017 1408 3078 ab
1429 3015 1532 3078 hoste
1556 3015 1679 3077 doceri
1689 3012 1711 3085 ³,
1752 3014 1818 3075 sed

481 3123 605 3186 seduci
627 3143 649 3185 a
672 3124 813 3185 nemine
835 3124 928 3186 licet.
967 3122 1016 3186 Ut
1040 3137 1124 3203 ergo
1160 3126 1350 3204 quisquam
1385 3125 1432 3186 sit
1456 3141 1570 3203 capax
1604 3122 1692 3183 fidei
1725 3122 1814 3182 inse·

481 3231 592 3293 rende
615 3230 788 3302 doctrine,
824 3235 967 3312 oportet
991 3232 1090 3310 quod
1113 3233 1160 3293 sit
1182 3232 1261 3311 ipse
1283 3230 1412 3303 fidelis,
1442 3248 1553 3292 verax
1576 3234 1612 3291 et
1636 3230 1757 3290 clarus
1781 3228 1815 3287 in
1899 3246 1904 3254 ·

481 3336 696 3399 testificante
732 3356 904 3399 sermone.
941 3336 1081 3417 LInquo
1105 3341 1226 3400 cetera
1250 3357 1330 3417 que,
1366 3342 1519 3417 utraque
1552 3338 1628 3417 lege
1652 3336 1817 3405 docente,

480 3447 608 3506 testem
631 3444 794 3506 veritatis
824 3446 1004 3525 complent
1037 3446 1227 3526 ydoneum.
1266 3445 1400 3507 Fidelis
1436 3445 1559 3523 utique
1592 3462 1672 3505 esse
1708 3443 1816 3504 debet

479 3552 567 3613 fidei
590 3552 691 3613 testis
714 3554 750 3613 et
772 3553 845 3613 vlte
868 3553 961 3613 bone
984 3554 1152 3633 magister
1175 3554 1251 3614 sive
1276 3553 1467 3614 consultor.
1501 3550 1562 3612 AIt
1588 3568 1746 3629 namque
1768 3547 1815 3610 ad

481 3658 764 3721 Boniiacium
786 3659 1082 3739 Augustinus,
1106 3669 1201 3721 xxm
1224 3659 1264 3745 Q.
1286 3659 1323 3721 4:
1360 3659 1465 3739 Ipsa
1487 3660 1658 3737 pietas:
1692 3656 1817 3741 «Quos

481 3766 574 3829 enim
597 3765 720 3827 divina
752 3767 955 3828 testimonia
979 3786 1048 3829 non
1072 3769 1252 3857 secuntur,
1289 3767 1431 3845 pondus
1455 3765 1600 3827 humani
1624 3763 1814 3826 testimonii

481 3873 718 3952 perdiderunt
732 3872 773 3934 2⁴.
800 3906 839 3915 —
865 3872 957 3935 Hinc
983 3872 1136 3954 Spiritus
1162 3873 1314 3936 Sanctus
1338 3892 1404 3952 per
1434 3872 1817 3934 EcclesiastIcum

481 3980 626 4062 yronice
649 3981 816 4059 loquitur,
841 3981 980 4043 dicens:
1008 3980 1127 4042 <Cum
1149 3982 1228 4043 viro
1252 3982 1449 4062 trreligIoso
1473 3983 1592 4041 tracta
1615 3980 1662 4041 de
1684 3980 1814 4041 sancti·

482 4090 565 4159 tate,
606 4090 642 4149 et
672 4106 752 4149 cum
785 4088 916 4149 iniusto
952 4089 998 4150 de
1030 4089 1181 4159 tusticia,
1222 4091 1258 4150 et
1290 4106 1370 4150 cum
1404 4088 1553 4149 muliere
1586 4087 1632 4148 de
1655 4087 1723 4148 hiis
1747 4104 1834 4166 que*

483 4194 668 4267 emulatur,
705 4214 786 4256 cum
810 4195 936 4257 ttmido
959 4196 1005 4257 de
1030 4197 1135 4269 bello,
1170 4215 1251 4257 cum
1274 4196 1501 4276 negociatore
1525 4194 1572 4256 de
1595 4194 1815 4264 traiectione,

593 4591 613 4658 ¹)
632 4592 661 4644 S.
680 4592 759 4645 ΑΗΚ.
778 4590 858 4645 Aue.
883 4594 919 4645 In
936 4594 1041 4646 lehun.
1061 4594 1177 4663 Evang.
1196 4591 1296 4646 Tract
1314 4594 1402 4645 XLV.
1421 4608 1486 4660 cap.
1506 4592 1576 4657 2,3.
1603 4592 1639 4644 In
1655 4592 1815 4659 Oper.111.

484 4684 565 4735 Pars
583 4684 635 4735 alt.
655 4683 733 4735 1720.

592 4769 613 4838 ²)
632 4773 661 4825 S.
681 4774 787 4836 PAUL,
806 4775 849 4825 ad
865 4773 958 4826 Hebr.
976 4773 1027 4835 XI,
1046 4772 1072 4826 6.

593 4859 612 4926 ³)
644 4861 688 4915 cl.
707 4877 811 4928 supra,
830 4877 859 4929 p.
879 4863 922 4923 11,
940 4864 1014 4937 note
1033 4862 1058 4914 2.

590 4949 612 5017 ⁴)
631 4951 660 5003 S.
679 4951 759 5005 Aue.
785 4953 831 5003 De
852 4951 1042 5005 correctione
1059 4954 1300 5029 Ilonattstumm,
1322 4953 1415 5005 Liber
1432 4954 1475 5005 ad
1490 4950 1695 5017 Bomsaetnm,
1713 4968 1778 5020 cap.
1795 4961 1815 5014 1,

484 5037 502 5108 ᾖ
522 5042 546 5095 5.
566 5041 602 5092 In
623 5040 713 5107 oper.
732 5043 753 5093 t.
774 5041 810 5104 II,
829 5042 886 5094 col.
906 5040 967 5094 794.
998 5068 1024 5077 —
1048 5041 1093 5095 cf.
1114 5042 1266 5093 GRAm.
1287 5042 1360 5108 Cap.
1379 5044 1454 5108 Ipsa
1470 5045 1573 5109 pletas
1589 5042 1697 5107 XXIV,
1715 5042 1749 5116 Q.
1767 5040 1814 5105 IV,

485 5131 585 5184 Causa
604 5130 710 5182 XXIII.
