4300 6117
438 882 504 946 408
941 893 1101 947 LUCULA
1122 891 1263 947 NOCTIS

440 1117 593 1178 torum
627 1115 791 1178 edicto
820 1120 964 1178 cautum
987 1119 1060 1179 est:
1093 1115 1163 1202 Qui
1185 1117 1274 1179 artis
1298 1108 1312 1201 {l
1337 1117 1477 1179 ludicre
1499 1117 1770 1196 pronunciandi,

438 1241 483 1284 ne
495 1240 605 1285 causa
617 1223 654 1283 in
667 1241 776 1284 scena
785 1223 981 1302 prodirent,
997 1225 1076 1303 ipso
1089 1225 1184 1286 iacto
1199 1224 1418 1286 haberentur
1427 1223 1587 1287 infames.
1598 1223 1770 1294 -Porro,

437 1332 520 1409 post
543 1327 840 1391 Silv'estrnm
868 1331 1087 1410 pontificem,
1114 1334 1150 1392 ei
1174 1329 1341 1393 Cesarem
1373 1329 1772 1393 Constantinum

437 1437 604 1517 priorem,
628 1436 659 1498 si
683 1437 861 1499 credimus
885 1438 932 1499 de
955 1436 1208 1500 Certaldo
1230 1438 1527 1500 venerando
1551 1435 1771 1510 Iohanni¹,

438 1543 637 1622 pullulante
670 1543 828 1622 undique
863 1544 957 1605 etin
989 1545 1086 1606 diem
1110 1546 1294 1607 crescente
1323 1544 1398 1606 fide
1422 1544 1610 1616 catholica,
1650 1545 1773 1607 talium

438 1651 654 1712 comicorum
684 1668 748 1712 seu
777 1652 999 1714 scenicorum
1031 1652 1191 1713 carmina
1213 1651 1447 1714 absolverunt
1475 1671 1498 1713 a
1520 1651 1641 1713 seculo
1665 1669 1768 1714 sacre

437 1759 542 1837 leges.
567 1756 646 1819 Non
668 1775 868 1837 prosequor
890 1758 998 1830 dicta,
1023 1759 1109 1837 quia
1131 1759 1167 1819 in
1191 1759 1374 1821 sentencia
1397 1758 1636 1821 dissentimus.
1676 1758 1770 1820 Alio·

438 1876 517 1925 rum
532 1883 628 1936 vero,
652 1883 742 1943 quos
758 1864 854 1927 idem
868 1865 1095 1928 venerandus
1119 1867 1154 1927 et
1177 1866 1369 1928 modernus
1393 1868 1502 1945 poeta
1517 1865 1606 1929 dicit
1621 1866 1769 1928 fictores

437 1970 605 2043 illustros,
627 1973 674 2034 ab
697 1971 767 2033 illis
790 1971 992 2034 monarchis
1016 1974 1052 2034 et
1067 1991 1091 2033 a
1106 1972 1265 2035 semideo
1281 1971 1432 2034 Platone
1454 1991 1526 2034 non
1549 1990 1629 2034 esse
1646 1957 1773 2052 damp-

439 2076 574 2150 natos²,
600 2097 680 2140 cum
702 2081 831 2151 tamen,
856 2079 894 2140 in
915 2079 976 2140 illo
999 2079 1129 2142 libro
1153 2078 1216 2141 De
1239 2078 1527 2158 Republica,
1562 2079 1773 2141 nominatim

439 2183 543 2246 Plato
577 2184 689 2265 pellat
721 2184 933 2258 Homerum,
971 2186 1010 2247 id
1044 2187 1227 2265 pandente
1257 2187 1434 2266 discipulo
1456 2189 1528 2258 tuo,
1568 2205 1622 2248 ve
1639 2205 1773 2248 nera·

438 2292 531 2354 bili
566 2291 800 2364 Aretino,
835 2293 897 2372 qui
919 2293 1010 2355 illud
1032 2294 1243 2372 opusculum
1278 2294 1324 2356 de
1347 2305 1454 2374 greca
1476 2291 1596 2374 lingua
1624 2293 1770 2356 reduxit

439 2400 476 2460 in
498 2402 658 2460 nostram
668 2397 689 2461 ³.
721 2399 801 2462 Non
823 2400 1046 2479 condempno
1070 2403 1199 2462 cuncta
1221 2403 1262 2462 ut
1284 2400 1385 2472 falsa,
1408 2400 1520 2462 velud
1543 2400 1694 2479 quidam
1717 2417 1771 2461 re·

438 2508 552 2569 boans
576 2507 708 2568 acriter
730 2507 768 2568 in
783 2525 905 2570 omnes
921 2510 1057 2586 poetas,
1082 2525 1248 2570 asserens
1271 2526 1310 2570 se
1329 2507 1464 2569 nullum
1480 2525 1640 2586 unquam
1656 2507 1772 2569 eciam

441 2613 491 2675 ad
512 2614 729 2675 momentum
751 2614 887 2693 legisse,
923 2614 1027 2693 quasi
1050 2633 1122 2676 non
1144 2613 1253 2677 fuerit
1287 2615 1382 2676 omni
1413 2614 1490 2694 lege
1513 2614 1606 2675 iuste
1640 2613 1770 2675 sancti·

443 2723 535 2782 tum:
558 2719 741 2782 Neminem
764 2721 964 2783 inauditum
988 2738 1067 2783 esse
1090 2721 1369 2800 dampnandum.

396 2819 428 2883 3.
549 2826 628 2889 Non
651 2828 745 2889 enim
766 2828 887 2890 sencio
914 2828 995 2890 illos
1020 2846 1170 2900 errasse,
1206 2829 1268 2890 ubi
1290 2827 1436 2908 phisicis
1464 2827 1669 2890 racionibus
1692 2828 1774 2889 sub·

443 2934 553 2997 tiliter
575 2934 766 3014 protulere,
791 2933 1068 3016 Demogorgonis
1102 2935 1255 2997 numinis
1289 2934 1405 3014 primi,
1441 2953 1547 3013 quem
1586 2935 1775 2996 volucrunt

442 3044 582 3103 veteres
607 3059 685 3103 esse
708 3037 979 3114 Tellurem,
1004 3061 1132 3104 novem
1148 3041 1252 3115 filios,
1278 3042 1461 3121 quisunt:
1486 3039 1662 3121 Litigium,
1687 3039 1772 3112 Pan,

445 3146 557 3222 Cloio,
592 3146 772 3221 Lachesis,
807 3148 973 3229 Atropos,
1002 3148 1137 3220 Pollux,
1175 3148 1344 3222 Phaneta,
1375 3144 1500 3220 Terra,
1524 3149 1635 3227 atque
1663 3145 1776 3210 Here·

442 3255 540 3318 bus⁴.
566 3291 607 3302 -
631 3251 790 3317 Terre
819 3274 960 3335 quoque
984 3258 1231 3335 ascripserunt
1253 3274 1296 3319 ex
1319 3255 1447 3336 ignotis
1470 3255 1690 3336 genitoribus
1715 3272 1776 3333 pe-

443 3364 598 3444 perisse:
637 3361 795 3433 Noctem,
830 3359 1032 3435 Tartarum,
1068 3363 1225 3435 Famam,
1261 3361 1434 3443 Gagetam
1458 3364 1493 3424 ei
1515 3361 1705 3424 Antheum.
1733 3395 1775 3406 -

444 3468 504 3533 Sic
526 3469 701 3542 Herbero,
728 3488 834 3548 quem
857 3473 1019 3532 centrum
1044 3472 1141 3533 terre
1162 3471 1287 3533 volunt
1310 3487 1389 3532 esse
1413 3469 1563 3549 priores,
1591 3468 1653 3531 ubi
1674 3467 1777 3547 puni·

443 3580 551 3640 untur
575 3577 693 3639 anime
715 3580 846 3648 sontes,
882 3580 986 3639 natos
1010 3577 1205 3640 dederunt:
1246 3576 1423 3648 Amorem,
1449 3573 1626 3647 Graciam,
1661 3573 1776 3637 Labo-

444 3703 529 3757 rem,
553 3685 807 3757 Invidenciam,
841 3683 989 3756 Metum,
1013 3683 1152 3756 Dolum,
1179 3683 1368 3756 Fraudem,
1394 3682 1642 3754 Pertinaciam,
1667 3680 1776 3761 Eges-

444 3794 563 3865 iatem,
586 3791 781 3864 Miseriam,
817 3791 972 3864 Famem,
996 3790 1198 3877 Querelam,
1221 3789 1398 3862 Morbum,
1431 3788 1668 3860 Senectutem,
1695 3787 1776 3850 Pal·

443 3899 566 3970 lorem,
579 3896 789 3972 Tenebram,
804 3898 1008 3979 sompnum,
1023 3897 1187 3970 Mortem,
1202 3897 1410 3970 Charonem,
1421 3895 1540 3958 Ditem
1553 3898 1589 3958 et
1600 3895 1723 3958 Ether.
1732 3927 1775 3937 -

444 4005 505 4069 Hii
527 4026 623 4080 vero,
661 4007 722 4086 qui
756 4006 909 4087 primam
944 4024 1065 4069 rerum
1089 4023 1234 4068 causam
1265 4004 1381 4085 ignem
1403 4006 1630 4084 putaverunt,
1668 4020 1775 4081 quem

445 4205 657 4214 ----——-—

552 4329 573 4399 ¹)
591 4330 672 4386 Tout
689 4347 725 4386 ce
742 4340 875 4401 passage
892 4332 940 4385 est
957 4332 1022 4399 pris
1046 4331 1269 4384 litteralement
1286 4330 1326 4382 de
1345 4329 1497 4384 Boccace:
1522 4331 1569 4382 De
1594 4327 1776 4396 Genealogia

444 4424 578 4485 deorum,
596 4422 649 4474 lib.
666 4421 745 4474 XIV.

553 4508 574 4577 ²)
592 4511 752 4574 Boccncz,
780 4512 834 4564 loc.
852 4513 909 4573 oti,
935 4510 1113 4577 pretendait
1138 4524 1199 4576 que
1217 4509 1299 4563 senis
1318 4509 1364 4562 les
1381 4507 1530 4561 histrione
1553 4508 1585 4560 et
1602 4507 1650 4560 les
1668 4507 1776 4559 mimes

445 4601 511 4664 etc..
530 4601 655 4654 avaient
667 4594 723 4653 'ete
741 4600 846 4654 aolus
863 4614 921 4666 par
934 4601 1053 4662 Platon,
1079 4599 1156 4652 mais
1179 4599 1351 4653 nullement
1375 4598 1421 4652 les
1439 4597 1547 4664 poetes
1572 4596 1776 4663 proprement

445 4691 515 4743 dits.
552 4690 594 4743 lci
611 4689 765 4742 Dominici
783 4690 858 4743 e'tait
876 4690 955 4742 dans
973 4691 1004 4744 la
1023 4689 1122 4741 verite
1141 4690 1246 4741 contre
1264 4688 1410 4741 Boccace.
1730 4685 1739 4704 ⁸

553 4775 573 4844 ¹)
592 4780 732 4842 PLATON,
756 4781 794 4832 de
812 4780 989 4846 Republica,
1006 4779 1058 4830 lib.
1077 4779 1120 4840 ΙΙ;
1145 4777 1215 4830 Did.
1233 4778 1269 4840 ΙΙ,
1288 4777 1330 4830 36.
1367 4776 1426 4829 Sur
1443 4775 1474 4827 la
1493 4774 1669 4827 traduction
1686 4773 1727 4826 de
1745 4775 1777 4826 la

446 4870 563 4936 Repub.
582 4869 623 4921 de
640 4869 760 4932 Platon,
778 4883 836 4935 par
855 4868 1018 4921 Leonardo
1036 4868 1143 4930 Bruni,
1163 4867 1201 4920 ci.
1219 4882 1332 4933 supra,
1351 4880 1381 4932 p.
1403 4864 1463 4928 16⁵,
1481 4866 1554 4917 note
1574 4865 1599 4914 1.

552 4957 574 5023 ⁴)
593 4957 745 5011 Dominici
769 4971 849 5024 pour
873 4959 940 5011 tout
965 4971 1000 5010 ce
1025 4957 1098 5024 long
1119 4955 1214 5009 deiile
1238 4957 1279 5010 de
1302 4954 1417 5022 ligures
1442 4953 1689 5023 mythologiques
1707 4952 1777 5005 s'in-

447 5047 531 5114 spire
550 5049 670 5101 surtoot
687 5048 728 5100 de
745 5048 776 5100 la
797 5043 975 5115 Genealogie
994 5048 1049 5098 des
1066 5048 1158 5099 dieux
1175 5046 1215 5098 de
1233 5044 1379 5098 Boccace.
1402 5071 1428 5079 -
1455 5041 1499 5096 ci.
1517 5041 1652 5094 William
1670 5041 1777 5106 Smith,

446 5138 654 5190 Diciionnatre
673 5138 825 5202 classique
849 5138 887 5188 de
911 5137 1103 5204 Blograpbie,
1129 5135 1313 5202 Mytlrologie
1338 5135 1368 5186 et
1394 5129 1582 5200 Ge'ograplrie
1607 5134 1777 5184 anciennes.

448 5227 505 5279 Ed
523 5226 647 5296 Louisy,
666 5226 762 5291 Paris,
783 5225 860 5279 1884.
