4300 6117
867 954 1054 1008 IOHANNIS
1076 953 1257 1008 DOMINICI
1642 943 1708 1006 129

373 1195 453 1239 rere
476 1177 583 1257 igitur
606 1195 662 1238 me
686 1180 828 1256 oportet
853 1176 952 1238 illum
968 1175 1252 1237 amantissimum
1271 1176 1387 1255 ignem
1404 1175 1574 1248 caritatis,
1599 1193 1706 1254 quem

371 1283 544 1346 Dominus
568 1283 763 1345 interram
790 1283 932 1345 mittere
954 1283 1054 1344 venit
1078 1285 1114 1343 ei
1136 1282 1250 1344 voluit
1273 1282 1501 1368 vehementer
1524 1282 1673 1344 accendi
1685 1279 1705 1353 ¹,

373 1391 449 1453 eius
472 1390 620 1470 pruinas
655 1390 825 1451 ardentes
860 1407 931 1451 non
955 1392 1077 1468 petam
1100 1407 1123 1450 a
1145 1389 1272 1469 gelidis
1299 1390 1415 1460 undis,
1452 1389 1533 1450 nive
1556 1390 1706 1469 algente,

371 1496 527 1559 brumali
549 1497 688 1577 pruina,
725 1495 898 1576 grandine
920 1494 1060 1576 frigida,
1087 1495 1319 1575 rigorosaque
1342 1495 1465 1575 glacie,
1489 1498 1525 1557 et
1548 1495 1579 1556 si
1601 1496 1708 1557 inter·

373 1605 458 1666 dum
470 1603 536 1664 hec
551 1603 745 1664 videantur
761 1603 1073 1665 coruscacionibus
1091 1603 1127 1664 et
1142 1600 1238 1664 Iovis
1255 1601 1461 1664 fulminibus
1477 1603 1571 1674 totis,
1588 1604 1706 1664 tamen

373 1708 576 1780 mortiferis,
598 1703 719 1772 mixta.

462 1813 591 1878 Tercio
621 1817 673 1878 sic
704 1816 909 1878 declaretur
931 1817 1050 1877 minor
1073 1816 1224 1877 eadem:
1260 1812 1361 1877 Vita
1389 1813 1755 1895 Xpistianorumli.

373 1927 440 1986 est
463 1923 551 1984 vita
575 1914 589 2006 ll
618 1921 825 2002 perfecta.
863 1921 977 2002 Ergo
1001 1923 1054 1984 ad
1078 1941 1152 1984 eos
1176 1923 1373 2002 pertinet
1403 1923 1539 1984 omnia
1570 1940 1709 2002 super·
1789 1916 1912 1981 B2'ivo

372 2029 462 2092 ilua
496 2048 730 2101 resecasse,
767 2033 808 2092 et
831 2029 972 2091 solum
1004 2033 1127 2091 recto
1155 2029 1329 2091 tramite
1358 2047 1402 2091 se
1434 2029 1488 2091 ad
1521 2030 1710 2092 ultimum

373 2137 563 2217 dirigere
586 2135 722 2198 tinem.

460 2239 591 2306 Totum
612 2244 681 2306 hoc
704 2244 846 2323 aperuit
870 2243 966 2306 clare
989 2242 1172 2315 Dominus,
1189 2244 1313 2306 dicens
1331 2263 1338 2304 :
1359 2263 1374 2297 c
1393 2244 1511 2307 Nolite
1527 2257 1611 2324 ergo
1627 2245 1709 2306 soli·

373 2351 434 2414 citi
457 2369 546 2422 esse,
572 2351 753 2413 dicentes:
776 2351 864 2430 quid
896 2351 1203 2423 manducabimus,
1236 2354 1298 2413 aut
1330 2351 1417 2430 quid
1449 2352 1622 2423 bibemus,
1647 2354 1711 2414 aut

374 2477 444 2538 quo
460 2458 684 2538 operiemur?
710 2457 777 2519 hec
795 2458 913 2519 omnia
926 2461 1048 2538 gentes
1060 2459 1255 2537 inquirunt.
1275 2455 1351 2520 Scit
1360 2457 1455 2520 enim
1467 2456 1576 2520 Pater
1591 2461 1711 2521 vester

374 2566 458 2645 quia
479 2565 547 2627 hiis
571 2565 734 2626 omnibus
759 2565 934 2643 indigetis.
960 2563 1108 2651 Queriie
1132 2577 1216 2644 ergo
1239 2565 1393 2645 primum
1416 2577 1563 2646 regnum
1583 2564 1650 2627 Dei
1675 2569 1711 2628 et

373 2672 550 2734 iusticiam
574 2673 660 2743 eius,
686 2676 720 2733 et
743 2671 810 2732 hec
834 2672 951 2733 omnia
975 2672 1191 2734 adlicientur
1212 2671 1316 2733 vobis
1335 2691 1350 2725 s
1367 2671 1388 2732 ².
1407 2705 1447 2713 -
1465 2671 1505 2734 Si
1527 2672 1710 2752 prohibuit

372 2778 543 2842 Dominus
568 2779 729 2840 laborem
752 2777 810 2840 vel
833 2797 923 2858 opus
947 2780 1015 2840 ada
1033 2797 1157 2841 eorum
1181 2779 1457 2840 sollicitudinem
1481 2780 1558 2841 sine
1580 2781 1710 2859 quibus

372 2886 527 2948 humana
549 2887 624 2947 vita
647 2886 854 2947 conservari
877 2904 949 2947 non
970 2889 1100 2966 potest,
1125 2887 1210 2965 quia
1232 2886 1299 2948 hec
1322 2889 1444 2966 gentes
1466 2887 1650 2965 inquirunt
1674 2890 1710 2948 et

372 2991 551 3073 Xpisiiani
567 2993 700 3054 debent
717 2993 939 3056 incessanter
961 2997 1086 3073 petere
1110 2994 1235 3062 celum,
1262 2996 1397 3072 quanto
1420 2993 1531 3072 magis
1547 2993 1710 3072 gencium

374 3100 531 3161 studium
554 3099 686 3161 abillo
719 3100 940 3179 dignoscitur
969 3100 1208 3170 interdictum,
1234 3099 1332 3179 quod
1364 3100 1441 3161 sine
1470 3100 1711 3162 sollicitudine

373 3207 495 3287 peragi
519 3225 590 3268 non
612 3207 751 3287 potest!
775 3205 874 3268 Inter
896 3207 1173 3269 sollicitudinem
1198 3207 1290 3268 enim
1315 3209 1351 3268 et
1374 3207 1535 3268 laborem
1562 3207 1620 3269 hic
1642 3207 1710 3269 hoc

373 3310 538 3375 interest:
563 3313 648 3392 quia
671 3313 875 3375 sollicitudo
898 3315 1115 3376 anxietatem
1139 3314 1296 3393 spiritus,
1322 3313 1483 3393 corporis
1497 3332 1582 3375 vero
1606 3314 1710 3376 labor

376 3421 580 3500 important.

461 3527 585 3588 Nonne
607 3527 644 3587 in
667 3528 744 3589 toto
767 3528 828 3590 illo
845 3545 1009 3588 sermone
1024 3527 1169 3589 videtur
1192 3527 1326 3589 dixisse
1348 3521 1541 3607 spectareb
1562 3529 1610 3590 ad
1633 3546 1708 3590 rec·
1724 3518 1755 3584 4·

374 3636 447 3695 tum
469 3632 698 3714 Xpistianum
721 3633 923 3713 corporalia
948 3653 1028 3695 cum
1062 3634 1207 3696 alitibus
1242 3633 1465 3714 floribusque
1488 3653 1646 3714 sperare,
1672 3637 1708 3696 ei

373 3741 575 3820 spiritualia
591 3759 671 3802 cum
686 3741 820 3821 angelis
837 3741 874 3801 in
889 3741 1019 3802 divinis
1035 3741 1154 3820 legere
1166 3741 1310 3820 pratis?
1327 3740 1403 3802 Non
1420 3739 1487 3803 iuit
1504 3760 1612 3803 ausus
1628 3741 1708 3802 Phi-

372 3848 493 3927 lippus
512 3848 661 3928 gentiles
684 3848 857 3909 assistere
870 3847 1009 3927 Xpisto,
1042 3849 1104 3927 qui
1127 3848 1364 3910 mandaverat
1385 3867 1564 3910 eumcum
1581 3849 1709 3911 ceteris

374 3955 410 4015 in
429 3955 592 4035 gencium
607 3955 684 4016 vias
705 3973 777 4016 non
793 3955 845 4016 ire
865 3953 886 4015 ³.
910 3953 1134 4017 Verberatus
1153 3958 1207 4016 est
1223 3958 1369 4017 sanctus
1385 3955 1582 4017 Ieronimus
1606 3957 1710 4035 quasi

374 4058 637 4132 Ciceronianus,
662 4080 733 4123 non
748 4060 967 4142 Xpistianus,
988 4080 1059 4141 quo
1076 4080 1157 4123 eum
1173 4063 1315 4142 legebat
1324 4060 1346 4124 ⁴.
1364 4098 1404 4106 -
1419 4061 1548 4124 Pastor
1563 4076 1710 4144 magnus

374 4166 567 4248 Gregorius
582 4164 741 4230 Titulivii
765 4169 876 4230 libros
901 4187 1145 4248 quoscumque
1171 4170 1287 4249 potuit
1310 4170 1470 4248 reperire
1494 4171 1674 4232 combuxit
1688 4167 1709 4232 ⁵.

482 4583 515 4644 a)
534 4597 568 4627 :
588 4581 653 4634 sed.
691 4584 719 4645 e)
741 4609 770 4617 -
791 4583 942 4649 spectare.

484 4755 505 4823 ¹)
524 4757 553 4811 s
573 4758 657 4820 nuc,
676 4758 740 4822 xn,
758 4759 801 4812 49.

484 4843 504 4911 'l
523 4845 553 4899 S.
573 4847 708 4910 Martii,
727 4847 776 4911 Vl,
795 4847 887 4900 31-33.

484 4934 815 5001 ummmm

481 5021 503 5091 ⁴)
523 5024 552 5078 S.
571 5025 703 5078 HIERON.
722 5026 822 5092 Epist.
840 5027 935 5081 ΧΧῚῙ
949 5029 992 5079 ad
1007 5029 1215 5082 Eustochium.
1238 5030 1274 5082 In
1295 5029 1385 5097 Oper.
1402 5031 1423 5095 1,
1441 5030 1503 5083 416.

482 5109 503 5179 ⁵)
521 5112 566 5167 ei.
585 5115 728 5180 Epitome
745 5116 818 5168 libri
832 5115 938 5168 LXXI
953 5119 1081 5182 Liviani,
1106 5133 1171 5185 cap.
1190 5128 1224 5170 lv
1248 5115 1366 5186 [Suppl.
1384 5119 1424 5174 de
1449 5117 1709 5188 Freinshemiuslz

376 5217 389 5243 ¹
403 5202 523 5269 Papam
544 5202 723 5272 Gregorium
748 5207 876 5258 narrari
900 5207 969 5258 odio
993 5209 1251 5273 superstitionum,
1275 5224 1356 5274 quas
1374 5209 1423 5262 ilie
1442 5206 1486 5273 (T.
1504 5208 1622 5274 Livius)
1640 5212 1709 5265 des·

1587 5329 1601 5371 9
