4300 6117
943 981 1103 1035 LUCULA
1125 979 1266 1036 NOCTIS

924 1764 1128 1872 [CAPUT
1159 1763 1292 1870 XV]

528 2128 702 2217 [C]erte
746 2136 815 2197 nil
866 2138 959 2198 tam
1003 2134 1233 2198 infestum
1270 2135 1476 2199 veritati
1525 2136 1775 2215 querende

437 2243 672 2316 arbitror,
722 2261 859 2322 quam
907 2243 1131 2305 terminis
1170 2242 1426 2322 equivocis
1477 2243 1573 2316 uti,
1623 2260 1775 2322 quare

438 2349 727 2413 declarandi
768 2352 877 2412 sunt
920 2349 1039 2412 isti:
1086 2350 1415 2430 xpistianus‚⁸
1448 2349 1772 2430 philosophus

436 2457 538 2519 sive
577 2455 910 2537 philosophia.
949 2458 994 2519 et
1031 2456 1240 2519 licitum.

393 2623 422 2686 1.
526 2624 646 2688 Primo
668 2625 776 2706 igitur
792 2625 885 2688 adeo
903 2643 994 2688 voco
1010 2623 1285 2705 Xpistianum
1303 2643 1353 2699 re,
1371 2644 1442 2689 non
1457 2626 1600 2689 nomine
1619 2626 1772 2696 tantum,

438 2733 499 2812 qui
527 2732 725 2794 secundum
752 2732 925 2794 maiorem
951 2734 1096 2813 partem
1117 2733 1174 2793 sui
1196 2730 1364 2812 Xpistum
1385 2732 1575 2794 Dominum
1599 2731 1769 2793 imitatur.

235 2835 265 2896 B
280 2833 357 2899 28νο
436 2837 527 2901 Nam
550 2840 599 2903 ad
627 2858 751 2901 veram
779 2828 794 2921 ll
830 2836 1086 2900 formationem
1114 2839 1374 2901 adiectivorum
1399 2841 1435 2902 et
1458 2838 1772 2902 denominationes

436 2947 587 3026 exigitur
619 2943 846 3025 qualificacio
878 2945 1058 3025 porcionis
1090 2946 1254 3019 maioris,
1288 2946 1320 3007 si
1352 2949 1466 3009 totum
1497 2964 1569 3008 non
1600 2947 1655 3008 est
1687 2945 1771 3007 tale.

434 3052 536 3116 Licet
551 3051 702 3133 Ethiops
719 3053 864 3132 quidem
879 3053 1006 3115 dentes
1021 3051 1155 3115 habeat
1165 3053 1277 3126 albos,
1295 3053 1398 3115 albus
1410 3055 1530 3115 tamen
1546 3071 1617 3114 non
1629 3051 1773 3124 dicitur,

434 3160 519 3223 inde
541 3177 659 3241 neque
682 3162 783 3222 carta
804 3159 941 3239 scripta
963 3159 1033 3222 rite
1055 3160 1298 3222 nominabitur
1313 3160 1423 3241 nigra,
1440 3178 1485 3223 ex
1502 3177 1574 3238 quo
1589 3159 1636 3221 sit
1660 3157 1769 3238 nigris

435 3267 565 3330 litteris
587 3267 779 3348 picturata.
803 3266 972 3328 Dicamus
997 3279 1081 3347 ergo
1104 3285 1171 3347 pro
1208 3267 1307 3328 clara
1340 3267 1475 3330 noticia
1496 3266 1674 3347 presentis
1698 3283 1780 3328 ser··

437 3375 551 3437 monis
575 3374 905 3437 denomiuacionem
928 3373 1113 3452 requirere
1136 3374 1307 3453 quinque:

391 3476 422 3542 2.
527 3479 685 3542 Primum
720 3482 774 3543 est
809 3480 927 3560 origo
964 3481 1267 3552 constitutiva.
1303 3499 1387 3542 nam
1420 3479 1665 3542 Florentinum
1701 3496 1773 3540 non

438 3606 684 3668 nuncupamus
713 3605 802 3660 eum,
832 3587 895 3666 qui
924 3587 971 3649 de
993 3585 1136 3650 Veneto
1159 3589 1223 3658 est.
1248 3585 1410 3650 Venetiis
1434 3589 1544 3658 ortus,
1572 3587 1658 3648 licet
1685 3585 1775 3647 resi·

438 3695 603 3758 denciam
625 3693 811 3757 Florencie
831 3696 962 3768 teneat,
987 3695 1102 3756 eciam
1126 3711 1207 3756 cum
1230 3696 1305 3756 toto
1330 3694 1436 3756 domo
1460 3712 1535 3756 sua.

528 3799 730 3864 Secundum
756 3803 811 3864 est
834 3801 1004 3863 inhesio
1027 3801 1090 3863 rei
1113 3820 1136 3863 a
1159 3819 1231 3880 qua
1254 3801 1502 3863 denomiuacio
1525 3798 1657 3880 prodit.
1693 3797 1774 3860 Non

438 3909 531 3972 enim
553 3907 777 3989 appellamus
800 3906 979 3970 hominem
1004 3925 1150 3970 aereum
1172 3907 1231 3969 vel
1253 3908 1404 3980 laneum,
1430 3907 1593 3987 quamvis
1624 3906 1773 3968 circum·

438 4015 544 4078 datus
567 4015 615 4077 sit
638 4032 722 4077 aere
746 4032 810 4077 seu
832 4014 938 4076 lanea
960 4016 1069 4077 veste.

526 4120 725 4184 Habitum
748 4139 815 4201 pro
831 4121 943 4186 tercio
959 4139 1063 4200 pono,
1082 4121 1169 4200 quia
1184 4120 1254 4182 nisi
1269 4121 1418 4201 loquens
1434 4122 1542 4194 recte,
1559 4123 1621 4183 aut
1638 4120 1775 4182 musice

436 4229 591 4292 dulciter
612 4228 770 4309 pulsans,
796 4228 894 4307 quod
915 4229 1036 4308 potest
1058 4225 1140 4289 fieri
1162 4245 1185 4289 a
1208 4228 1267 4291 vel
1288 4227 1520 4290 mediocriter
1550 4227 1655 4289 huius
1686 4245 1775 4289 usus

436 4332 608 4416 partilis¹
646 4335 771 4397 habitu
816 4334 863 4396 sit
903 4333 1109 4414 insignitus,
1149 4335 1364 4414 gramaticus
1413 4351 1486 4396 non
1527 4335 1605 4406 erit,
1656 4352 1776 4413 neque

438 4439 663 4526 cythareda2
684 4441 743 4503 vel
765 4441 931 4503 musicus.

543 4817 576 4876 a)
594 4817 637 4870 Le
656 4817 775 4884 coplste
793 4817 908 4884 adopte
926 4816 1174 4871 definitivement
1192 4817 1422 4886 l'orthographe
1441 4817 1512 4871 Chr.

543 4975 565 5042 ¹)
585 4977 617 5031 C.
635 4975 768 5032 salutati
786 4977 866 5030 dans
885 4991 920 5030 sa
939 4977 1073 5044 reponse
1099 4978 1272 5045 reprendra
1289 4976 1440 5031 Dominici
1464 4977 1572 5031 decet
1599 4977 1714 5046 emplol
1730 4977 1775 5032 de

434 5067 567 5135 partilis.
606 5065 651 5120 Cf.
669 5067 868 5133 Epistolario,
886 5066 988 5128 Ν-ΙΡ.
1005 5081 1035 5134 p.
1053 5065 1117 5119 218.

544 5151 566 5220 ¹)
584 5155 666 5209 Pour
685 5156 868 5208 citharedus.
905 5154 939 5208 C.
958 5153 1091 5209 Salutati
1118 5168 1159 5207 ne
1177 5168 1308 5222 passera
1326 5169 1384 5222 pas
1402 5169 1456 5208 sur
1474 5155 1556 5208 cette
1572 5153 1667 5220 laute,
1689 5155 1771 5208 maie

436 5244 468 5298 le
485 5243 553 5299 iera
570 5258 752 5311 remarquer
770 5243 789 5297 a
807 5243 974 5298 Domlnlcl:
994 5263 1007 5289 ι
1069 5244 1232 5298 &theada
1249 5259 1313 5298 non
1330 5244 1479 5307 dicerent¹
1494 5244 1550 5298 red
1561 5244 1664 5312 potius
1677 5243 1776 5300 latine
