4300 6117
803 986 992 1040 IOHANNIS
1013 987 1194 1040 DOMINICI
1631 974 1674 1038 85

345 1207 509 1290 detegit¹,
548 1212 583 1271 et
617 1212 741 1271 narrat
776 1208 1084 1272 Sulmonensis
1114 1208 1280 1288 poeta².
1326 1207 1471 1270 Viderit
1499 1208 1597 1287 quod
1621 1210 1676 1270 esi

339 1335 498 1388 necesse,
532 1318 629 1397 quod
659 1317 910 1397 prestigiorum
937 1320 1063 1379 auctor
1094 1313 1200 1378 tuerit
1221 1316 1432 1378 Mercurius.
1478 1314 1583 1377 Unde
1606 1316 1676 1378 orti

342 1426 423 1485 sunt
458 1425 562 1504 magi,
599 1424 660 1504 qui
690 1425 797 1486 rebus
828 1425 991 1486 adimunt
1021 1425 1160 1504 species
1190 1443 1283 1495 suas,
1313 1424 1524 1503 plerumque
1553 1422 1675 1484 lutura

339 1531 511 1604 dicentes,
539 1533 574 1593 et
589 1550 611 1592 a
627 1534 783 1611 quatuor
806 1532 989 1593 elementis
1013 1535 1169 1611 quatuor
1183 1531 1386 1593 huiusmodi
1401 1531 1540 1610 species
1559 1531 1674 1610 pullu·

338 1637 475 1700 larunt:
513 1639 734 1718 piromancia
768 1638 946 1710 videlicet,
983 1639 1210 1710 aerimancia,
1245 1639 1452 1718 geomancia
1487 1641 1523 1699 et
1556 1639 1672 1717 nigro·

338 1746 488 1818 mancia,
504 1747 779 1818 incantaciones,
797 1746 909 1818 arioli,
928 1746 1134 1826 aurispices,
1153 1748 1280 1807 autore
1293 1741 1442 1825 Tagete²
1453 1742 1474 1817 ³,
1499 1744 1669 1825 phitonia,

340 1853 398 1930 qui
422 1854 462 1912 in
485 1853 680 1932 virginibus
703 1854 815 1933 magis
839 1855 1017 1933 apparent
1039 1853 1221 1924 vultucoli,
1249 1853 1332 1924 lino,
1356 1851 1552 1913 secundum
1575 1851 1670 1912 Vir·

339 1959 498 2038 gilium
509 1957 531 2032 ⁴,
550 1961 605 2020 vel
621 1978 716 2031 cera,
734 1962 773 2020 ut
788 1960 908 2040 placet
922 1957 1115 2032 Nasoni⁵,
1132 1960 1272 2021 utentes
1293 1957 1541 2031 coniectores,b
1556 1959 1669 2021 chiro·

337 2067 540 2138 uomentici,
572 2067 775 2146 specularii.
821 2066 991 2129 Nostrum
1020 2065 1150 2147 Ioseph
1179 2065 1404 2129 defensorem
1431 2066 1614 2138 habentes,
1639 2065 1671 2127 si

337 2191 405 2233 non
445 2175 566 2235 iocose
600 2174 668 2236 hoc
702 2176 816 2236 ierurr
850 2175 896 2235 de
934 2174 1004 2245 illo,
1041 2164 1055 2256 ΙΙ
1091 2173 1333 2235 mathematici
1369 2173 1429 2234 vel
1469 2173 1668 2253 horoscopi,

338 2281 574 2354 salissatores,
599 2281 780 2361 sortilegii,
806 2283 868 2360 qui
891 2284 1039 2342 utuntur
1062 2281 1196 2353 tabula,
1225 2299 1295 2359 que
1317 2280 1561 2360 picthagorica
1583 2299 1670 2340 nun·

338 2392 497 2466 cupatur,
523 2400 674 2468 augures
701 2406 791 2468 quos
815 2388 1025 2449 adinvenire
1047 2386 1170 2468 Friges
1180 2385 1201 2449 ⁶.
1239 2386 1354 2472 Quam
1376 2388 1463 2449 utile
1486 2385 1580 2449 foret
1602 2387 1670 2448 hiis

335 2496 371 2554 et
392 2494 664 2556 consulentibus
691 2513 752 2557 eos
776 2494 904 2575 legisse
926 2495 1149 2574 Apulegium,
1182 2493 1246 2556 De
1275 2493 1448 2574 Magia,
1479 2493 1544 2555 De
1571 2493 1671 2556 Deo

336 2597 593 2674 Socratis,
626 2601 692 2663 De
715 2601 869 2664 Asino
900 2599 1086 2674 aureo⁷,
1119 2604 1156 2663 et
1177 2602 1316 2674 similia,
1340 2604 1389 2674 ut,
1414 2602 1513 2663 iuxta
1535 2602 1671 2663 dictum

336 2705 429 2787 legis,
456 2709 677 2789 distinguere
700 2710 834 2771 scirent
857 2711 996 2771 inter
1018 2708 1212 2789 lepram
1243 2711 1290 2770 et
1320 2706 1541 2788 lepram³,
1567 2709 1668 2788 spiri·

336 2919 547 2930 ——-

437 3117 469 3177 a)
489 3129 523 3159 =
540 3111 663 3181 Tegete.
700 3115 731 3178 b)
750 3131 784 3160 ε
801 3115 1009 3182 congectores.

437 3287 459 3355 ¹)
480 3290 600 3344 Lucan.
620 3293 772 3354 Pharsul,
793 3294 913 3346 surtout
932 3294 953 3345 1.

438 3375 568 3443 'lovum
605 3381 654 3432 En
683 3382 862 3448 particulier
888 3383 934 3434 les
962 3382 1237 3449 Metamorphoses.
1273 3381 1425 3435 Dominici
1453 3381 1596 3448 s'inspire
1624 3382 1668 3434 du

333 3467 548 3534 Polycraticus.
571 3469 607 3533 11,
626 3479 689 3533 XIV,
708 3481 760 3523 xv.

437 3553 457 3621 ²)
477 3557 566 3610 Ovm.
587 3560 711 3612 Metam.
730 3559 793 3623 XV,
812 3560 872 3624 558,
891 3559 952 3614 559.

436 3643 457 3711 ⁴)
478 3647 568 3698 VIRG.
589 3648 654 3700 Ecl.
673 3649 750 3712 VIII,
769 3649 818 3702 80:

595 3742 702 3792 «Limus
718 3745 744 3784 ut
759 3744 799 3786 hic
814 3743 927 3795 durescit,
944 3746 968 3786 et
984 3745 1036 3787 haec
1052 3745 1079 3786 nt
1095 3755 1153 3787 cera
1166 3745 1284 3797 liquescit,
1298 3745 1342 3786 etc
1352 3758 1372 3786 ι».

437 3820 458 3890 ⁶)
477 3825 567 3878 Ovm.
586 3827 714 3879 Heroid.
735 3828 813 3889 XIII,
832 3828 900 3881 152:

661 3926 673 3951 ι
689 3912 756 3968 Quae
770 3913 858 3955 reierat
873 3914 953 3956 vultus
967 3915 1004 3956 est
1020 3915 1080 3956 mihi
1095 3925 1150 3956 cera
1164 3916 1226 3957 tuos
1235 3928 1248 3952 »

435 3989 514 4058 ⁶)Ct.
534 3994 563 4047 S.
583 3993 699 4060 Thoti..
724 3999 771 4049 De
795 3997 911 4066 Reglm.
939 3999 1073 4065 Princip.
1100 3998 1148 4061 IV,
1173 4008 1248 4050 xxn.
1275 3999 1322 4051 De
1347 3999 1533 4050 documentis
1554 3999 1664 4065 pytha-

329 4085 454 4146 εοιιοιίι,ι
487 4083 524 4136 ci.
551 4086 644 4148 aussi,
668 4083 829 4139 Tractatio
846 4089 884 4138 de
904 4085 1044 4139 Sorttbus
1064 4089 1107 4139 ad
1123 4088 1161 4139 D.
1179 4089 1217 4140 de
1234 4089 1365 4154 Burgus,
1382 4086 1493 4154 Opusc.
1510 4086 1588 4138 xxl.
1607 4088 1664 4154 etc,

333 4168 373 4222 La
390 4172 474 4224 table
492 4174 533 4225 de
546 4174 728 4243 Pythagore,
748 4190 788 4228 on
807 4175 837 4226 le
850 4176 916 4238 salt,
934 4177 1013 4228 n'est
1028 4177 1117 4229 autre
1130 4177 1224 4229 chose
1239 4191 1299 4243 qne
1311 4178 1400 4229 notre
1412 4175 1497 4229 table
1511 4177 1551 4228 de
1563 4176 1664 4229 multi·

331 4260 488 4324 plication;
521 4278 562 4314 on
581 4263 645 4316 s'en
664 4265 780 4317 servait
797 4279 877 4331 pour
894 4263 972 4318 taire
993 4265 1149 4317 certaines
1168 4265 1396 4318 combinaisons
1413 4266 1580 4332 magiqnes.

433 4347 453 4416 τ)
482 4349 636 4405 Dominici
671 4354 776 4406 donne
809 4354 848 4406 ici
883 4355 928 4407 les
959 4355 1048 4406 titres
1082 4355 1139 4406 des
1177 4356 1256 4407 trois
1292 4354 1474 4421 principaux
1511 4362 1663 4422 ouvrages

332 4437 483 4506 d'ilpulee.
514 4441 661 4495 Ecrivain
680 4445 710 4495 et
729 4443 914 4511 philosophe
931 4443 1121 4511 platonicien
1139 4441 1190 4506 (ne'
1208 4444 1227 4496 a
1244 4443 1394 4497 Madaure
1411 4458 1484 4496 vers
1504 4443 1563 4505 114,
1581 4445 1663 4497 mort

331 4529 456 4595 21:190),
484 4531 507 4582 il
527 4546 675 4598 composa
694 4547 751 4584 son
778 4533 972 4600 «Apologia»
1000 4547 1041 4585 ou
1061 4534 1136 4585 «De
1155 4533 1283 4600 Magia»
1303 4543 1382 4599 pour
1400 4547 1435 4584 se
1453 4532 1604 4585 deiendre
1622 4533 1662 4584 de

333 4615 524 4672 l'accusation
549 4621 590 4673 de
614 4621 721 4689 magle.
763 4621 872 4674 Suria
891 4621 1095 4688 composition
1114 4623 1145 4674 et
1168 4622 1199 4673 le
1217 4636 1289 4674 sens
1307 4622 1350 4674 du
1366 4623 1414 4673 De
1431 4624 1497 4674 Deo
1515 4620 1661 4684 Socratis,

331 4703 365 4756 ct.
383 4706 411 4758 S.
425 4708 504 4762 Auo.
532 4711 579 4762 De
600 4708 683 4762 Civit.
701 4711 768 4772 Det,
793 4711 954 4774 v111,x1v.
998 4711 1042 4762 La
1062 4707 1311 4778 Metamorphose
1329 4725 1370 4762 on
1393 4711 1463 4776 plus
1488 4711 1662 4763 commune·

337 4797 418 4848 ment
435 4798 524 4851 l’Ane
542 4798 609 4850 d'or
627 4799 675 4850 est
694 4815 736 4851 un
754 4799 916 4867 ingenieux
936 4814 1052 4862 roman,
1078 4814 1118 4852 en
1145 4801 1176 4851 11
1196 4799 1300 4852 livres.
1324 4799 1426 4853 L'Ane
1444 4800 1510 4852 d'or
1527 4799 1603 4852 etait
1621 4815 1661 4852 au

332 4881 441 4953 Moyen
454 4887 519 4955 Age
540 4903 583 4940 un
602 4897 738 4956 ouvrage
756 4887 820 4940 tres
838 4889 988 4955 repando.
1015 4889 1141 4955 Depuis,
1166 4904 1209 4940 un
1226 4889 1325 4956 grand
1346 4890 1476 4941 nombre
1497 4888 1660 4941 d’editions

333 4974 363 5023 et
385 4974 424 5027 de
448 4977 638 5029 traductions
664 4992 704 5028 en
729 4978 783 5029 ont
808 4977 858 5029 ete
879 4976 980 5029 laites.
1008 4977 1088 5031 C'est
1106 4977 1244 5044 tonjours
1263 4992 1335 5030 sous
1353 4993 1411 5030 son
1429 4993 1502 5030 nom
1518 4978 1660 5045 vulgaire

333 5074 389 5126 que
406 5065 557 5118 Dominici
575 5065 702 5133 designo
721 5067 751 5118 la
770 5063 1027 5132 Metamorphose.
1046 5063 1113 5133 [Ed
1131 5065 1333 5131 Hildebrand,
1352 5063 1444 5133 1842]

430 5151 451 5219 ⁸)
470 5154 516 5207 Ci.
537 5155 635 5208 GRAT.
654 5157 775 5208 Decret.
796 5155 873 5208 Dist.
891 5155 955 5218 XX,
973 5157 1047 5208 text.
1069 5169 1146 5208 avec
1165 5157 1197 5208 la
1215 5158 1301 5225 glose
1318 5156 1358 5208 de
1377 5155 1454 5208 Jean
1471 5156 1502 5208 le
1514 5154 1658 5209 Teutoni-

336 5253 401 5305 que.
438 5242 578 5296 Allusion
597 5243 615 5296 ἐι
634 5246 715 5298 cette
740 5245 948 5311 prescription
972 5245 1013 5298 de
1036 5245 1067 5297 la
1091 5245 1134 5297 loi
1158 5245 1308 5298 ancienne
1331 5245 1454 5298 suivant
1473 5245 1609 5310 laquelle
1627 5247 1658 5299 le
