4300 6117
836 899 1022 952 IOHANNIS
1044 898 1231 952 DOMINICI
1645 887 1710 950 265

369 1125 528 1185 sciencie
562 1124 648 1185 boni
683 1126 719 1185 et
757 1122 840 1184 mali
875 1142 946 1185 non
970 1122 1166 1184 comedetis
1187 1119 1235 1183 »¹.
1261 1154 1302 1163 -
1328 1119 1565 1206 Quinymmo:
1604 1119 1712 1182 «Nec

370 1232 575 1311 tangatis»,
600 1231 649 1291 ad
672 1233 875 1309 serpentem
898 1228 977 1290 Eva
1000 1232 1155 1291 testante
1170 1228 1190 1290 2.
1215 1261 1259 1269 -
1281 1227 1384 1290 Hauc
1408 1229 1524 1289 lucem
1548 1228 1710 1289 veritatis

370 1336 583 1400 manifestus
606 1339 659 1399 rei
682 1338 850 1417 probavit
874 1338 1031 1409 eventus,
1057 1355 1138 1398 cum
1162 1336 1310 1398 herente
1332 1335 1464 1397 homini
1480 1336 1652 1415 genitrice
1674 1336 1712 1395 in

370 1446 511 1515 intuitu,
537 1446 623 1524 quia
645 1445 747 1506 vetiti
769 1445 854 1523 ligni
876 1462 1060 1523 suspensa,
1085 1446 1252 1505 versutus
1287 1442 1448 1522 sophista
1483 1443 1710 1521 dampnatus,
1770 1498 1772 1502 ,

370 1552 656 1613 machinamenta
681 1552 888 1614 calliditatis
912 1570 976 1614 sue
1000 1552 1036 1612 in
1068 1548 1189 1612 unum
1213 1551 1386 1612 mixturus
1418 1548 1532 1620 aiiuit,
1558 1549 1710 1611 dicens:

372 1677 388 1709 ¹
408 1658 480 1720 Cur
502 1660 665 1738 precepit
688 1660 792 1721 vobis
826 1658 1007 1730 Dominus,
1034 1661 1073 1719 ut
1108 1676 1179 1719 non
1213 1658 1260 1719 de
1294 1658 1389 1718 omni
1424 1658 1518 1737 ligno
1550 1655 1712 1735 paradisi

370 1766 637 1829 comederetis?
653 1786 667 1819 ›
684 1764 705 1827 ³.
738 1764 787 1827 Et
810 1766 972 1845 quamvis
997 1766 1044 1827 ab
1060 1784 1176 1845 opaca
1198 1765 1353 1826 veritate
1376 1754 1588 1843 sumpsisset
1612 1782 1711 1824 exor-

370 1874 479 1945 dium,
502 1874 556 1934 ita
590 1877 631 1934 ut
665 1873 815 1952 simplex
849 1873 976 1935 mulier
1012 1874 1049 1933 in
1088 1873 1296 1951 prolacione
1330 1872 1394 1933 tali
1428 1873 1593 1942 mutaret,
1630 1889 1713 1931 mox

369 1982 491 2041 tamen
505 1981 605 2042 virus
622 1979 785 2041 adiunxit
801 1980 918 2051 letale,
944 1983 980 2041 et
994 1979 1101 2041 dixit:
1122 1977 1386 2058 «Nequaquam
1402 1978 1610 2039 moriemini.
1636 1975 1712 2038 Scit

370 2088 464 2150 enim
487 2086 593 2159 Deus,
618 2088 716 2165 quod
738 2088 775 2148 in
798 2105 1024 2166 quacumque
1047 2087 1106 2148 die
1130 2086 1377 2158 comederetis,
1403 2086 1502 2147 eritis
1534 2085 1626 2146 sicut
1651 2084 1710 2154 dii,

369 2196 523 2256 scientes
548 2195 682 2255 bonum
706 2197 744 2255 et
766 2194 899 2256 malum
919 2193 969 2255 »⁴.
986 2231 1024 2240 -
1038 2192 1134 2255 Ecce
1160 2194 1257 2272 quod
1281 2193 1409 2254 mulier
1431 2193 1499 2253 luit
1522 2192 1710 2270 subducta,

370 2320 441 2381 que
465 2302 581 2363 credit
604 2299 707 2371 falsa,
732 2320 798 2381 per
821 2303 1025 2380 serpentem
1047 2302 1200 2380 prolata.
1227 2300 1299 2362 Sed
1322 2301 1379 2360 vir
1401 2297 1561 2361 nonfuit
1586 2299 1711 2360 seduc·

370 2410 438 2479 tus,
464 2409 527 2488 qui
550 2426 621 2469 non
645 2408 809 2487 percepit
830 2409 952 2482 verba,
978 2409 1044 2470 sed
1067 2411 1207 2469 tantum
1230 2406 1374 2479 iactum,
1400 2405 1498 2485 quod
1520 2404 1588 2466 fuit
1603 2408 1643 2466 ut
1666 2405 1711 2466 de

368 2517 464 2596 ligno
488 2516 600 2577 vetito
624 2516 750 2577 ederet
772 2534 795 2576 a
819 2516 966 2577 muliere
990 2534 1127 2578 suasus.
1153 2513 1245 2600 Quia
1267 2515 1374 2594 igitur
1396 2513 1502 2575 homo
1522 2515 1606 2573 ante
1629 2530 1711 2590 pec-

373 2626 494 2686 catum
517 2622 761 2701 speculacioni
783 2623 975 2702 purissime
998 2623 1162 2683 veritatis
1187 2641 1209 2683 a
1236 2621 1389 2683 Domino
1423 2623 1542 2681 iuerat
1580 2620 1711 2681 manci·

369 2733 488 2811 patus,
514 2732 551 2791 et
573 2748 639 2808 per
662 2730 777 2791 solum
793 2730 991 2791 falsitatum
1006 2730 1184 2809 poculum,
1200 2729 1296 2790 veris
1313 2728 1486 2790 doctrinis
1502 2727 1710 2797 admixtum,

371 2838 471 2916 quod
495 2836 694 2908 curiositas,
719 2837 854 2898 heresis
877 2840 1002 2907 mater,
1027 2836 1167 2898 induxit
1189 2836 1339 2908 occisus,
1363 2854 1408 2897 ne
1433 2834 1538 2897 simili
1553 2833 1712 2914 pernicie

370 2945 501 3005 iterum
524 2944 748 3005 relaberetur
771 2946 922 3014 erectus,
949 2962 1019 3005 non
1055 2947 1095 3005 ut
1133 2943 1390 3023 specularetur,
1427 2942 1493 3004 sed
1516 2944 1556 3002 ut
1579 2943 1709 3002 araret·

370 3052 437 3113 iuit
461 3070 481 3113 e
504 3051 678 3129 paradiso
701 3052 846 3123 eiectus,
870 3050 1023 3112 Domino
1038 3052 1108 3112 sibi
1121 3054 1289 3112 notanter
1305 3050 1467 3117 dicente:
1495 3048 1566 3109 «In
1578 3048 1710 3109 sudore

372 3159 492 3219 vultus
517 3158 569 3220 tui
592 3159 750 3220 vesceris
774 3177 868 3238 pane
887 3155 936 3219 ›⁵.

484 3264 589 3326 Hanc
613 3265 810 3347 hystoriam
833 3265 1069 3335 verissimam,
1095 3264 1189 3326 sicut
1212 3265 1249 3325 in
1272 3265 1406 3326 cortice
1430 3265 1543 3336 sonat,
1566 3260 1711 3342 Moyses
1725 3271 1755 3333 5,

371 3370 525 3433 famulus
548 3371 625 3442 Dei,
650 3375 735 3435 tunc
758 3373 875 3452 primo
899 3375 934 3433 et
967 3372 1206 3451 promulgavit
1242 3375 1277 3433 et
1315 3371 1468 3450 scripsit,
1495 3370 1640 3449 quando
1674 3369 1711 3430 in

371 3497 464 3540 novo
499 3479 682 3558 paradiso,
719 3480 854 3542 deserti
891 3479 1025 3559 populo
1060 3482 1238 3549 manante,
1276 3479 1343 3540 celi
1373 3479 1517 3551 nutrito,
1552 3476 1711 3538 divinam

371 3587 494 3666 legem,
520 3605 629 3666 quam
662 3587 860 3666 simplicem
890 3586 1153 3666 philosophiam
1189 3589 1225 3647 et
1260 3585 1419 3647 divinam
1454 3585 1607 3664 appello,
1633 3587 1711 3646 erat

372 3695 532 3765 daturus
557 3696 597 3754 ut
619 3694 671 3756 sic
696 3697 821 3755 cautus
844 3692 938 3755 foret
962 3693 1094 3755 oblitus
1119 3692 1392 3773 phylosophiam
1406 3690 1526 3771 Egipti
1555 3694 1590 3752 et
1611 3689 1711 3752 Moa-

372 3801 528 3863 bitorum
552 3801 776 3879 aliarumque
799 3802 960 3881 gencium
984 3802 1114 3862 iterum
1137 3819 1209 3861 non
1232 3800 1366 3861 videre.
1415 3797 1520 3884 Quod
1555 3799 1586 3859 si
1609 3796 1711 3859 iecis-

371 3911 436 3979 set,
472 3926 590 3987 neque
625 3911 775 3987 propter
809 3911 967 3969 scortum
1004 3908 1181 3988 periisset,
1207 3924 1323 3984 neque
1358 3908 1395 3967 in
1428 3904 1525 3967 Oreb
1562 3906 1712 3966 vitulum

372 4015 570 4077 adorasset.
583 4048 627 4055 —
640 4015 810 4088 «Israhel,
827 4016 943 4094 inquit
958 4014 1140 4087 Dominus,
1157 4016 1188 4077 si
1203 4034 1260 4076 me
1272 4015 1441 4086 audieris,
1459 4032 1530 4073 non
1544 4013 1613 4073 erit
1626 4012 1663 4072 in
1677 4015 1711 4073 te

371 4120 468 4183 Deus
491 4140 626 4193 recens,
652 4140 768 4201 neque
792 4123 963 4184 adorabis
986 4121 1101 4183 Deum
1130 4122 1294 4183 alienum.
1328 4120 1403 4201 Ego
1428 4138 1505 4181 sum
1540 4118 1712 4181 Dominus

372 4227 469 4290 Deus
493 4232 585 4299 tuus,
612 4230 673 4308 qui
697 4230 821 4291 eduxit
845 4233 880 4291 te
904 4230 950 4290 de
974 4232 1073 4291 terra
1096 4227 1225 4308 Egipti,
1252 4229 1367 4289 dilata
1390 4246 1430 4288 os
1454 4231 1553 4287 tuum
1586 4229 1621 4287 et
1650 4227 1712 4285 im·

372 4336 480 4414 plebo
504 4336 594 4398 illud
614 4360 629 4391 ›
644 4334 665 4398 ⁶.
685 4370 724 4377 -
744 4335 847 4398 Solus
872 4355 912 4398 os
938 4337 1093 4415 complet
1114 4336 1317 4397 intellectus
1342 4334 1465 4405 creati,
1490 4336 1525 4394 et
1548 4332 1712 4414 phyloso-

372 4443 494 4521 phiam
519 4445 632 4505 tradit
655 4462 828 4511 securam,
855 4461 924 4522 que
949 4442 1106 4504 eiiicitur
1133 4443 1199 4504 tibi
1233 4443 1421 4513 virulenta,
1459 4460 1539 4501 cum
1574 4439 1713 4519 aliquid

480 4740 501 4805 ¹)
521 4742 564 4796 cf.
587 4742 703 4804 Genea,
721 4743 757 4806 11,
778 4742 820 4795 1⁶.

481 4830 502 4895 ²)
520 4834 609 4897 Ibid,
628 4832 678 4895 111,
696 4833 722 4885 3.

479 4918 500 4986 Ι)
519 4924 610 4985 Ibid,
629 4922 681 4985 111,
700 4923 725 4974 1.

479 5009 502 5077 ⁴)
521 5012 607 5073 Ibid,
625 5011 675 5075 111,
693 5012 750 5064 4⁵.

473 5096 494 5163 ⁵)
513 5101 604 5164 Ibid,
622 5101 673 5164 111,
693 5100 736 5153 19.

478 5188 501 5256 ⁶)
520 5189 564 5243 ef.
579 5190 693 5257 psalm.
712 5190 828 5255 Lm,
850 5190 893 5241 11.
