4300 6117
437 839 504 901 264
947 850 1106 904 LUCULA
1130 849 1269 904 NOCTIS

437 1072 494 1135 hic
520 1085 603 1153 ergo
626 1075 780 1153 primum
803 1074 981 1136 hominem
1004 1076 1191 1137 constituit
1220 1077 1287 1138 sub
1321 1076 1457 1146 labore,
1495 1076 1652 1137 nondum
1688 1078 1771 1137 noto

437 1183 603 1259 peccato;
629 1199 699 1259 quo
716 1182 882 1254 admisso,
908 1182 1099 1262 imperavit
1114 1201 1230 1255 arare,
1248 1182 1388 1245 dicens:
1416 1183 1485 1244 «In
1505 1183 1638 1245 sudore
1654 1183 1771 1244 vultus

438 1287 490 1348 tui
514 1288 669 1349 vesceris
696 1307 789 1367 pane
805 1309 819 1341 s
837 1287 856 1349 ¹.

321 1434 323 1438 ν
389 1396 420 1458 3.
548 1393 806 1457 Verumtamen
828 1397 1004 1475 preterire
1027 1415 1099 1458 non
1120 1397 1206 1459 licet
1227 1398 1382 1477 primum
1415 1397 1576 1459 laborem
1606 1398 1772 1477 ignotum,

437 1506 475 1564 ut
498 1503 632 1564 veritas
655 1503 755 1581 prius
779 1505 986 1566 eluscescat.
1011 1501 1110 1582 Opus
1135 1503 1301 1583 equidem
1323 1505 1461 1583 generis
1486 1504 1630 1565 humani
1660 1504 1773 1567 solers

437 1611 611 1670 formator
633 1609 769 1680 indixit,
795 1629 875 1672 cum
899 1611 945 1672 de
969 1612 1126 1673 criminis
1149 1612 1262 1673 inscio
1298 1629 1415 1673 sermo
1451 1612 1591 1683 texitur,
1617 1611 1771 1672 dicens:
1897 1656 1901 1663 .

438 1716 571 1778 «Fecit
593 1717 699 1796 igitur
722 1716 818 1779 Deus
839 1717 1017 1779 hominem
1041 1719 1194 1779 delimo
1219 1721 1324 1790 terre,
1349 1721 1385 1779 et
1407 1718 1527 1797 posuit
1549 1737 1629 1780 eum
1653 1718 1690 1778 in
1712 1735 1773 1796 pa·

436 1825 559 1886 radiso
591 1825 796 1903 voluptatis,
821 1829 861 1887 ut
895 1828 1110 1905 operaretur
1143 1829 1180 1887 et
1210 1825 1408 1887 custodiret
1437 1826 1536 1886 illum
1557 1824 1605 1886 st,
1630 1824 1774 1887 Certum

438 1935 493 1993 est
516 1931 671 2010 denique
694 1932 811 2011 ipsum
833 1932 1043 2012 paradisum
1058 1951 1233 2005 amenum,
1252 1951 1357 2011 quem
1371 1936 1456 1995 tunc
1471 1931 1599 2013 Opifex
1616 1950 1774 1994 summus

438 2041 634 2110 creaverat,
657 2057 765 2117 quem
787 2041 866 2101 fons
891 2040 1065 2117 irrigabat
1088 2040 1324 2119 impregnans,
1351 2058 1456 2119 quem
1479 2040 1645 2119 zephirus
1669 2038 1775 2099 mari·

437 2146 500 2207 tali
523 2147 624 2225 prole
649 2145 798 2217 ditabat,
825 2164 931 2225 quem
954 2146 1031 2208 sola
1054 2148 1112 2209 lex
1135 2146 1257 2208 divina
1280 2150 1393 2209 totum
1415 2150 1450 2208 et
1482 2147 1519 2207 in
1554 2166 1620 2208 sua
1655 2146 1775 2226 specie

436 2255 691 2315 manutenebat
725 2254 939 2331 perfectum,
973 2253 1132 2315 humano
1164 2255 1295 2316 auxilio
1328 2272 1399 2316 non
1433 2266 1547 2335 egere.
1597 2251 1772 2323 Profecto,

436 2363 633 2423 nouerant
669 2361 760 2422 duce
783 2362 933 2423 arbores
960 2362 1130 2440 putande,
1156 2380 1226 2423 non
1258 2361 1367 2423 sulcis
1389 2361 1639 2440 distinguenda
1661 2360 1773 2439 glebe,

436 2487 552 2547 neque
576 2467 781 2529 mandanda
805 2469 940 2531 semina
963 2469 1081 2540 sulcis,
1106 2466 1217 2530 falces
1249 2469 1406 2530 nondum
1437 2470 1548 2541 erant,
1583 2486 1648 2530 nec
1673 2466 1774 2546 quid·

437 2594 545 2654 quam
577 2574 670 2636 falce
699 2577 914 2649 metendum,
940 2594 1021 2637 cum
1056 2576 1142 2637 solis
1179 2576 1349 2637 vitalibus
1384 2576 1509 2654 pomiS,
1534 2576 1673 2655 ignibus
1708 2573 1775 2636 celi

437 2683 556 2745 edicto
581 2684 701 2745 divino
725 2684 893 2755 decoctis,
918 2685 995 2744 tota
1019 2684 1116 2743 salus
1140 2684 1301 2761 corporis
1325 2682 1476 2744 hominis
1509 2684 1602 2743 foret
1630 2681 1773 2742 tuenda.

437 2788 599 2852 Vestitus
609 2809 736 2869 nempe
746 2792 892 2870 proprie
903 2790 993 2852 cutis
1005 2790 1115 2852 nobili
1127 2792 1329 2869 tegumento
1341 2808 1426 2851 vere
1443 2808 1513 2850 non
1524 2790 1690 2856 debebat.
1704 2806 1775 2849 non

439 2900 569 2968 texere,
594 2915 665 2958 non
688 2916 756 2959 acu
779 2898 881 2958 unire
905 2896 1030 2958 divisa.
1057 2894 1150 2957 Cura
1175 2898 1322 2976 insuper
1345 2895 1579 2958 domificandi
1603 2898 1638 2957 et
1662 2895 1775 2956 omnis

441 3005 528 3066 artis
552 3002 701 3078 fabrilis,
727 3005 883 3066 fornacis
907 3005 1162 3083 componende,
1189 2984 1471 3082 ceterorumque,
1489 3022 1597 3082 qnam
1618 3004 1773 3072 crimine,

439 3115 502 3173 aut
516 3112 740 3182 necessitate,
756 3113 818 3172 aut
830 3111 1038 3191 cupiditate,
1053 3129 1117 3173 seu
1140 3113 1298 3173 vanitate
1318 3111 1497 3189 produxit,
1519 3110 1646 3189 procul
1665 3110 1775 3195 ¹dubio

440 3239 582 3300 semper
603 3218 768 3280 latuisset
790 3220 920 3297 ignota,
946 3220 1014 3279 nisi
1037 3216 1139 3279 fallat
1174 3218 1272 3290 illud,
1309 3218 1345 3278 in
1369 3217 1529 3296 qualibet
1553 3215 1775 3296 professione

439 3329 635 3408 volgatum:
673 3329 836 3388 cessante
860 3344 979 3397 causa,
1012 3344 1155 3387 cessare
1187 3326 1297 3387 debet
1323 3323 1505 3387 effectus...
1544 3324 1650 3385 Adde
1679 3324 1776 3403 quod

440 3436 598 3497 nondum
622 3437 724 3495 erant
748 3434 902 3504 metalla,
927 3433 1029 3513 longe
1053 3435 1136 3512 post
1159 3432 1194 3493 in
1217 3433 1414 3494 visceribus
1439 3435 1535 3493 terre
1556 3432 1683 3493 solaris
1706 3432 1775 3492 vir·

441 3546 518 3605 tute
541 3541 889 3622 gignenda,ignisque
913 3540 1134 3601 elementalis
1156 3540 1193 3600 in
1215 3540 1277 3601 illo
1301 3539 1471 3618 paradiso
1495 3558 1567 3601 non
1590 3543 1670 3600 erat
1684 3537 1775 3600 futu·

443 3668 514 3722 rus,
540 3649 669 3728 quibus
693 3648 836 3727 ligones,
869 3650 997 3720 rastra,
1030 3665 1203 3718 vomeres,
1235 3646 1529 3725 surculorumque
1552 3647 1665 3707 multe
1699 3665 1775 3725 spe·

445 3758 517 3819 cies
542 3759 578 3818 et
602 3755 740 3834 reliqua
763 3758 859 3815 terre
882 3753 1035 3817 fossoria
1059 3756 1267 3815 formantur.

397 3865 429 3929 4.
555 3862 691 3925 Lucide
703 3862 825 3941 itaque
841 3862 954 3940 liquet
968 3862 1097 3922 mentis
1113 3860 1273 3923 laborem
1285 3879 1479 3939 veramque
1494 3859 1774 3941 phylosophiam,

234 3976 264 4036 B
279 3976 356 4038 62v0
448 3992 519 4053 qua
541 3990 584 4033 ex
607 3968 738 4031 infimis
763 3969 963 4030 intellectus
995 3968 1138 4030 scandit
1170 3959 1184 4051 l(
1222 3969 1271 4029 ad
1303 3986 1450 4038 summa,
1475 3969 1559 4029 ante
1592 3968 1777 4046 quodlibet

233 4084 355 4149 L78v⁰
447 4081 578 4141 malum
602 4080 849 4158 perpetratum
862 4066 876 4158 Ι,
902 4076 949 4137 ab
977 4075 1127 4147 homine,
1154 4095 1225 4137 non
1264 4075 1378 4137 solum
1409 4073 1519 4136 fuisse
1557 4092 1774 4146 concessum,

444 4189 509 4250 sed
533 4185 707 4247 audacter
730 4184 880 4245 dixerim
902 4184 1127 4262 imperatum.
1175 4182 1237 4255 Ac,
1278 4183 1433 4243 omnium
1456 4180 1657 4243 futurorum
1680 4200 1776 4261 pres·

444 4296 519 4357 cius
543 4293 649 4362 Deus,
675 4294 715 4352 ut
738 4311 760 4351 a
782 4291 909 4352 maiori
932 4290 1111 4351 hominem
1133 4292 1301 4361 moveret,
1320 4307 1426 4368 quem
1447 4289 1585 4351 sciebat
1601 4307 1775 4362 casurum,

443 4401 632 4465 cuiuslibet
655 4397 791 4460 fructus
816 4398 986 4476 simplicis
1010 4396 1173 4458 veritatis
1197 4397 1264 4458 sub
1288 4396 1473 4458 verissimo
1488 4397 1691 4475 tegumento
1702 4396 1777 4456 illo·

444 4529 522 4571 rum
555 4508 704 4569 realium
740 4504 920 4567 fructuum
954 4505 1141 4576 concessit,
1167 4506 1202 4565 et
1237 4504 1351 4565 solum
1385 4503 1480 4564 illius
1518 4503 1777 4582 speculacionis

443 4615 626 4678 interdixit
649 4614 852 4683 tractatum,
877 4630 946 4691 que
970 4630 1014 4673 ex
1036 4610 1140 4673 bonis
1165 4614 1201 4672 et
1223 4610 1335 4683 malis,
1371 4612 1466 4672 veris
1497 4614 1533 4672 et
1561 4610 1660 4672 falsis
1685 4628 1777 4672 com·

444 4724 575 4814 pletur,
590 4722 729 4783 dicens:
757 4739 772 4771 ι
791 4720 844 4781 De
861 4720 957 4782 omni
972 4720 1067 4798 ligno
1083 4718 1244 4797 paradisi
1261 4718 1472 4780 comedetis:
1489 4718 1536 4778 de
1552 4717 1646 4797 ligno
1659 4721 1778 4779 autem

447 4918 660 4926 --.——

552 5038 574 5105 ¹)
594 5039 637 5092 Cf.
659 5039 775 5100 Genea,
794 5039 844 5101 111,
864 5038 906 5091 19.

549 5127 573 5196 ²)
592 5132 677 5193 ibid,
696 5130 731 5193 11,
751 5130 793 5182 15.
