4300 6117
471 966 538 1028 292
977 977 1135 1031 LUCULA
1157 977 1297 1031 NOCTIS

470 1200 629 1262 homines
653 1202 748 1262 omni
771 1201 946 1279 voluptati
970 1202 1116 1274 carnali,
1150 1201 1218 1265 hoc
1241 1199 1405 1265 Ciliastes
1440 1204 1701 1284 dogmatizasse
1734 1223 1803 1265 non

471 1308 674 1387 ignoramus
685 1304 706 1369 ¹.

404 1412 455 1478 19.
577 1414 654 1476 Hec
678 1418 714 1476 et
737 1415 875 1488 similia,
898 1433 968 1493 que
992 1416 1138 1477 veritati
1159 1421 1367 1496 repugnant,
1399 1420 1462 1479 aut
1482 1420 1699 1498 prescienda
1721 1423 1803 1480 sunt

469 1522 505 1583 in
527 1522 629 1583 libris
652 1522 765 1583 sacris
781 1523 842 1583 ubi
857 1523 1108 1601 dampnantur,
1132 1526 1195 1583 aut
1210 1524 1452 1602 premittenda
1466 1529 1557 1597 sunt,
1583 1529 1622 1587 ut
1636 1526 1802 1605 reproba,

468 1628 505 1689 in
528 1628 722 1701 codicibus,
758 1630 795 1690 in
829 1630 959 1708 quibus
992 1630 1092 1691 velut
1123 1648 1210 1690 vera
1240 1634 1431 1708 ponuntur.
1472 1630 1578 1695 Certe
1601 1631 1802 1694 Retrac-

468 1736 598 1798 tacio
621 1735 809 1816 Augustini
831 1736 1050 1815 premittitur
1073 1736 1222 1798 cuilibet
1244 1738 1415 1799 volumini
1440 1739 1525 1810 eius,
1551 1740 1581 1800 si
1605 1739 1804 1818 quidquam

468 1844 679 1905 retractavit
702 1844 738 1903 in
761 1844 822 1905 illo
845 1862 889 1904 ue
913 1844 1027 1905 lector
1052 1840 1222 1916 offendat,
1261 1844 1291 1905 si
1313 1845 1408 1906 inter
1442 1847 1588 1925 planum
1618 1847 1688 1907 iter
1711 1846 1804 1925 lapis

468 1948 676 2012 offensionis
691 1951 822 2011 lateret
837 1951 1020 2012 obscurus.
1045 1950 1144 2013 Inter
1159 1949 1345 2030 apocrifa²
1360 1970 1503 2031 quoque
1525 1951 1673 2015 Liber
1698 1952 1778 2015 Col
1790 1987 1804 2000 ·

469 2058 725 2128 laciouum,
765 2076 787 2118 a
810 2059 914 2136 patre
949 2061 1074 2120 nostro
1097 2058 1284 2121 Dominico
1318 2060 1470 2139 legendo
1493 2061 1614 2139 sepius
1637 2059 1804 2139 trequen-

469 2167 555 2236 tato,
578 2167 727 2244 propter
749 2164 859 2226 latam
884 2164 1084 2226 doctrinam
1107 2183 1216 2244 quam
1237 2166 1347 2227 habet
1370 2168 1537 2246 puritatis
1562 2169 1598 2229 et
1613 2169 1804 2239 castitatis,

468 2273 647 2342 inseritur,
673 2290 744 2350 quo
768 2272 865 2333 circa
887 2271 1040 2333 liberum
1062 2272 1253 2333 arbitrium
1276 2272 1563 2352 superficialiter,
1589 2293 1660 2335 non
1683 2273 1805 2336 catho-

469 2380 546 2452 lice,
582 2380 728 2441 senciat.
768 2377 814 2440 Et
837 2396 950 2457 quare
984 2378 1153 2441 doctores
1177 2380 1315 2458 antiqui
1340 2399 1411 2441 non
1443 2381 1669 2443 illustrarunt
1691 2382 1804 2444 libros

469 2487 651 2566 gentilium
674 2484 802 2548 obelo3
825 2490 860 2547 et
883 2484 1069 2558 astericot,
1106 2487 1199 2548 sicut
1223 2486 1269 2547 de
1292 2487 1394 2549 libris
1417 2486 1687 2567 Xpistianorum
1711 2491 1803 2551 fece·

470 2596 562 2666 runt,
587 2594 654 2655 nisi
677 2594 763 2671 quia
786 2597 948 2672 tempore
966 2593 1126 2672 ipsorum
1150 2612 1222 2657 non
1236 2593 1448 2673 legebantur
1463 2614 1486 2655 a
1500 2595 1669 2657 fidelibus
1687 2614 1804 2674 neque

471 2702 765 2763 existimabantur
787 2700 937 2779 legendi,
962 2699 1028 2760 sed
1051 2700 1295 2773 comburendi,
1325 2701 1417 2763 sicut
1441 2706 1586 2764 sanctus
1610 2702 1805 2783 Gregorius

469 2806 590 2870 iacere
613 2808 841 2886 attemptavit
851 2805 871 2868 ⁵.
912 2806 1064 2891 Quando
1094 2810 1288 2886 potuerunt
1322 2807 1525 2871 humanitus
1561 2810 1719 2889 cogitare
1752 2810 1805 2870 illi

470 2919 592 2996 patres
615 2914 742 2977 fideles
765 2914 924 2977 futurum
947 2915 1045 2994 quod
1067 2913 1258 2993 Xpistiani,
1293 2933 1417 2976 amore
1439 2916 1586 2986 sciendi,
1622 2917 1804 2995 premitte-

470 3026 551 3085 rent
584 3022 785 3084 doctrinam
808 3018 915 3083 Tullii
938 3021 1151 3084 veritatibus
1175 3022 1298 3094 sacris,
1334 3022 1371 3083 in
1394 3026 1556 3084 eternum
1584 3022 1743 3085 fundatis
1767 3029 1803 3086 et

470 3130 566 3191 omni
590 3130 767 3208 spirituali
790 3130 968 3190 suavitate
991 3129 1148 3208 repletis,
1185 3129 1252 3189 nisi
1276 3129 1313 3189 in
1337 3131 1510 3208 quantum
1532 3131 1670 3210 placuit
1692 3128 1804 3210 Spiri-

470 3238 522 3298 tui
545 3234 678 3298 Sancto
713 3255 778 3316 per
811 3255 850 3298 os
881 3238 935 3297 sui
959 3237 1052 3297 vatis
1087 3238 1251 3314 prolerre
1274 3239 1413 3315 tempus
1437 3240 1636 3308 venturum,
1672 3238 1805 3317 inquo

470 3344 629 3406 homines
667 3362 819 3405 «sanam
844 3343 1043 3405 doctrinam
1077 3361 1149 3404 non
1183 3343 1423 3414 sustinebunt,
1463 3343 1529 3405 sed
1552 3344 1601 3405 ad
1623 3363 1689 3406 sua
1713 3346 1805 3407 desi·

471 3451 573 3513 deria
597 3453 862 3513 coacervabunt
885 3451 954 3511 sibi
976 3451 1175 3530 magistros,
1200 3450 1402 3528 prurientes
1426 3451 1590 3525 auribus;
1623 3456 1659 3513 et
1682 3452 1731 3514 ad
1753 3455 1805 3515 ia·

470 3560 574 3621 bulas
598 3558 761 3619 auditum
788 3559 1005 3629 convertent,
1031 3575 1174 3635 semper
1207 3556 1436 3618 addiscentes
1469 3559 1578 3620 etad
1612 3560 1805 3622 scienciam

579 3998 600 4065 ¹)
619 4000 649 4053 S.
667 3998 781 4063 Tuom,
802 4000 913 4052 Contra
933 4000 1018 4053 Geni.
1035 3999 1086 4063 ΙΙΙ,
1104 4010 1202 4059 xxvn,
1223 4001 1266 4051 ad
1283 4000 1357 4052 culo.

580 4088 601 4154 ²)
621 4088 665 4143 Cl·
684 4091 802 4142 Decret.
822 4089 895 4155 Cap.
917 4088 1029 4141 Sancta
1047 4090 1189 4146 Romanu
1207 4089 1258 4151 111,
1276 4089 1355 4141 Dist.
1373 4088 1437 4140 XV.

581 4176 602 4245 ⁸)
628 4178 752 4232 L'obele
779 4194 818 4231 ou
845 4178 961 4230 broche
986 4178 1061 4230 etait
1086 4194 1129 4231 un
1147 4178 1235 4244 signe
1262 4179 1402 4245 critique,
1427 4180 1504 4231 dout
1525 4194 1566 4231 on
1585 4180 1740 4245 marqnait
1758 4180 1805 4231 les

471 4270 574 4324 {autes
592 4269 671 4321 dans
690 4283 732 4320 un
750 4276 894 4335 ouvrage.
918 4267 1035 4320 Isidore
1053 4267 1094 4319 de
1112 4267 1228 4320 deille
1247 4266 1357 4320 definit
1375 4268 1453 4321 ainsi
1471 4283 1507 4320 ce
1526 4268 1631 4336 signe:
1659 4286 1671 4311 ‹
1689 4267 1805 4321 Obelns

474 4399 516 4413 .....
517 4361 550 4412 id
569 4359 617 4412 est
634 4358 753 4425 virgula
771 4357 887 4423 iacens,
906 4357 1071 4423 apponitur
1088 4358 1122 4409 iu
1139 4358 1246 4409 verbis
1260 4358 1312 4410 vel
1327 4358 1489 4410 sententiis
1503 4356 1661 4423 superflue
1676 4358 1805 4420 iteratis,

473 4451 541 4503 sive
558 4448 590 4501 in
608 4448 646 4500 iis
664 4447 748 4509 locis,
767 4446 821 4499 ubi
838 4446 930 4498 lectio
948 4446 1052 4512 aliqua
1070 4445 1207 4499 falsitate
1225 4447 1331 4499 notata
1344 4448 1399 4508 est,
1417 4448 1452 4498 ut
1463 4446 1552 4513 quasi
1565 4447 1675 4516 sagitta
1688 4447 1805 4515 iugulet

474 4552 674 4606 supervacua,
693 4538 786 4602 atque
798 4535 877 4587 falsa
890 4535 1054 4588 confodiat.
1074 4535 1190 4602 Sagitta
1204 4536 1286 4588 enim
1299 4543 1409 4602 graece
1423 4531 1514 4599 rastis
1526 4536 1647 4588 dicitur.
1662 4536 1803 4589 obelus...

473 4643 604 4694 superne
622 4628 793 4693 adpunctus
810 4626 936 4691 ponitur
954 4626 986 4676 in
1004 4625 1050 4688 iis,
1069 4625 1110 4678 de
1128 4625 1241 4691 quibus
1259 4626 1426 4687 dubitatur,
1451 4626 1554 4677 utrum
1578 4625 1646 4677 tolli
1670 4625 1807 4678 debeant

473 4731 572 4771 necne
587 4736 610 4767 ι.
629 4716 844 4783 Etymologiue,
863 4730 929 4780 cap.
948 4714 991 4766 21.
1010 4714 1046 4766 In
1066 4713 1157 4779 Oper.
1176 4714 1229 4777 ΙΙΙ,
1246 4714 1290 4766 96.

562 4804 585 4872 ⁴)
608 4807 690 4858 Pour
710 4806 865 4857 asterisco.
884 4804 1093 4869 L’asterisque
1112 4804 1276 4872 reuvoyait
1294 4803 1313 4856 ir
1331 4819 1393 4857 une
1410 4805 1493 4866 note,
1511 4803 1564 4870 qui
1582 4804 1747 4870 corrigeait
1766 4819 1807 4856 ou

474 4896 613 4949 eclairait
630 4895 660 4948 le
678 4908 751 4946 sens
769 4895 848 4945 dans
867 4908 909 4946 uu
927 4907 979 4945 cas
998 4893 1143 4945 douteux.
1161 4891 1209 4943 De
1221 4894 1329 4955 meme,
1347 4893 1466 4945 isidore
1483 4893 1524 4944 de
1542 4892 1665 4956 Seville,
1685 4908 1733 4958 op.
1748 4895 1807 4955 ctt„

474 4987 544 5038 ibid.
556 4984 710 5051 marqnait
721 4984 799 5035 ainsi
810 4984 841 5035 le
853 4984 920 5035 rote
929 4982 969 5034 de
979 4978 1188 5047 l'aste'rtsque:
1203 4999 1215 5023 ‹
1227 4981 1439 5034 Asteriscus....
1451 4981 1618 5049 apponitur
1632 4982 1665 5033 in
1677 4982 1716 5034 iis
1726 4996 1807 5049 quae

474 5075 588 5128 omissa
613 5076 692 5135 sunt,
719 5075 754 5125 ut
777 5073 957 5125 illucescant
981 5086 1038 5138 per
1057 5086 1127 5123 eam
1150 5072 1264 5133 notam,
1288 5086 1369 5138 qnae
1393 5073 1504 5125 deesse
1528 5072 1683 5125 videntur.
1709 5070 1808 5124 Stella

475 5165 557 5219 enim
575 5158 657 5227 ἀστήρ
677 5170 787 5229 graeco
806 5175 949 5213 sermone
967 5160 1090 5223 dicitur,
1108 5176 1126 5213 a
1145 5174 1206 5225 quo
1225 5162 1389 5213 asteriscus
1407 5163 1456 5214 est
1474 5161 1634 5213 derivatus
1652 5181 1675 5213 ›.

583 5249 604 5316 ὓ)
624 5250 668 5305 Cl.
687 5266 792 5318 supra,
809 5266 840 5317 p.
862 5249 922 5313 129,
941 5251 1014 5303 note
1034 5250 1060 5301 5.
