4300 6117
479 931 543 996 132
979 941 1139 996 LUCULA
1160 939 1301 997 NOCTIS

476 1165 524 1229 Et
546 1167 743 1229 versiculus
766 1166 828 1229 ille
850 1165 1032 1228 Maronis:

727 1323 740 1348 ι
760 1304 940 1358 Pectoribus
958 1318 1060 1358 mores
1079 1304 1125 1356 tot
1145 1304 1225 1366 sunt,
1243 1304 1318 1370 quot
1335 1303 1368 1356 tn
1385 1304 1461 1358 orbe
1478 1303 1577 1372 figure
1595 1300 1633 1356 »¹.

431 1448 461 1512 2.
477 1449 565 1512 Inde
589 1448 724 1523 Cicero,
749 1451 786 1511 in
809 1467 981 1522 sermone,
1005 1468 1077 1512 non
1099 1449 1213 1511 tacuit
1235 1449 1352 1510 idem:

726 1606 738 1631 ‹
759 1586 840 1661 Quot
858 1587 1008 1651 homiues,
1026 1586 1135 1654 inquit,
1152 1587 1199 1639 tot
1217 1585 1375 1639 sentencie
1385 1582 1420 1639 ι’.

475 1734 567 1797 Suus
592 1735 743 1814 quisque
764 1752 840 1796 mos
865 1736 943 1796 est:

1280 1853 1292 1878 ‹
1313 1834 1414 1888 Nichll
1432 1837 1480 1888 est

733 1941 746 1968 ι
767 1923 847 1998 Quin
864 1923 946 1978 male
964 1924 1122 1977 narrando
1139 1924 1237 1991 possit
1255 1924 1423 1991 depravari
1442 1921 1478 1977 »⁸.

563 2070 729 2134 Nonnulli
751 2088 838 2132 vero
861 2069 953 2132 hanc
976 2070 1093 2150 ipsam
1116 2070 1333 2150 impugnant,
1351 2071 1436 2150 quia
1452 2071 1565 2151 ipsius
1581 2071 1706 2133 odiunt
1728 2089 1819 2133 auc·

473 2181 586 2241 tores⁸
602 2179 678 2241 sive
694 2179 957 2258 contempnunt.
983 2175 1155 2262 Qualiter,
1173 2179 1212 2239 ut
1228 2177 1418 2239 maximam
1438 2177 1670 2240 scribentium
1684 2178 1817 2239 silvam

471 2288 729 2367 pertranseam,
738 2285 866 2356 scribe,
878 2283 1086 2346 sacerdotes
1103 2285 1139 2345 et
1151 2283 1315 2364 pharisei
1331 2282 1645 2364 inrefragabilibus
1653 2285 1819 2347 veritati·

472 2395 540 2456 bus
554 2391 673 2473 Xpisti
688 2390 794 2454 factis
807 2393 842 2454 et
853 2390 971 2462 dictis,
989 2408 1100 2471 opere
1112 2392 1148 2453 et
1161 2408 1326 2453 sermone
1343 2391 1577 2471 pertinaciter
1589 2391 1812 2454 resisterunt.

472 2499 622 2580 Aliquos
644 2500 768 2579 preter
790 2498 854 2560 hos
879 2499 1004 2559 contra
1027 2514 1067 2559 se
1089 2498 1199 2560 sentit
1226 2498 1390 2571 munitos,
1416 2499 1501 2577 quia
1534 2499 1659 2561 volunt
1691 2500 1819 2579 potius

474 2606 571 2686 quod
605 2606 716 2668 semel
745 2605 901 2667 errando
934 2604 1029 2667 male
1064 2603 1232 2666 dixerunt
1269 2604 1427 2667 letaliter
1460 2603 1664 2678 defendere,
1704 2623 1816 2685 quam

472 2713 667 2776 salubriter
682 2714 889 2774 retractare.
907 2709 1028 2774 Habes
1045 2710 1173 2773 horum
1189 2711 1226 2772 in
1242 2710 1449 2792 Augustino,
1461 2710 1629 2784 Ysidoro,
1656 2710 1811 2799 Canone‚

474 2824 584 2900 atque
612 2817 749 2881 Thoma
772 2818 938 2892 Doctore,
974 2818 1213 2880 hereticorum
1248 2818 1514 2880 multitudinem
1548 2819 1811 2882 detestandam.

473 2926 622 2989 Plurimi
646 2945 724 2988 cum
748 2923 983 2987 Semiramide
1005 2922 1170 2987 fortassis
1194 2927 1230 2987 et
1252 2923 1421 3004 Epicuro,
1451 2927 1491 2987 ut
1514 2927 1661 3007 proprie
1688 2928 1817 2991 volun·

472 3034 540 3098 tati
568 3033 686 3096 dicam
718 3034 754 3094 et
784 3032 960 3112 voluptati
994 3032 1071 3112 lege
1102 3035 1323 3105 succurrant,
1347 3032 1386 3093 id
1424 3033 1558 3095 bonum
1588 3051 1668 3095 esse
1700 3037 1811 3114 atque

471 3159 595 3204 verum
620 3140 837 3202 contendunt
861 3138 959 3218 quod
982 3139 1163 3200 desiderio
1180 3137 1352 3218 fragrant.
1374 3137 1554 3201 Fortassis
1573 3129 1587 3222 ΙΙ
1614 3159 1694 3202 cum
1708 3159 1812 3203 sanc·

471 3248 609 3312 tissimo
633 3245 811 3330 cypriano
835 3249 944 3326 atque
966 3245 1135 3308 Ioachino
1166 3244 1359 3308 fiorentino
1391 3246 1524 3308 abbate
1541 3243 1564 3320 ⁴,
1596 3247 1743 3326 quidam
1773 3249 1813 3310 in

471 3355 660 3418 veritatem
683 3354 851 3417 videntur
873 3353 966 3415 velle
987 3353 1142 3414 traicere
1167 3353 1248 3424 tela,
1274 3353 1377 3414 cuius
1401 3355 1521 3415 tamen
1555 3351 1686 3415 fervidi
1705 3374 1815 3420 ,ama-

472 3465 569 3525 tores
593 3463 758 3533 existunt,
784 3462 1014 3540 expectantes
1040 3459 1191 3521 amicam
1215 3459 1350 3530 videre,
1376 3477 1483 3538 quam
1507 3461 1724 3541 reputabant
1747 3463 1811 3524 ad·

471 3587 622 3641 versam,
653 3570 702 3640 ut,
726 3566 894 3630 falsitatis
928 3566 1008 3629 velo
1033 3568 1180 3639 remoto,
1220 3567 1318 3627 illam
1354 3566 1424 3627 sibi
1452 3565 1634 3630 humiliter
1665 3573 1811 3634 sumant

470 3693 626 3740 uxorem.
657 3674 744 3737 Ideo
767 3675 867 3747 tales,
893 3692 932 3736 se
954 3690 1093 3752 suaque
1114 3674 1164 3735 ad
1187 3691 1336 3734 examen
1358 3675 1542 3753 ponentes,
1565 3675 1645 3754 pios
1661 3693 1807 3757 correp·

471 3786 568 3846 tores
593 3785 798 3862 exposcunt.

426 3880 457 3968 3Ἰ
561 3889 602 3951 In
624 3888 751 3951 horum
773 3907 921 3951 numero
944 3907 1035 3962 reor,
1071 3906 1190 3970 ymmo
1213 3904 1270 3947 me
1306 3884 1422 3948 fateor
1453 3885 1541 3959 fore,
1576 3887 1607 3949 si
1630 3907 1722 3960 erro,
1748 3889 1810 3970 qui

472 4014 595 4060 errare
618 3996 655 4057 in
676 3995 744 4057 hac
766 3998 871 4076 parte
894 4014 965 4058 non
988 3995 1119 4068 credo;
1144 3994 1211 4056 sed
1233 3993 1317 4073 quia
1340 4010 1407 4055 nec
1431 3991 1621 4074 desipere⁶
1643 4013 1684 4058 se
1706 3999 1813 4077 puta·

476 4223 689 4233 μ*-

579 4403 611 4464 α)
630 4416 664 4446 =
683 4402 808 4453 autores
827 4401 964 4454 audiunt.

577 4576 598 4645 ¹)
627 4577 670 4632 Ce
688 4593 761 4631 vers
788 4579 964 4646 appartient
983 4593 1046 4631 non
1065 4592 1125 4645 pas
1144 4576 1163 4630 a
1181 4577 1306 4646 Virgile,
1330 4577 1407 4630 mais
1426 4575 1445 4629 a
1462 4576 1569 4631 Ovlde.
1607 4576 1696 4631 Artis
1722 4593 1809 4632 onin-

472 4671 580 4722 torine.
602 4667 624 4732 1,
643 4667 705 4722 7⁵9.

577 4753 597 4822 ⁹)
617 4755 681 4810 CIC.
699 4757 746 4810 De
764 4757 901 4821 Finibus,
919 4757 941 4820 Ι,
960 4767 990 4809 v.

577 4843 599 4911 ¹)
617 4843 773 4898 TERRENT.
792 4847 937 4899 Phormio
955 4845 1003 4908 IV,
1022 4855 1064 4909 Ν,
1085 4845 1128 4898 25.

577 4931 599 4999 ⁴)
618 4933 643 4986 11
661 4935 747 5003 s'agit
765 4936 805 4988 de
823 4935 961 4988 loachim
979 4933 1019 4987 de
1037 4934 1139 4987 Flore.
1169 4934 1309 4987 Allusion
1327 4949 1368 4986 au
1385 4934 1452 4987 Lib.
1475 4933 1661 4987 Concordiae
1678 4937 1752 4987 novi
1767 4949 1806 4987 ue

469 5026 580 5077 veteris
603 5021 792 5077 Testamenti.
813 5022 858 5077 cf.
876 5024 909 5076 P.
924 5023 1073 5087 DENIFLE,
1092 5023 1208 5077 Archiv
1220 5020 1279 5087 fiir
1293 5025 1400 5076 Litter.
1422 5024 1485 5075 und
1495 5021 1729 5076 Kirra-Gescu.
1749 5023 1808 5076 des

470 5113 675 5175 mittelalters,
693 5112 714 5165 t.
732 5113 754 5178 1,
772 5111 847 5166 fasc.
865 5112 887 5165 1.
906 5111 951 5166 Cf.
970 5114 1056 5166 aussi
1076 5112 1302 5166 maurinum
1326 5111 1461 5166 Univers.
1480 5113 1553 5166 Por.
1574 5111 1596 5176 1,
1614 5111 1675 5176 297,
1695 5109 1737 5178 (ι).

581 5197 602 5267 ³)
621 5202 703 5254 Pour
720 5203 869 5268 decipere.
