4300 6117
840 975 1027 1030 IOHANNIS
1050 975 1234 1029 DOMINICI
1634 966 1698 1029 103

362 1197 480 1259 Adam
501 1215 588 1260 vero
611 1195 706 1259 filios
739 1216 832 1268 suos,
858 1202 893 1260 et
933 1198 984 1259 illi
1020 1198 1281 1278 subsequentes
1318 1202 1493 1279 posteros,
1532 1217 1615 1278 que,
1654 1217 1699 1262 ne

362 1304 505 1386 periret,
544 1304 685 1385 sculpta
721 1305 788 1366 fuit
825 1305 863 1366 in
900 1305 1098 1386 columpnis
1135 1305 1316 1379 latericiis,
1350 1323 1422 1384 qua
1451 1306 1572 1368 deleta
1594 1307 1698 1384 aquis

362 1411 498 1484 diluvii,
522 1412 652 1473 lterum
674 1429 741 1493 per
757 1410 839 1473 Sem
862 1413 975 1474 estttit
998 1416 1184 1474 reservata
1207 1402 1222 1495 ΙΙ
1247 1412 1380 1474 tamin
1403 1413 1510 1484 eneis,
1536 1431 1580 1474 ue
1595 1414 1699 1492 aquis
1786 1409 1907 1472 L35'0

362 1522 484 1600 posset
507 1518 631 1591 deleri,
656 1535 764 1597 quam
792 1519 956 1598 lapideis,
996 1537 1041 1582 ne
1077 1520 1297 1605 contingeret
1332 1537 1411 1581 eam
1438 1520 1518 1599 igne
1540 1519 1698 1592 dissolvi,

362 1643 548 1706 quousque
572 1628 657 1688 tunc
681 1626 854 1687 credebat
878 1626 1045 1705 explicite
1069 1627 1194 1688 mundi
1217 1624 1418 1688 machinam
1435 1627 1699 1689 destruendam.

361 1729 417 1794 Tu
452 1750 605 1811 quoque,
645 1733 745 1794 cuius
784 1751 855 1794 non
888 1735 942 1795 est
980 1734 1107 1813 exigua
1144 1733 1351 1804 auctoritas,
1389 1733 1437 1794 in
1476 1734 1700 1813 epIstola

362 1839 562 1920 scripsisti:
601 1838 774 1901 <Poetica
808 1840 946 1902 locucio
984 1840 1096 1920 magis
1126 1858 1149 1900 a
1178 1839 1255 1901 Deo
1278 1858 1387 1919 quam
1409 1841 1456 1901 ab
1481 1839 1622 1902 homine
1646 1844 1700 1903 est

362 1946 590 2009 adinventa»
611 1944 630 2008 ¹.
656 1944 756 2009 Sicut
778 1950 888 2025 patet,
914 1965 994 2008 cum
1017 1947 1235 2026 loquebatur
1259 1946 1356 2008 Deus
1380 1947 1416 2007 in
1439 1947 1553 2009 veteri
1576 1942 1701 2009 Testa-

362 2054 482 2116 mento
506 2051 639 2132 Ioseph
663 2056 699 2114 et
723 2054 862 2126 ceteris,
900 2057 935 2115 et
968 2054 1134 2116 sImiliter
1171 2055 1208 2115 in
1240 2057 1316 2116 toto
1349 2053 1544 2134 Evangelio
1571 2053 1698 2136 Xpisti.

362 2161 500 2222 Alludit
523 2161 730 2222 auctoritati
753 2160 925 2241 predicte,
951 2160 1042 2223 sicut
1073 2161 1232 2223 meminit
1265 2180 1375 2240 supra
1406 2159 1640 2224 Cassiodorus
1664 2163 1701 2223 in

362 2267 574 2347 Prologo
597 2267 721 2329 libri
744 2266 1038 2341 Psalmorum,
1065 2270 1101 2329 et
1118 2271 1172 2330 est
1188 2268 1435 2330 canonizatum
1451 2269 1487 2329 in
1502 2268 1699 2340 Decreto,

362 2383 498 2436 mvn
520 2373 654 2445 DIst.,
681 2375 904 2453 capitulo:
929 2373 1171 2455 Legimus,
1209 2393 1279 2454 quo
1303 2377 1378 2437 ait:
1406 2373 1561 2437 «Omnis
1584 2376 1701 2454 splen·

364 2483 431 2544 dor
452 2481 630 2544 rethorice
655 2482 872 2560 eloquencIe,
897 2499 1019 2543 omnes
1044 2482 1142 2544 modi
1157 2483 1299 2563 poetice
1313 2482 1516 2554 locucionis,
1542 2483 1700 2561 quelibet

363 2589 520 2650 varietas
559 2588 691 2650 decore
725 2589 1029 2669 pronuntiacionis
1068 2607 1091 2649 a
1129 2589 1261 2651 divinis
1283 2587 1428 2651 Litteris
1453 2590 1604 2668 sumpsit
1642 2609 1699 2651 ex·

364 2696 504 2757 ordium
525 2717 539 2748 »
560 2690 581 2756 ².

453 2801 531 2887 Quo
554 2821 641 2864 vero
665 2801 713 2864 ad
748 2801 1054 2864 instrumentalem
1092 2821 1240 2864 causam
1269 2803 1407 2876 attinet,
1437 2800 1565 2864 famosi
1599 2801 1699 2866 luere
1714 2796 1745 2859 3.

364 2909 531 2972 catholici
562 2913 678 2980 vates,
714 2907 815 2971 fuere
846 2909 1006 2971 celebres
1048 2912 1154 2971 vates
1184 2909 1367 2989 gentilium
1392 2911 1480 2981 vita,
1505 2928 1642 2972 necnon
1666 2913 1702 2973 et

364 3017 537 3079 doctrina.
570 3015 668 3078 Inter
700 3017 834 3098 primos
869 3016 1031 3078 nonnulli
1065 3017 1336 3095 vituperacione
1372 3017 1467 3096 digni
1498 3021 1699 3098 ponuntur,

362 3123 541 3186 habentur
563 3142 633 3185 non
656 3125 763 3203 pauci
797 3124 891 3185 inter
928 3123 1108 3185 secundos
1142 3124 1306 3203 insignes.
1336 3118 1454 3185 Tanta
1494 3125 1700 3186 constancia

363 3248 429 3311 pro
452 3229 527 3293 tide
550 3229 617 3292 Dei
637 3220 651 3313 {l
677 3231 781 3292 unius
816 3231 852 3291 in
886 3229 1037 3292 Socrate
1060 3230 1181 3310 viguit,
1214 3233 1255 3291 ut
1287 3248 1367 3291 cum
1402 3233 1496 3292 esset
1525 3230 1699 3311 gloriosus

363 3337 522 3410 Athenis,
553 3355 667 3417 usque
699 3338 747 3399 ad
781 3338 972 3399 violentem
1006 3340 1159 3399 mortem
1183 3341 1218 3399 et
1241 3337 1422 3416 publicam
1445 3338 1555 3399 solem
1579 3339 1699 3416 predi-

364 3447 462 3506 caret
485 3445 677 3525 lapideum,
702 3446 747 3507 ob
772 3462 880 3524 quam
904 3462 1048 3506 causam
1080 3445 1298 3506 sentenciam
1329 3445 1520 3524 capitalem
1548 3447 1697 3525 accepit,

364 3553 428 3614 sed
466 3552 615 3613 sortitur
655 3570 792 3613 veneno
833 3553 975 3630 sumpto
1017 3552 1209 3631 sacrilegas
1255 3569 1380 3612 manus
1428 3549 1554 3613 refellit
1572 3549 1593 3613 ³.
1653 3551 1701 3614 At

366 3658 579 3729 Carneades,
617 3659 701 3737 quia
738 3658 850 3720 noluit
888 3657 1131 3721 Alexandrum
1169 3658 1290 3719 vivum
1322 3657 1500 3719 hominem
1534 3658 1699 3732 adorare,

363 3765 462 3826 miris
494 3765 679 3845 suppliciis
704 3764 982 3843 crudelibusque
1006 3765 1142 3828 diutius
1167 3765 1340 3826 tolleratis
1374 3763 1526 3834 fortiter,
1550 3765 1702 3844 pocione

363 3872 462 3934 letali
484 3873 595 3934 vitam
619 3871 745 3934 sintvit.
771 3871 979 3952 Pictagoras
1003 3890 1146 3951 quoque
1181 3891 1251 3934 non
1281 3873 1395 3932 solum
1425 3872 1642 3950 pudiciciam
1665 3872 1702 3933 in

364 3996 403 4041 se
435 3980 667 4050 consecravit,
701 3979 767 4041 sed
799 3980 897 4040 milia
933 3979 1092 4041 virorum
1127 3981 1163 4040 et
1195 3979 1382 4040 mulierum
1413 3979 1462 4040 ad
1485 3978 1583 4040 illam
1606 3981 1702 4041 omni

363 4087 483 4148 studio
499 4086 651 4159 reduxit,
671 4089 880 4148 construens
897 4087 1033 4166 primus
1049 4086 1283 4148 reclusorium
1298 4086 1473 4165 virginum
1489 4085 1698 4165 puellarum,

365 4211 434 4272 que
457 4193 607 4255 celibem
629 4194 741 4255 vitam
765 4196 1019 4256 conservarent
1043 4195 1079 4253 in
1102 4211 1216 4255 evum.
1249 4191 1453 4254 Heraclitus
1479 4192 1699 4263 tenebrosus

365 4300 567 4380 evangelice
582 4300 669 4380 legIs
685 4301 898 4362 observator
913 4298 1041 4373 luture,
1056 4300 1178 4362 oculos
1191 4300 1284 4361 eruit
1300 4299 1522 4378 sibimetipsi,
1537 4317 1608 4378 quo
1624 4300 1701 4361 sine

472 4701 492 4768 ¹)
511 4703 555 4757 CI.
569 4705 623 4756 Fu.
637 4704 973 4772 NovAT1,Eptstolarto
990 4706 1023 4757 di
1043 4705 1104 4757 Col.
1123 4703 1265 4768 salutati,
1276 4705 1325 4768 IV,
1337 4704 1390 4756 lib.
1408 4703 1485 4756 XIV.
1504 4703 1601 4772 Epist.
1614 4715 1700 4769 xxm,

364 4792 443 4846 hira
456 4793 608 4846 Glovanni
626 4793 666 4846 da
685 4793 900 4846 Sammintato:
923 4813 934 4838 «
1018 4809 1207 4859 consequens
1225 4797 1273 4846 est
1287 4796 1367 4846 hanc
1383 4796 1584 4846 inventionem
1597 4791 1701 4857 fuisse

363 4883 496 4936 dtvtnmn
511 4885 616 4950 potins
634 4898 726 4948 quarn
744 4884 908 4935 humanam
924 4921 930 4934 .
946 4921 970 4935 ..
986 4920 993 4934 .
1011 4902 1034 4934 ι.
1055 4881 1100 4935 CI.
1119 4897 1149 4949 p.
1169 4883 1229 4935 181.

471 4969 492 5036 ²)
511 4971 698 5024 Cnsslonmt.
736 4973 855 5041 Prolog.
877 4973 1015 5038 psalten,
1040 4987 1106 5040 cap.
1132 4981 1185 5024 κν.
1219 4971 1263 5025 cf.
1289 4971 1442 5024 GRATIAN.
1467 4973 1597 5034 Decret,
1621 4971 1700 5024 Dist.
1751 4999 1755 5006 ·

363 5061 511 5124 XXXVII,
530 5075 596 5127 cap.
616 5069 668 5124 vn,
687 5063 838 5130 Legimus.

471 5147 492 5215 ³)
511 5149 541 5201 S·
562 5149 643 5203 Auo.
661 5151 708 5203 De
723 5149 805 5203 clvu.
819 5151 884 5213 Det,
897 5151 974 5214 VIII,
989 5161 1030 5202 111.
1051 5149 1133 5202 C'est
1150 5149 1334 5216 Anaxagore
1354 5149 1406 5216 qni
1424 5147 1471 5201 lut
1489 5149 1662 5201 condamne
1680 5148 1700 5201 a

362 5241 452 5304 mort,
471 5253 550 5307 pour
570 5239 657 5292 avoir
677 5239 831 5306 pretendu
848 5254 910 5307 qne
928 5239 958 5292 le
977 5239 1066 5292 soleii
1086 5239 1162 5292 etalt
1180 5239 1220 5291 de
1239 5239 1352 5305 pierre.
1383 5237 1419 5290 In
1440 5236 1533 5305 Oper.
1554 5237 1618 5300 vu,
1637 5237 1699 5290 227.
