4300 6117
422 825 488 887 268
922 835 1080 889 LUCULA
1103 834 1243 888 NOCTIS

420 1055 459 1118 Si
482 1060 603 1120 autem
628 1058 674 1120 de
699 1077 821 1120 eorum
835 1056 1053 1121 falsitatibus
1077 1062 1113 1120 et
1127 1060 1308 1121 erroribus
1332 1060 1465 1121 noticia
1483 1060 1653 1139 exigatur,
1681 1077 1751 1119 non

419 1165 543 1237 solum,
568 1166 661 1227 sicut
684 1165 862 1228 secundus
882 1166 1054 1227 articulus
1078 1167 1145 1227 sub
1168 1166 1346 1228 brevitate
1361 1167 1571 1246 perstrinxit
1582 1164 1601 1238 ¹,
1627 1184 1750 1227 verum

420 1271 500 1351 ipsi,
525 1292 563 1335 se
587 1275 709 1335 mutuo
732 1274 988 1353 impugnantes,
1017 1291 1057 1334 se
1080 1274 1222 1335 mentiri
1245 1274 1413 1335 fatentur.

375 1361 406 1423 4·
527 1379 606 1441 Non
632 1366 721 1461 nego
745 1399 805 1442 eos
829 1399 916 1442 vera
938 1380 1093 1460 plurima
1115 1381 1277 1455 recitare,
1313 1380 1378 1442 sed
1401 1381 1575 1443 audacter
1610 1378 1750 1441 affirmo

418 1488 482 1546 aut
505 1488 703 1549 toxicatum
733 1488 900 1567 poculum
923 1488 1126 1567 propinare,
1162 1488 1261 1548 utin
1285 1506 1373 1549 auro
1397 1488 1543 1550 bibatur
1565 1504 1749 1557 venenum,

418 1596 480 1653 aut
504 1593 656 1673 leprosis
694 1596 857 1657 manibus
881 1594 1027 1655 vitalem
1050 1612 1169 1656 escam
1200 1594 1399 1674 legentibus
1422 1595 1636 1665 ministrare,
1672 1611 1751 1655 cum

420 1716 486 1777 pro
510 1701 642 1763 talibus
672 1701 771 1763 dicat
794 1700 927 1763 Cantor
951 1702 1109 1763 divinus:
1141 1700 1358 1763 «Peccatori
1380 1704 1500 1763 autem
1524 1702 1613 1762 dixit
1635 1699 1750 1761 Deus:

420 1807 539 1893 Quare
563 1811 602 1870 tu
633 1827 781 1870 enarras
802 1810 962 1871 iusticias
989 1827 1097 1881 meas,
1123 1812 1158 1870 et
1182 1809 1333 1870 assumis
1357 1810 1610 1870 testamentum
1636 1824 1752 1868 meum

419 1934 485 1995 per
509 1934 548 1977 os
572 1920 675 1977 tuum
688 1936 703 1969 r
717 1914 737 1977 ².
768 1914 872 1977 Certe
896 1916 984 1977 satis
1007 1917 1248 1996 propinquum
1270 1915 1352 1977 huic
1379 1916 1575 1977 sentencie:
1602 1913 1751 1974 «Nolite

420 2040 481 2083 eos
505 2023 634 2084 audire
650 2045 677 2084 i.
716 2021 828 2084 Nemo
863 2024 957 2084 enim
979 2021 1249 2103 Xpistianorum
1272 2023 1416 2102 negabit
1439 2023 1518 2084 illos
1542 2023 1751 2102 peccatores

419 2130 537 2200 fuisse,
579 2148 668 2208 quos
708 2131 850 2192 constat
872 2129 991 2202 fidem,
1032 2131 1176 2191 ianuam
1207 2130 1342 2201 salutis,
1371 2148 1442 2191 non
1465 2129 1632 2199 tenuisse,
1672 2145 1752 2189 cum

418 2236 639 2316 impossibile
663 2238 710 2299 sit
751 2239 857 2299 «sine
879 2236 954 2299 fide
985 2237 1131 2316 placere
1153 2236 1230 2298 Deo
1245 2234 1293 2309 »³,
1331 2239 1367 2297 et
1400 2237 1544 2298 ‹iustus
1576 2236 1675 2296 vivat
1709 2253 1752 2296 ex

419 2341 493 2405 fide
506 2366 521 2399 r
534 2342 555 2405 ⁴.
567 2376 609 2385 —
621 2343 818 2406 Probatum
841 2348 895 2407 est
920 2346 1014 2406 enim
1038 2345 1125 2405 satis
1142 2341 1273 2405 diffuse
1289 2346 1415 2406 contra
1431 2344 1591 2421 iniquum
1613 2341 1751 2403 Iulia·

420 2470 522 2512 num
545 2470 613 2531 per
629 2450 873 2532 Augustinum,
899 2451 997 2530 quod
1020 2452 1133 2512 omnis
1157 2450 1356 2512 infidelium
1370 2451 1445 2512 vita
1468 2452 1656 2530 peccatum
1672 2445 1750 2510 est⁵.

418 2556 498 2619 Non
513 2560 642 2631 obstat,
668 2560 699 2620 si
722 2559 809 2620 alibi
824 2560 987 2621 veritatis
1014 2559 1183 2639 magister
1205 2559 1311 2619 turbe
1327 2557 1373 2619 de
1388 2557 1520 2636 iniquis
1546 2557 1752 2636 pastoribus

419 2665 533 2727 dicat:
576 2665 838 2751 ‹Quecumque
861 2667 963 2728 vobis
987 2666 1152 2737 dixerint,
1181 2667 1321 2727 servate
1345 2666 1381 2726 et
1403 2662 1531 2726 facite:
1557 2663 1752 2726 secundum

419 2790 506 2834 vero
528 2791 640 2853 opera
665 2772 787 2835 eoru'm
810 2774 919 2835 nolite
936 2771 1056 2835 facere
1072 2770 1120 2845 »⁶‚
1146 2791 1230 2833 nam
1249 2790 1366 2850 neque
1388 2772 1435 2833 de
1457 2769 1663 2833 infidelibus
1680 2788 1752 2831 ser·

419 2898 558 2941 monem
582 2881 720 2961 agebat,
745 2899 861 2960 neque
885 2880 931 2942 de
955 2880 1155 2952 credendis,
1178 2879 1243 2941 sed
1267 2879 1313 2940 de
1335 2879 1482 2959 agendis
1502 2882 1662 2959 prescise
1685 2878 1751 2938 sub

420 2987 641 3060 obediencia,
680 2990 795 3050 matre
817 2988 998 3060 virtutum,
1035 3006 1105 3067 que
1128 2988 1335 3065 frequenter
1368 2986 1519 3047 humiles
1543 3004 1566 3047 a
1592 2984 1752 3065 peccatis

422 3096 578 3156 excusat.

375 3183 406 3246 5·
528 3200 671 3275 Iterum,
698 3204 791 3281 quia,
816 3203 914 3264 iuxta
936 3203 1075 3282 regulas
1098 3203 1196 3274 iuris,
1222 3202 1268 3263 de
1292 3202 1465 3263 similibus
1490 3199 1605 3261 simile
1628 3200 1683 3261 est
1701 3198 1751 3258 iu·

421 3308 563 3380 dicium,
605 3312 640 3371 et
673 3310 710 3369 in
734 3308 908 3372 obscuris
932 3310 1139 3390 inspicimus
1163 3308 1261 3388 quod
1294 3312 1349 3370 est
1372 3304 1632 3379 verisimilius⁷,
1672 3324 1752 3367 cum

420 3413 496 3476 fere
520 3435 641 3478 omnes
664 3415 730 3478 has
755 3416 1002 3496 dampnabiles
1027 3416 1209 3478 doctrinas
1231 3417 1409 3477 sectantes
1439 3418 1605 3475 auctores
1629 3432 1753 3475 earum

422 3522 571 3603 diligant
590 3525 626 3585 et
643 3524 903 3593 commendant,
930 3524 1044 3585 eciam
1061 3542 1141 3585 cum
1161 3523 1396 3595 nominantur,
1422 3522 1484 3583 ubi
1505 3518 1752 3602 Xpistifideles

423 3648 546 3691 eorum
580 3631 688 3692 dictis
713 3631 867 3693 adversa
891 3630 1034 3711 publice
1054 3630 1273 3709 predicatur,
1298 3633 1421 3691 notum
1450 3631 1505 3691 est
1528 3628 1752 3690 inhonestum

420 3755 498 3799 esse
523 3756 584 3799 eos
607 3738 762 3809 studere,
787 3739 879 3799 sicut
903 3756 1006 3799 nemo
1030 3738 1127 3799 dicet
1154 3736 1341 3798 honestum
1365 3736 1524 3797 inimIcos
1548 3735 1616 3796 Dei
1638 3735 1752 3797 laudi·

422 3846 489 3906 bus
513 3846 716 3917 sublimare,
752 3848 881 3924 etque
916 3845 975 3906 ille
999 3845 1192 3906 iustissime
1215 3843 1301 3916 odit,
1338 3845 1503 3906 creatura
1531 3861 1597 3904 sua
1620 3859 1752 3920 nequa·

420 3971 527 4031 quam
551 3953 760 4015 debetcum
783 3953 953 4033 preconio
973 3952 1219 4013 veneracionis
1244 3969 1376 4012 amare.
1400 3949 1474 4012 Sed
1491 3952 1626 4012 terram
1646 3966 1752 4010 arare

420 4060 496 4121 Deo
520 4079 591 4121 non
614 4060 764 4122 dicimus
788 4060 983 4131 adversari,
1019 4078 1130 4138 quum
1152 4059 1276 4138 pocius
1312 4059 1387 4120 eius
1412 4061 1466 4119 est
1502 4058 1752 4136 obtemperare
1855 4090 1860 4099 -

421 4168 612 4240 mandatis,
637 4169 730 4230 sicut
754 4187 797 4229 ex
819 4166 1027 4247 precedenti
1050 4166 1205 4227 articulo
1229 4166 1339 4245 patet.

528 4567 549 4635 ¹)
570 4568 613 4621 Cf.
632 4584 729 4636 supra
747 4584 777 4636 p.
790 4569 824 4622 28
843 4571 875 4621 et
894 4568 954 4621 172.

529 4656 550 4725 π)
570 4658 615 4713 Cf.
634 4660 746 4727 psalm.
764 4660 867 4723 XLIX,
887 4659 929 4711 16.

530 4746 550 4814 3)
570 4750 600 4803 S.
618 4751 725 4813 PAUL,
745 4752 787 4801 ud
803 4750 905 4812 Hebr,
924 4748 973 4812 XI,
991 4749 1018 4801 6.

529 4836 551 4905 4)
569 4840 622 4903 11).,
642 4841 685 4891 ad
701 4840 797 4902 Rom,
816 4839 838 4903 1,
858 4839 901 4892 17.

529 4926 549 4995 ὗ)
569 4929 599 4982 8.
609 4930 689 4982 AUR.
701 4930 781 4983 AUG.
804 4929 915 4981 Contra
933 4928 1088 4981 Iulianum
1095 4927 1206 4995 pelag,
1215 4926 1263 4990 1v,
1273 4926 1317 4990 30,
1326 4925 1369 4989 31,
1384 4925 1427 4979 ³2
1437 4925 1473 4977 In
1484 4924 1578 4993 Oper:
1587 4924 1637 4988 X2,
1645 4923 1698 4977 7⁵³
1705 4938 1752 4991 sq.

528 5016 550 5084 ⁰)
571 5019 600 5072 S.
619 5018 752 5081 MATTH,
771 5018 877 5082 XXIII,
895 5018 922 5070 3.

531 5104 550 5174 ἵ)
569 5110 605 5161 ln
624 5108 724 5172 Sexto,
744 5108 850 5176 regula
868 5108 903 5161 45
918 5116 940 5160 ¹.
