4300 6117
472 915 537 979 388
975 925 1134 979 LUCULA
1156 923 1297 979 NOCTIS

466 1151 513 1212 de
535 1150 603 1212 hiis
626 1152 743 1225 rebus,
769 1153 899 1231 quibus
922 1152 985 1214 aut
1012 1153 1143 1213 misere
1165 1151 1299 1214 vivitur
1322 1154 1384 1213 aut
1407 1151 1550 1214 beate?
1595 1149 1674 1223 Ubi,
1713 1155 1749 1214 et
1772 1153 1805 1214 si

467 1257 589 1337 aliqua
611 1276 699 1321 vera
722 1259 944 1330 dicebantur,
970 1262 1006 1321 et
1029 1258 1156 1321 eadem
1184 1258 1336 1320 licencia
1369 1259 1585 1321 dicebantur
1619 1261 1656 1320 et
1689 1260 1781 1320 falsa
1797 1281 1812 1322 :1

466 1383 624 1444 prorsus,
648 1368 688 1426 ut
711 1384 783 1427 non
806 1367 941 1428 frustra
970 1366 1052 1428 talis
1077 1366 1204 1428 civitas
1236 1365 1414 1428 misticum
1445 1366 1661 1428 vocabulum
1699 1365 1811 1428 Babi-

466 1472 558 1532 lonis
582 1473 773 1552 acceperit.
797 1472 975 1535 Babilon
998 1473 1133 1553 quippe
1149 1473 1408 1551 interpretatur
1433 1471 1675 1545 «contusioi»,
1701 1475 1801 1552 quod

466 1596 533 1640 nos
556 1579 627 1639 iam
651 1580 785 1641 dixisse
808 1581 1040 1642 meminimus.
1087 1579 1162 1642 Nec
1193 1580 1343 1641 interest
1372 1579 1553 1662 dyabolici
1587 1581 1681 1661 regis
1717 1582 1803 1653 eius,

468 1705 575 1765 quam
600 1688 789 1749 contrariis
813 1688 908 1749 inter
936 1706 975 1749 se
997 1687 1160 1749 rixentur
1191 1687 1383 1758 erroribus,
1409 1705 1499 1766 quos
1535 1688 1663 1750 merito
1693 1689 1804 1751 multe

467 1794 639 1872 varieque
660 1794 863 1874 impietates
886 1795 1024 1875 pariter
1046 1794 1276 1874 possident».
1295 1791 1306 1829 ²

421 1890 452 1952 6·
573 1900 676 1962 Fecit
699 1919 759 1963 eos
784 1920 916 1973 errare,
942 1903 979 1963 et
1000 1900 1259 1981 sophismatum
1281 1901 1363 1963 telis
1392 1901 1430 1962 in
1461 1901 1613 1964 invicem
1648 1903 1805 1982 dirigere

250 1998 280 2059 L
297 1997 391 2059 112ro
467 2008 729 2070 interminabile
751 2009 885 2070 bellum
907 1999 1036 2092 amorii
1061 2008 1172 2088 glorie
1195 2027 1297 2081 vane,
1323 2027 1395 2088 qua
1418 2010 1506 2071 moti
1525 2027 1598 2071 non
1615 2010 1703 2088 quid
1715 2011 1800 2083 veri,

467 2115 533 2177 sed
557 2115 644 2194 quid
668 2116 836 2178 novitatis
860 2117 1018 2195 reperire
1041 2116 1221 2178 volebant.
1248 2115 1342 2178 Hinc
1366 2117 1495 2178 audaci
1513 2118 1630 2179 fronte
1657 2117 1801 2179 sodales

260 2212 290 2272 Β
305 2210 378 2273 96¹⁰
467 2224 624 2284 famosos
654 2241 810 2302 suosque
844 2224 1012 2286 doctores
1044 2241 1270 2303 summopere
1302 2223 1569 2304 impugnabant,
1606 2226 1641 2285 et
1670 2214 1684 2307 ΙΙ
1711 2225 1804 2286 inter

467 2330 589 2392 sidera
611 2348 651 2392 se
674 2329 863 2392 nidificare
885 2331 1071 2409 putabant,
1097 2331 1127 2392 si
1151 2331 1197 2392 de
1220 2329 1397 2410 Apollinis
1432 2330 1562 2392 throno
1597 2331 1803 2393 dicerentur

469 2437 642 2499 deiecisse
677 2435 888 2510 Platonem³,
916 2440 979 2499 aut
1014 2436 1183 2509 Palladis,
1220 2456 1312 2517 eque
1335 2437 1501 2510 Achilles,
1531 2457 1603 2500 non
1626 2439 1804 2500 troianum

467 2544 534 2605 sed
555 2557 697 2624 grecum
722 2545 832 2606 armis
856 2545 1020 2606 innexum
1052 2545 1111 2606 vel
1140 2544 1325 2606 vinculans
1350 2545 1449 2618 alios,
1496 2546 1594 2624 quod
1626 2543 1723 2607 Zeno
1753 2547 1803 2606 vi·

468 2651 624 2713 debatur
646 2652 789 2730 pavisse
812 2652 998 2731 privarent
1031 2652 1090 2713 vel
1123 2652 1327 2731 quempiam
1358 2652 1597 2730 quadrantem
1632 2653 1803 2714 circulum

467 2758 629 2820 Perdicis
653 2759 821 2839 gignasiis
844 2760 1105 2821 monstrassent
1128 2759 1319 2838 indignum.
1354 2757 1589 2822 Ohebetudo
1622 2759 1804 2821 hominum

470 2884 555 2927 ceca
570 2883 718 2944 prorsus
736 2865 922 2927 deflenda!
938 2864 1107 2927 Laudare
1119 2867 1305 2945 superbos,
1324 2884 1414 2945 quos
1431 2869 1537 2927 natus
1554 2866 1696 2927 humilis
1706 2866 1807 2929 Deus¹

469 2973 515 3034 de
538 2973 625 3034 sede
649 2973 827 3052 deposuit,
852 2974 889 3035 et
911 2974 965 3034 sni
989 2973 1188 3035 imitatores
1221 2973 1394 3035 exultavit
1425 2972 1585 3046 humiles,
1609 2975 1802 3036 mendaces

468 3080 643 3151 venerari,
667 3083 777 3159 atque
800 3080 941 3142 divinos
970 3080 1088 3142 colere
1121 3079 1251 3152 hostes,
1284 3080 1475 3142 benedicto
1507 3079 1585 3143 Deo
1617 3081 1802 3161 neglecto!

469 3185 598 3266 Liquet
621 3205 664 3248 ex
687 3188 795 3249 dictis
818 3187 1037 3250 tradiciones
1061 3187 1243 3267 gentilium
1266 3206 1337 3249 non
1359 3187 1473 3248 solum
1498 3187 1546 3248 ad
1569 3187 1660 3249 bene
1683 3189 1807 3250 viven-

469 3294 555 3356 dum
578 3313 649 3355 non
672 3293 856 3372 prodesse,
881 3294 946 3356 sed
970 3295 1351 3382 eciamsupervacuas
1376 3312 1464 3365 esse,
1489 3294 1618 3357 obesse
1651 3293 1740 3357 fidei
1769 3298 1803 3358 et

468 3402 562 3463 bone
585 3402 658 3463 vite
682 3400 891 3463 fundamina
915 3405 950 3463 et
973 3421 1115 3464 omnem
1137 3400 1314 3463 fabricam
1336 3414 1554 3481 oppugnare.

424 3498 455 3563 7.
581 3505 654 3570 Sed
679 3509 776 3570 dicet
797 3509 949 3589 aliquis:
981 3506 1095 3569 Simili
1124 3509 1269 3571 racione
1300 3511 1507 3571 sanctorum
1542 3525 1685 3587 quoque
1709 3508 1801 3570 viro·

470 3634 549 3677 rum
571 3615 683 3677 libros
707 3634 873 3708 non'esse
896 3615 1076 3695 legendos,
1102 3615 1199 3694 quod
1222 3616 1258 3677 in
1281 3615 1594 3696 argumentacione
1610 3632 1717 3693 quam
1735 3616 1802 3677 sol·

469 3723 584 3783 vimus
608 3722 813 3801 aliqualiter
835 3722 902 3784 tuit
924 3724 1069 3794 tactum,
1095 3742 1176 3784 nam
1210 3724 1303 3784 inter
1336 3741 1375 3784 se
1407 3721 1592 3793 dissident,
1618 3722 1802 3801 disputant

469 3829 671 3909 plurimum,
695 3848 766 3891 non
789 3830 904 3892 solum
926 3831 1089 3892 moderni
1112 3830 1178 3892 sed
1201 3831 1348 3908 antiqui,
1373 3830 1483 3891 falsas
1509 3827 1803 3908 philosophorum

470 3939 588 3998 sectas
612 3940 648 3999 et
672 3937 856 4017 opiniones
880 3938 1042 4009 recitant,
1066 3955 1185 4018 ymmo
1209 3938 1297 3998 talia
1312 3937 1529 3999 nesciremus
1545 3935 1613 3997 nisi
1627 3936 1803 3997 incorum

469 4043 571 4104 libris
594 4043 713 4105 forent
736 4045 950 4124 conscripta.
974 4044 1134 4107 Platonis
1158 4062 1312 4123 namque
1334 4043 1418 4107 libri
1441 4061 1535 4116 raro,
1551 4041 1700 4122 Epicuri
1723 4061 1802 4104 nus·

470 4168 587 4230 quam,
612 4148 771 4213 Socratis
788 4150 992 4223 difficulter,
1015 4155 1220 4234 stoycorum
1237 4151 1371 4220 nullibi,
1396 4149 1707 4212 achademicorum
1724 4169 1804 4230 per·

469 4276 553 4319 raro
577 4259 815 4336 reperiuntur,-
839 4290 880 4300 —
912 4259 990 4321 sed
1020 4258 1125 4321 mihi
1155 4277 1305 4321 eorum
1343 4257 1580 4338 opiniones
1618 4256 1802 4318 maxime

469 4382 549 4445 per
571 4363 878 4444 Augustinum,
909 4365 1175 4430 Ieronimum
1203 4369 1246 4427 et
1270 4361 1482 4426 Thomam
1505 4365 1666 4425 contra
1697 4361 1801 4425 Gen·

470 4616 683 4624 --.———-—.

579 4833 599 4902 ¹)
616 4833 695 4887 Tout
713 4847 749 4885 ce
766 4833 839 4899 long
856 4836 989 4897 passage
1007 4828 1054 4881 est
1073 4827 1132 4880 cite
1152 4824 1387 4878 textuellement
1408 4822 1449 4876 de
1467 4822 1498 4875 S.
1519 4819 1600 4894 Aue.
1621 4821 1640 4873 a
1658 4820 1801 4874 l'endroit

469 4926 604 4992 indique,
621 4926 667 4977 De
688 4921 772 4975 Ctvif.
791 4923 855 4972 Dei.
874 4918 979 4980 xvm,
992 4926 1055 4969 XLI.
1074 4917 1110 4968 In
1132 4915 1222 4983 Oper.
1241 4915 1263 4966 t.
1284 4911 1347 4975 Vll,
1371 4913 1428 4965 col.
1447 4912 1508 4965 601.

578 5011 662 5081 ²)Cf.
684 5012 790 5066 Genea.
813 5011 864 5074 XI,
881 5009 907 5063 9.
952 5007 1136 5075 Cependant
1161 5005 1242 5058 cette
1265 5003 1470 5072 signification
1497 5016 1538 5054 ne
1563 4999 1723 5054 s'accorde
1745 5012 1801 5066 pas

470 5119 548 5159 avec
565 5105 595 5156 la
613 5102 789 5156 traduction
806 5099 1051 5168 babylonienne:
1071 5097 1164 5148 Por-te
1182 5097 1219 5146 de
1238 5095 1324 5147 Dteu.

578 5189 599 5258 ³)
618 5192 757 5245 Allusion
775 5191 795 5243 a
812 5191 843 5243 la
861 5189 1024 5242 naissance
1042 5186 1203 5239 fabulense
1221 5184 1262 5236 de
1281 5183 1401 5235 Platon.
