4300 6117
841 1020 1031 1074 IOHANNIS
1054 1019 1235 1074 DOMINICI
1301 1071 1304 1078 .

876 1768 1087 1874 [CAPUT
1123 1768 1211 1875 Vl

484 2132 672 2220 [T]angam
695 2140 829 2218 quinto,
854 2158 920 2218 pro
942 2139 1192 2218 supplemento
1215 2138 1369 2200 racionis
1392 2139 1575 2217 premisse,
1600 2139 1708 2199 aliam

368 2246 476 2317 viam,
502 2264 572 2325 que
589 2248 660 2307 est:
697 2245 761 2307 Ad
784 2246 973 2307 studium
997 2243 1126 2307 Sacre
1151 2242 1374 2323 Scripture
1397 2245 1561 2324 pariter
1585 2246 1625 2306 et
1652 2246 1708 2305 iu·

371 2352 605 2424 tellectum,
651 2351 799 2414 fidelis
851 2352 1034 2431 quilibet
1078 2352 1306 2431 obligatur,
1352 2351 1405 2412 ad
1445 2352 1570 2430 quod,
1609 2352 1709 2413 nisi

371 2459 531 2539 previis
565 2460 776 2531 scienciis,
818 2460 1089 2521 secularibus
1130 2459 1396 2537 nuncupatis,
1435 2458 1710 2519 communiter

368 2566 598 2645 pervenire
622 2585 703 2627 non
726 2567 877 2645 potest.
924 2565 1062 2645 Igitur
1091 2584 1171 2626 non
1201 2565 1338 2627 solum
1367 2566 1535 2643 prefate
1563 2566 1708 2626 littere

370 2691 454 2733 non
477 2675 572 2733 sunt
595 2672 873 2751 prohibende,
899 2672 974 2734 sed
999 2672 1035 2733 et
1058 2672 1343 2734 solertissime
1367 2672 1625 2751 imperande.

482 2866 560 2930 Hec
584 2869 846 2947 consequencia
871 2887 942 2929 non
966 2868 1162 2939 dubitatur,
1198 2886 1278 2929 cum
1303 2868 1433 2939 media,
1470 2868 1545 2929 sine
1578 2867 1708 2945 quibus
1725 2877 1753 2938 1,

370 2972 454 3035 finis
478 2975 675 3054 imperatus
700 2965 713 3057 {l
740 2994 811 3036 non
834 2976 954 3053 potest
976 2974 1113 3045 haberi,
1143 2975 1210 3035 sub
1235 2975 1306 3035 iine
1338 2974 1444 3035 simili
1467 2974 1633 3035 mandari
1655 2974 1708 3034 di·
1797 2982 1827 3044 L
1842 2983 1915 3044 24r0

372 3084 508 3142 cantur.
557 3080 725 3166 Quisquis
762 3082 856 3143 enim
891 3099 947 3142 me
978 3081 1079 3142 iubet
1113 3099 1212 3141 mare
1247 3081 1409 3153 transire,
1446 3082 1547 3141 navis
1584 3081 1708 3142 iubere

371 3188 533 3249 creditur
555 3207 658 3249 usum
674 3185 693 3250 ¹.
734 3186 792 3249 Sic
816 3188 1032 3249 determinat
1054 3186 1190 3249 Doctor
1213 3190 1358 3249 sanctus
1382 3188 1552 3249 mandata
1575 3188 1707 3248 veteris

372 3294 467 3374 legis,
503 3296 570 3356 sub
605 3313 698 3356 novo
720 3290 951 3356 Testamento
980 3295 1165 3365 currentis,
1201 3294 1348 3355 realiter
1370 3284 1384 3376 Η
1417 3294 1585 3373 obligare,
1622 3294 1707 3372 quia
1810 3303 1840 3363 Β
1856 3304 1906 3365 910

374 3402 450 3462 sine
472 3400 542 3462 illis
565 3402 613 3463 ad
637 3403 910 3464 observanciam
940 3401 1036 3462 unici
1067 3401 1239 3480 precepti,
1272 3401 1370 3480 quod
1393 3403 1448 3461 est
1470 3401 1631 3479 perfecta
1655 3400 1707 3461 di·

372 3508 483 3570 leccio
516 3511 734 3581 consumata,
769 3527 873 3570 nemo
896 3506 1165 3587 Xpistianorum
1188 3508 1285 3568 valet
1320 3507 1594 3569 communiter
1628 3524 1707 3585 per·

371 3614 530 3676 veniret
577 3613 678 3677 Istud
712 3617 831 3677 autem
868 3614 1208 3676 «communiter»
1244 3614 1280 3675 iu
1313 3614 1457 3675 racione
1482 3615 1575 3674 estat
1597 3631 1707 3692 appo·

373 3721 488 3792 situm,
513 3739 623 3800 quum
648 3724 688 3791 si,
714 3723 760 3783 de
784 3722 933 3801 speciali
955 3722 1185 3800 prerogativa
1208 3718 1361 3800 Spiritus
1387 3717 1520 3789 Sancti,
1545 3719 1708 3799 Apostoli

373 3827 504 3890 tuerint
527 3829 622 3889 omni
646 3829 811 3890 doctrina
833 3829 870 3889 in
893 3829 1071 3889 momento
1095 3827 1225 3907 repleti
1238 3825 1259 3900 ³,
1286 3829 1322 3888 et
1337 3825 1469 3887 Paulus
1485 3826 1534 3888 ad
1550 3826 1708 3887 divinam

373 3934 615 4007 dileccionem,
651 3953 722 4014 quo
757 3936 806 3996 ad
840 3937 973 3996 statum
1004 3935 1061 3995 vie
1096 3936 1245 4013 spectat,
1284 3935 1481 4013 perlectam
1516 3933 1706 4003 transierit,

373 4042 491 4128 medio
514 4043 755 4121 pretermisso.
780 4041 885 4127 Quod
910 4043 1004 4103 enim
1026 4042 1073 4102 ob
1096 4042 1253 4120 graciam
1277 4040 1385 4101 alicui
1410 4041 1465 4100 est
1489 4057 1706 4109 concessum,

372 4147 409 4207 in
432 4149 729 4227 consequenciam
764 4168 835 4210 non
870 4151 925 4210 est
960 4147 1183 4209 trahendum.
1232 4145 1423 4225 Privilegia
1458 4146 1591 4225 quippe
1626 4148 1709 4207 sunt

374 4271 578 4331 paucorum,
615 4255 681 4316 sed
714 4256 811 4336 leges
843 4274 909 4335 pro
933 4254 1096 4334 pluribus
1121 4254 1289 4315 dicuntur
1313 4254 1450 4314 sancite
1463 4250 1485 4313 ⁴.
1532 4250 1624 4314 Hinc
1656 4251 1709 4312 ad

375 4358 592 4423 Paulinum
628 4362 678 4423 de
716 4363 860 4424 studio
894 4362 1145 4431 litterarum,
1170 4360 1299 4421 scribit
1324 4360 1551 4421 beatissimus
1575 4357 1707 4419 Ieroni·

375 4485 461 4540 mus,
486 4468 590 4530 dicit:
630 4467 821 4553 ‹Quiquid
846 4470 939 4530 enim
961 4468 1041 4529 aliis
1066 4466 1279 4528 exercitacio
1310 4466 1346 4527 et
1370 4466 1551 4527 cotidiana
1573 4466 1610 4526 iu
1632 4465 1709 4545 lege

376 4678 586 4689 uu——

479 4831 500 4900 ¹)
519 4836 670 4901 Exemplo
688 4836 845 4902 classique
862 4835 925 4889 tort
944 4850 984 4887 en
1002 4843 1098 4902 usage
1124 4836 1202 4887 dans
1220 4835 1345 4887 l’Ecole.
1384 4833 1429 4886 cl.
1449 4832 1478 4885 S.
1496 4830 1600 4885 Tuom.
1626 4833 1654 4883 1²
1675 4831 1708 4905 Q.

373 4920 452 4986 XIX,
469 4939 496 4976 a.
515 4923 541 4976 3.

480 5010 501 5079 ²)
522 5013 566 5066 Cf.
586 5012 614 5064 1²
637 5013 703 5065 11³⁶.
722 5012 756 5087 Q.
775 5014 863 5077 CVII,
882 5029 909 5066 a.
929 5015 953 5065 1.

480 5100 501 5166 ³)
518 5103 589 5155 Act.
609 5103 646 5165 11,
665 5104 697 5165 4;
716 5113 758 5166 Ν,
777 5103 820 5155 31.
1397 5158 1400 5165 ⁴

479 5189 501 5256 ⁴)
522 5192 633 5254 (ἔω,
662 5193 783 5244 Decrel.
820 5191 892 5257 Cap.
919 5191 990 5243 Non
1016 5191 1153 5256 exempto
1184 5190 1233 5253 IV,
1258 5188 1381 5262 Quaest.
1415 5187 1450 5251 11,
1479 5188 1577 5240 Causa
1603 5185 1708 5238 XXVI.

376 5275 446 5331 Tire
464 5281 504 5334 de
523 5279 551 5332 S.
571 5277 707 5344 IEROME,
728 5280 808 5331 Com.
828 5283 857 5333 ln
875 5282 995 5343 Ionum,
1013 5295 1079 5346 cap.
1097 5289 1117 5331 1.
