4300 6117
804 1019 991 1073 romnus
1012 1019 1193 1074 nummu
1389 1050 1393 1059 ‚
1613 1010 1679 1074 259
1748 973 1752 981 ’

345 1240 586 1302 tradiderunt.
624 1239 703 1303 Non
729 1260 812 1303 reor
840 1242 946 1322 igitur
970 1231 984 1324 ΙΙ
1009 1242 1147 1322 grande
1170 1244 1368 1322 periculum
1393 1243 1578 1305 imminere
1600 1242 1678 1317 hiis,
1768 1242 1882 1306 Ῑ.77το

344 1347 419 1426 qui,
454 1351 537 1427 post
559 1348 751 1409 litteralem
775 1367 918 1412 sensum
942 1368 1046 1413 sacre
1069 1350 1205 1429 sophie,
1229 1351 1365 1411 arcium
1389 1350 1505 1412 scolas
1528 1369 1599 1412 non
1622 1370 1680 1413 co·

347 1455 436 1529 lunt,
461 1455 526 1517 sed
549 1456 705 1526 visitant,
742 1475 814 1518 non
837 1458 906 1519 sibi
930 1458 1110 1529 nubendo,
1133 1458 1198 1519 sed
1220 1457 1377 1519 videndo
1406 1472 1529 1519 earum
1551 1457 1680 1531 vultus,

345 1564 414 1624 sed
438 1580 666 1642 nequaquam
690 1581 841 1643 corpore
865 1564 990 1626 nudas.
1036 1563 1144 1627 Nam:

572 1718 585 1745 ‹
596 1701 704 1754 Certus
722 1702 755 1753 in
773 1702 948 1769 hospitibus
965 1718 1030 1755 non
1052 1704 1100 1755 est
1118 1718 1213 1766 amor,
1232 1705 1317 1756 errat
1335 1702 1481 1768 ubique»,

349 1831 398 1892 in
435 1830 777 1909 epistolarum
813 1829 1030 1903 libello¹,
1066 1830 1257 1894 Nasone
1291 1834 1455 1902 testante,
1481 1832 1511 1892 si
1534 1834 1684 1911 possunt

351 1940 448 1999 artes
471 1937 569 1998 velut
596 1937 727 1998 ancille
750 1937 893 1999 domine
917 1956 989 2009 sue,
1015 1941 1139 2013 sancte
1168 1937 1362 2018 Scripture,
1387 1938 1597 2000 famulatum
1624 1939 1684 2000 de·

346 2045 465 2105 bitum
482 2044 659 2113 exhibere,
684 2046 750 2106 sub
768 2063 838 2123 quo
860 2063 967 2106 sensu
991 2064 1074 2107 reor
1097 2046 1326 2126 exponendos
1351 2064 1483 2117 omnes,
1508 2046 1578 2124 qui,
1603 2064 1684 2107 con·

349 2152 507 2213 sciencia
528 2151 661 2231 prediti
676 2160 699 2221 ⁸,
736 2170 816 2213 cum
840 2152 1003 2213 scienciis
1027 2154 1162 2215 nostris
1185 2154 1324 2215 litteras
1350 2154 1570 2214 ethnicorum
1603 2171 1685 2213 con·

353 2259 495 2321 cedunt.
542 2256 615 2320 Sed
648 2260 714 2320 sub
740 2259 803 2320 tali
827 2259 942 2338 clipeo
974 2263 1156 2339 nequeunt
1182 2261 1304 2331 latere,
1330 2253 1418 2339 quib
1448 2278 1515 2321 nec
1544 2262 1685 2320 nostras

347 2364 539 2445 preferunt
562 2365 641 2438 illis,
667 2384 732 2427 nec
756 2369 840 2445 post
862 2366 942 2427 illas
968 2368 1145 2429 accedere
1167 2367 1356 2429 intendunt
1379 2368 1427 2429 ad
1450 2369 1602 2429 nostras.

460 2524 630 2606 Sequitur
645 2527 807 2605 quintum
823 2528 871 2588 ad
887 2528 1092 2589 ordinatum
1112 2528 1270 2592 studium
1285 2530 1505 2608 requisitum,
1530 2528 1683 2591 scilicet:
1698 2523 1729 2587 4.

349 2634 522 2714 cognicio
536 2652 669 2704 eorum,
697 2652 765 2712 que
789 2638 1039 2713 supponuntur
1061 2638 1244 2714 tamquam
1268 2639 1362 2707 nota,
1388 2636 1685 2715 exemplificando

352 2742 412 2803 vel
427 2741 565 2820 aliquid
579 2739 778 2821 figurando.
796 2772 838 2781 —
855 2740 942 2827 Quis
957 2743 1060 2814 enim,
1085 2744 1277 2823 geometrie
1290 2743 1417 2805 saltem
1442 2744 1686 2806 communibus

354 2850 508 2928 ignarus,
546 2848 594 2910 ad
617 2849 817 2932 naturalem
849 2849 1132 2931 phylosophiam,
1169 2851 1237 2912 nisi
1259 2851 1477 2930 insipienter,
1513 2851 1687 2914 intrabit?

353 2955 433 3017 Non
457 2956 550 3017 enim
574 2956 693 3034 capiet
715 2955 946 3028 Aristotilem‚
983 2957 1227 3036 disputantem
1262 2957 1308 3019 de
1330 2959 1506 3038 triangulo
1534 2958 1687 3020 habente

351 3066 429 3125 tres
452 3062 600 3142 angulos
625 3063 771 3141 equales
795 3062 936 3125 duobus
960 3065 1077 3134 rectis,
1115 3065 1161 3125 de
1184 3065 1335 3145 ysocele,
1366 3065 1411 3126 de
1433 3078 1617 3145 gnomone,
1642 3064 1689 3126 de

355 3170 580 3249 quadratura
603 3170 727 3231 circuli
763 3173 799 3231 et
822 3169 1033 3241 huiusmodi,
1057 3171 1117 3231 vel
1139 3173 1207 3233 sub
1227 3171 1296 3232 illis
1320 3173 1479 3233 terminis
1503 3173 1601 3233 dicta
1623 3190 1689 3233 sua

352 3277 488 3338 clarius
501 3276 816 3347 demonstrantem,
835 3277 903 3337 nisi
925 3278 1066 3339 noverit
1083 3277 1170 3357 quid
1185 3262 1256 3341 sint
1271 3278 1372 3351 linee,
1397 3283 1506 3351 recta,
1532 3280 1687 3358 obliqua,

353 3383 586 3463 octogonalis,
611 3383 740 3463 anguli,
758 3387 887 3456 rectus,
913 3385 1072 3457 obtusus,
1091 3388 1227 3457 acutus,
1245 3386 1489 3465 contingencie
1506 3390 1542 3448 et
1558 3389 1688 3457 cetera,

350 3509 427 3570 que
460 3491 547 3551 alibi
567 3491 667 3551 velut
695 3492 851 3569 probata
882 3492 1114 3571 negliguntur,
1139 3493 1336 3571 prudenter
1360 3494 1526 3555 ostendit.
1577 3491 1691 3557 Simili

354 3598 465 3659 modo
489 3596 584 3673 dico,
616 3598 724 3676 quod,
761 3617 842 3659 cum
865 3597 987 3660 divina
1011 3596 1199 3677 Scriptura
1234 3600 1386 3679 figurate
1409 3601 1558 3680 loquens
1583 3603 1691 3665 rebus

354 3705 489 3766 creatis
513 3707 636 3765 utatur
660 3705 854 3784 suppositis
878 3708 1050 3784 tanquam
1074 3706 1177 3776 notis,
1203 3725 1326 3768 earum
1349 3709 1483 3769 noticia
1499 3712 1553 3770 est
1569 3727 1691 3787 quam-

356 3811 513 3891 plurima
536 3814 723 3891 oportuna,
760 3812 905 3874 semitas
930 3812 1093 3891 pandens
1126 3814 1174 3875 ad
1209 3812 1410 3876 divinorum
1444 3815 1617 3877 librorum
1641 3818 1691 3877 in·

356 3931 510 3999 gressus.
531 3950 568 3959 -
590 3918 815 3980 «Invisibilia
840 3920 933 3980 enim
954 3919 1031 3990 Dei,
1056 3921 1158 3993 sicut,
1183 3921 1240 3981 ad
1263 3920 1495 3984 Romanos
1520 3924 1690 3995 scribens,

359 4028 460 4087 notat
476 4025 680 4104 Apostolus,
703 4044 770 4105 per
785 4044 828 4087 ea
845 4043 914 4105 que
937 4028 1035 4088 iacta
1057 4030 1142 4089 sunt
1164 4028 1347 4090 intellecta
1363 4030 1655 4109 conspiciuntur»
1670 4030 1690 4091 2.

360 4130 549 4212 Signanter
583 4133 725 4194 addidit
763 4133 1055 4195 ‹intellecta
1071 4156 1107 4206 »,
1145 4135 1238 4213 quia,
1275 4136 1343 4196 nisi
1378 4140 1543 4198 creature
1565 4138 1692 4198 intelli·

357 4242 488 4319 gantur
512 4240 559 4301 ab
582 4239 732 4308 homine,
771 4241 807 4300 in
830 4240 989 4302 divinam
1021 4241 1190 4303 noticiam
1214 4260 1285 4303 non
1308 4243 1489 4315 inducunt,
1527 4262 1596 4323 que
1620 4244 1692 4306 suis

359 4346 643 4426 proprietatibus
677 4348 712 4407 et
736 4348 872 4408 naturis
897 4346 1012 4409 Deum
1034 4348 1236 4409 mirabilem
1259 4351 1362 4412 nobis
1385 4351 1559 4412 locuntur.
1600 4350 1693 4413 Hinc

363 4556 577 4564 -—-——-

468 4736 500 4796 a)
523 4760 550 4769 -
573 4748 642 4785 cum
660 4734 802 4787 scienciis
821 4736 936 4788 nostris
954 4736 1075 4789 litteras
1090 4738 1284 4792 ethnicorum
1297 4741 1478 4805 concedunt,
1496 4742 1552 4794 sed
1571 4742 1628 4794 sub
1641 4742 1696 4794 tali

360 4821 506 4888 clipeo..
523 4859 551 4873 ..
588 4823 619 4886 b)
640 4850 671 4858 -
692 4823 753 4889 qui.

472 4996 493 5063 ¹)
512 4998 602 5053 ovm.
621 5002 745 5054 Herotd.
764 5004 823 5068 Ep.
842 5002 934 5064 XVII,
954 5004 1020 5057 191:

656 5102 765 5147 «Certus
780 5106 805 5147 in
820 5106 957 5159 hospitibus
973 5119 1021 5151 non
1038 5111 1074 5151 est
1090 5121 1170 5161 amon
1185 5113 1255 5161 errat,
1269 5114 1297 5153 ut
1311 5112 1371 5164 ipsi:

656 5189 669 5214 e
680 5174 788 5230 Cumque
802 5178 864 5219 nihil
880 5189 963 5231 speres
978 5180 1073 5223 firmins
1089 5192 1147 5233 esse,
1163 5182 1236 5223 tuit.»

471 5262 492 5332 ⁷)
510 5266 540 5320 S.
559 5268 665 5333 PAUL,
684 5272 726 5321 ud
743 5270 840 5335 Rom,
857 5272 880 5335 1,
898 5272 941 5324 20.
1041 5290 1044 5296 ’
