4300 6117
430 958 495 1021 270
938 967 1097 1021 LUCULA
1119 965 1270 1019 NocTIs.

382 1190 413 1252 9.
537 1189 782 1269 Singularibus
817 1191 937 1251 autem
971 1190 1114 1251 illorum
1147 1190 1328 1251 hominum
1363 1190 1469 1251 dictis
1494 1192 1620 1251 contra
1651 1188 1761 1250 fidem

430 1298 604 1367 obmissis,
629 1297 677 1358 ad
693 1296 886 1375 quamdam
903 1315 1026 1358 eorum
1041 1297 1200 1378 regulam
1216 1297 1455 1359 universalem
1473 1296 1665 1368 descendo,
1691 1314 1760 1374 qua

429 1406 566 1484 ponunt
582 1404 737 1464 animam
752 1404 913 1476 hominis,
940 1405 1083 1483 corpori
1099 1404 1248 1484 proprio
1264 1405 1432 1475 iunctam,
1457 1403 1494 1464 in
1509 1403 1588 1465 aliis
1605 1403 1762 1482 corpori·

428 1513 495 1573 bus
519 1523 625 1591 agere
648 1529 764 1590 posse,
790 1512 826 1572 et
848 1512 917 1572 sic:
941 1512 1089 1573 turbare
1112 1530 1279 1573 serenum
1301 1530 1432 1584 aerem,
1457 1513 1493 1573 et
1516 1511 1646 1572 iterum
1668 1527 1762 1571 sere-

429 1638 516 1680 nare
540 1619 732 1692 turbatum,
771 1637 877 1680 sanos
901 1619 1036 1679 morbis
1061 1616 1217 1691 inficere,
1244 1623 1280 1680 et
1303 1620 1456 1680 infectos
1477 1618 1556 1680 sola
1578 1618 1762 1680 voluntate

430 1744 565 1798 curare,
602 1730 642 1787 ut
676 1726 831 1788 faciliter
859 1725 948 1787 illud
978 1724 1157 1796 credatur,
1193 1726 1291 1805 quod
1314 1726 1361 1788 de
1395 1726 1554 1804 quadam
1589 1744 1761 1804 caupona,

429 1831 578 1895 Meroen
613 1833 720 1906 dicta,
755 1831 898 1913 Apule
906 1833 1031 1912 geius
1063 1833 1199 1905 scribit,
1234 1833 1319 1911 quia
1350 1833 1498 1905 scilicet,
1525 1835 1687 1912 «potens
1717 1831 1764 1893 sit

431 1940 546 2002 celum
569 1941 761 2020 deponere,
793 1938 1015 2019 suspendere
1038 1941 1183 2011 terram,
1215 1939 1303 2001 deos
1335 1937 1528 2012 infirmare,
1562 1957 1686 2001 manes
1707 1957 1764 1999 su·

430 2047 581 2109 blimare
595 2070 622 2119 »,
648 2050 683 2109 et
707 2051 837 2119 cetera,
864 2065 933 2125 que
958 2048 1130 2108 memorie
1153 2065 1224 2108 non
1247 2045 1452 2108 occumnt1.

364 2152 416 2215 10.
537 2152 641 2215 Hanc
657 2155 778 2215 autem
794 2153 953 2233 regulam
969 2154 1075 2215 norat
1096 2152 1328 2215 Avicenna
1352 2154 1389 2214 in
1405 2171 1471 2214 suo
1486 2154 1587 2214 sexto
1611 2151 1765 2214 Scien-

432 2261 499 2322 cie
522 2259 776 2333 Naturalis,
802 2261 863 2339 qui
877 2262 973 2322 totus
989 2260 1036 2321 de
1052 2261 1171 2321 anima
1187 2263 1329 2331 tractat,
1355 2264 1391 2321 et
1404 2261 1472 2322 ait:
1499 2259 1617 2320 ‹Cum
1634 2259 1764 2330 anima,

431 2368 555 2446 inquit,
590 2365 698 2429 fuerit
731 2368 898 2430 constans
933 2369 969 2428 et
1005 2368 1154 2439 nobilis,
1180 2368 1305 2429 similis
1328 2367 1526 2448 principiis,
1562 2366 1708 2428 obediet
1732 2365 1765 2426 ei

431 2476 592 2545 materia,
629 2493 699 2554 que
726 2476 781 2536 est
804 2475 840 2535 in
875 2474 1017 2545 mundo,
1056 2475 1092 2535 et
1115 2474 1279 2554 pacietur
1302 2493 1345 2536 ex
1369 2493 1413 2536 ea
1448 2479 1484 2536 et
1506 2474 1707 2535 invenietur
1728 2472 1766 2532 in

431 2582 583 2643 materia
606 2581 783 2660 quidquid
806 2579 1020 2642 formabitur
1043 2581 1080 2641 in
1103 2581 1174 2653 illa,
1199 2581 1297 2660 quod
1320 2582 1367 2643 sit
1392 2582 1542 2661 propter
1559 2579 1643 2642 hoc:
1669 2579 1767 2658 quod

432 2689 550 2750 anima
573 2688 728 2750 humana
751 2707 822 2750 non
846 2692 900 2750 est
923 2688 1100 2767 impressa
1134 2690 1171 2749 in
1192 2690 1345 2750 materia
1367 2706 1442 2760 sua,
1478 2687 1543 2749 sed
1572 2689 1626 2749 est
1650 2686 1766 2765 provi·

432 2795 520 2856 dens
545 2778 587 2857 ei.
611 2794 658 2857 Et
682 2814 792 2874 quum
816 2795 961 2873 quidem
984 2799 1134 2874 propter
1157 2794 1250 2857 hunc
1275 2795 1421 2857 modum
1444 2793 1685 2875 colligacionis
1704 2810 1767 2871 po·

433 2904 502 2963 test
526 2902 605 2981 ipsa
620 2906 827 2981 permutare
851 2903 1039 2963 materiam
1055 2903 1290 2981 corporalem,
1314 2904 1360 2964 ab
1378 2920 1421 2964 eo
1438 2902 1536 2980 quod
1553 2901 1767 2980 expectabat

432 3010 582 3070 materia
606 3013 737 3070 natura
760 3010 846 3081 eiuS,
871 3012 955 3071 tunc
979 3027 1050 3069 non
1074 3012 1128 3070 est
1152 3009 1280 3070 mirum
1303 3010 1334 3070 si
1349 3009 1470 3070 anima
1493 3008 1623 3070 nobilis
1646 3010 1681 3069 et
1697 3007 1767 3068 for·

432 3116 570 3176 tissima
592 3116 825 3178 transcendat
846 3099 1098 3196 operacionem
1120 3134 1222 3177 suam
1245 3118 1282 3175 in
1298 3134 1449 3195 corpore
1464 3116 1611 3195 proprio
1627 3117 1694 3176 etc.
1710 3135 1726 3167 a
1745 3114 1767 3174 ².

434 3258 473 3267 -
487 3221 645 3284 Videbat
662 3224 786 3302 utique
809 3222 865 3283 vir
888 3223 957 3284 iste
981 3223 1138 3302 quedam
1160 3221 1250 3294 fieri,
1276 3225 1384 3302 prout
1406 3224 1443 3283 in
1466 3223 1559 3284 libro
1581 3221 1643 3283 De
1666 3220 1769 3281 Ani·

433 3329 585 3391 malibus
609 3334 735 3391 narrat
745 3328 765 3402 ³,
790 3330 836 3391 de
860 3330 1019 3407 quodam
1042 3330 1142 3391 cuius
1167 3329 1280 3390 filium
1312 3330 1421 3402 novit,
1446 3347 1552 3407 quem
1586 3328 1770 3408 pungitiva

433 3436 610 3507 animalia,
636 3455 699 3498 seu
722 3455 871 3507 vermes,
897 3448 1053 3516 pungere
1091 3455 1163 3497 non
1197 3440 1374 3516 poterant,
1399 3437 1467 3498 nisi
1501 3438 1709 3515 provocata,
1733 3437 1770 3495 et

433 3544 517 3604 tunc
541 3543 739 3605 mordendo
763 3563 833 3605 non
857 3545 1045 3613 nocebant,
1071 3543 1137 3604 sed
1161 3545 1393 3605 necabantur.
1416 3542 1556 3614 Ymmo,
1581 3542 1659 3603 solo
1678 3542 1770 3603 tlatn

433 3650 526 3711 illius
551 3650 729 3713 cadebant
754 3651 790 3710 in
814 3654 975 3712 mortem.
1001 3649 1161 3735 Quorum
1195 3668 1322 3711 causas
1347 3649 1501 3711 reddere
1533 3668 1603 3711 non
1636 3649 1768 3719 valens,

434 3760 623 3819 consuetas
647 3757 693 3819 de
718 3758 811 3819 notis
833 3757 882 3818 ad
921 3758 1058 3838 ignotas
1093 3757 1324 3837 procedebat,
1348 3758 1387 3818 ut
1421 3758 1472 3819 sic
1506 3757 1624 3818 nulius
1657 3756 1769 3817 alcius

433 3864 646 3926 ascenderet
669 3882 777 3943 quam
800 3866 848 3925 ad
872 3865 1059 3936 secundas,
1085 3865 1202 3944 prima
1228 3863 1389 3926 totaliter
1418 3864 1539 3935 oblita,
1564 3881 1683 3945 ymmo
1712 3881 1771 3923 ne·

434 3974 526 4051 gata,
552 3972 649 4032 circa
671 3989 780 4050 quam
803 3974 880 4033 tota
903 3989 990 4032 vera
1014 3972 1106 4033 fides
1131 3974 1306 4032 versatur.
1477 4038 1481 4045 ,

369 4073 420 4136 11.
542 4076 635 4139 Hinc
659 4079 785 4140 imbuti
809 4079 971 4139 moderni
994 4096 1065 4138 non
1088 4078 1205 4157 pauci,
1230 4079 1261 4138 si
1294 4076 1430 4139 fontem
1466 4078 1664 4138 meretricis
1699 4076 1772 4137 iam

434 4184 625 4257 induerint,
649 4203 721 4246 non
744 4186 961 4246 erubescunt
984 4188 1047 4245 aut
1062 4196 1193 4263 negare
1209 4185 1354 4264 publice
1369 4195 1439 4263 que
1454 4184 1552 4245 facta
1567 4186 1770 4255 narrantur,

436 4293 507 4364 aut,
532 4292 562 4353 si
586 4304 717 4371 negare
741 4310 812 4353 non
835 4294 995 4371 possunt,
1019 4291 1056 4352 in
1080 4292 1246 4353 secundis
1271 4293 1389 4354 causis
1413 4292 1568 4353 retinere
1586 4294 1771 4363 conantur,

230 4394 350 4456 B64vo
436 4417 525 4477 quos
549 4398 645 4460 Deus
682 4389 936 4481 singulariterli
962 4410 1070 4478 agens
1105 4400 1154 4460 ad
1189 4417 1238 4471 se,
1263 4417 1409 4460 causam
1443 4400 1604 4479 primam,
1631 4398 1773 4459 elevare

436 4508 589 4568 volebat.
614 4505 736 4567 Pridie
758 4506 935 4585 siquidem
959 4506 1087 4567 umbra
1125 4504 1284 4567 defuncti
1320 4524 1430 4585 supra
1453 4507 1577 4567 tumba
1611 4504 1773 4589 corporis

442 4704 653 4711 ——·---——

546 4884 567 4951 ¹)
586 4884 630 4939 ef.
649 4886 817 4939 Arunams.
838 4887 1086 4953 Metamorphos,
1104 4886 1157 4938 lib.
1176 4886 1197 4947 1,
1219 4902 1248 4953 p.
1267 4886 1328 4940 327.
1348 4888 1431 4938 Edit.
1450 4887 1544 4955 Lugd.

546 4974 566 5042 ⁹)
585 4976 716 5028 AvlcEN.
737 4976 773 5027 In
792 4974 884 5029 Sexto
902 4978 939 5028 de
958 4976 1167 5039 Nuturultbns,
1186 4976 1262 5028 Pars
1270 4975 1334 5040 1v2,
1353 4990 1418 5042 cap.
1432 4986 1474 5027 Ν.
1493 4976 1549 5028 Ed.
1567 4975 1775 5040 Venise1493,

440 5067 493 5120 fol.
507 5067 585 5119 20v0.
1337 5108 1340 5111 ,

507 5190 513 5203 .
544 5153 564 5222 ³)
583 5156 713 5208 AVICEN.
732 5157 778 5207 De
797 5155 919 5207 Natura
938 5154 1079 5219 Animal,
1097 5156 1149 5207 lib.
1163 5155 1240 5220 vm,
1258 5170 1325 5223 cap.
1337 5164 1369 5207 11.
1391 5157 1438 5207 De
1456 5152 1694 5219 Irrftrmttatibus
1710 5158 1776 5207 ani-

438 5247 569 5298 malium.
588 5246 636 5297 Ad
654 5244 707 5297 fin.
