4300 6117
851 1011 1038 1065 IOHANNIS
1060 1011 1242 1066 DOMINICI
1653 1003 1727 1067 389*
1827 1035 1831 1042 ·

383 1233 498 1296 tiles
535 1232 865 1299 innotuerunt¹.
917 1235 1162 1315 Additurque:
1200 1234 1368 1296 Nonnulli
1406 1236 1572 1298 auctores
1616 1235 1732 1298 huius¹

389 1341 570 1420 scripture
591 1342 696 1422 pravi
719 1344 873 1415 luerunt,
897 1343 989 1404 sicut
1013 1341 1171 1416 Balaam,
1198 1340 1374 1413 Salomon,
1401 1341 1580 1422 Origenes,
1606 1345 1642 1405 et
1666 1361 1721 1404 ce·

385 1449 469 1520 teri,
494 1466 651 1528 quorum
665 1449 763 1512 dicta
780 1469 860 1512 cum
875 1450 1112 1512 veneracione
1128 1449 1371 1529 suscipiuntur
1393 1450 1533 1512 eciam
1549 1469 1571 1512 a
1587 1451 1721 1512 sanctis

388 1557 430 1616 et
452 1555 531 1635 lege
553 1557 702 1618 decreta
725 1558 839 1637 recipi
860 1557 1086 1618 mandantur.

495 1661 554 1725 Ad
586 1662 652 1725 hec
676 1668 712 1727 et
734 1664 864 1726 similia
886 1665 1047 1727 breviter
1068 1664 1317 1744 respondetur.
1342 1697 1379 1706 -
1409 1664 1539 1736 Primo,
1563 1665 1662 1744 quod
1685 1663 1721 1724 in
1735 1662 1765 1726 8.

388 1770 503 1831 sacris
527 1769 684 1842 Litteris,
708 1772 806 1834 nulla
827 1773 1007 1851 reperitur
1030 1771 1277 1844 contradictio,
1303 1773 1368 1834 sed
1390 1775 1540 1853 propter
1562 1772 1721 1834 misticos

388 1894 513 1939 sensus
552 1879 767 1958 aperiendos
805 1897 892 1960 sepe
925 1880 1038 1942 verba
1068 1879 1334 1960 opposicionem
1372 1880 1513 1960 signare
1542 1879 1719 1941 videntur.

388 1981 475 2068 Quis
498 2003 653 2065 namque
676 1986 819 2048 dubitat
855 1984 1082 2048 Salomonem
1115 1987 1231 2048 virum
1261 1988 1459 2067 sapientem
1489 1987 1607 2060 fuisse,
1632 1987 1721 2048 satis

380 2091 480 2151 -enim
504 2091 624 2155 littere
647 2112 711 2156 sue
732 2113 798 2174 per
821 2094 1032 2174 semetipsas
1055 2095 1236 2157 insinuant
1259 2095 1353 2156 illius
1379 2093 1596 2174 eleganciam
1619 2093 1721 2155 intel·

383 2197 511 2270 lectus,
536 2200 568 2260 si
591 2201 704 2263 omnis
729 2202 975 2265 ecclesiastica
999 2204 1158 2264 cessaret
1180 2203 1387 2264 auctoritas.
1404 2199 1576 2263 Similiter
1598 2203 1721 2262 notum

380 2307 441 2366 est
463 2304 665 2368 Ecclesiam
687 2309 784 2370 viros
807 2308 1107 2388 prudentissimos
1137 2308 1314 2380 habuisse,
1345 2310 1407 2388 qui
1430 2309 1618 2387 diligenter
1641 2326 1720 2369 exa·

386 2413 568 2476 minarunt
591 2415 652 2493 qui
675 2415 759 2477 libri
781 2417 900 2478 forent
923 2416 1161 2496 approbandi,
1186 2417 1249 2495 qui
1271 2415 1500 2496 reprobandi,
1516 2416 1622 2495 quive
1647 2416 1720 2495 opi·

379 2518 552 2583 >uionibus
576 2525 696 2584 essent
718 2523 914 2602 legencium
946 2523 1181 2603 relinquendi,
1209 2525 1303 2586 sicut
1335 2526 1436 2604 patet
1466 2523 1652 2586 collective
1684 2523 1720 2583 in

385 2623 567 2699 Canone,
592 2628 954 2711 Distinctiouibus
977 2629 1096 2692 XIV²
1120 2633 1160 2693 et
1182 2629 1278 2692 XV³
1301 2632 1482 2712 eleganter
1504 2649 1571 2711 per
1585 2633 1718 2702 totum;

385 2732 435 2794 hii
457 2735 625 2798 viderunt
648 2754 695 2799 an
718 2738 957 2800 contradictio
982 2742 1076 2802 esset
1100 2740 1137 2800 in
1164 2739 1275 2801 libris.
1310 2737 1496 2824 Quomodo
1532 2738 1625 2800 enim
1657 2756 1719 2817 po·

381 2843 453 2904 test
477 2843 640 2904 extimari
662 2845 758 2906 viros
783 2847 902 2907 tantos
927 2847 1227 2909 contradictorias
1249 2846 1450 2908 sentencias
1486 2847 1718 2925 approbasse,

378 2952 446 3010 aut
484 2953 582 3012 certe
614 2952 835 3026 sustinuisse,
871 2972 951 3015 cum
983 2954 1119 3016 nullum
1150 2953 1196 3017 sit
1231 2954 1436 3018 evidencius
1471 2957 1719 3035 argumentum

379 3056 588 3136 ignorancie
611 3059 669 3120 vel
701 3061 874 3139 nequicie,
911 3079 980 3140 que
1012 3061 1118 3123 simul
1151 3062 1359 3134 concedere,
1391 3079 1461 3140 que
1484 3061 1589 3123 simul
1621 3064 1718 3123 stare

381 3181 456 3224 non
479 3165 658 3242 possunt?
681 3165 792 3230 Nemo
817 3169 951 3248 quippe
973 3187 1040 3247 per
1054 3168 1271 3230 oblivionem
1286 3168 1366 3231 illos
1383 3187 1554 3231 excusare
1569 3168 1717 3241 valeret,

382 3289 465 3332 nam
497 3269 697 3335 Salomonis
731 3275 895 3337 doctrina
926 3276 1140 3337 brevissimo
1169 3275 1348 3337 volumine
1382 3275 1585 3338 continetur
1616 3279 1652 3339 et
1682 3277 1718 3338 in

381 3377 501 3439 triduo
525 3397 606 3440 cum
628 3380 730 3443 libris
753 3379 897 3461 Regum,
922 3383 958 3443 in
987 3383 1116 3461 quibus
1146 3383 1193 3444 de
1228 3380 1417 3444 Salomone
1449 3400 1632 3445 sermones
1656 3382 1717 3445 ha·

380 3485 520 3558 bentur,
560 3485 716 3553 facilime
753 3492 873 3568 potest
912 3508 993 3551 cum
1025 3507 1132 3552 sensu
1171 3489 1318 3552 litterali
1348 3490 1556 3551 transcurri.
1602 3489 1716 3552 Adice

381 3592 482 3670 quod
504 3594 614 3673 plana
637 3598 693 3657 est
714 3595 844 3668 littera,
872 3597 956 3659 licet
987 3598 1108 3658 velata
1142 3596 1335 3668 sentencia,
1369 3597 1491 3675 illique
1522 3600 1646 3676 patres
1680 3599 1716 3658 et

376 3699 548 3763 doctores
572 3703 710 3782 antiqui
733 3722 805 3765 non
826 3704 942 3765 solum
964 3704 1105 3784 ingenio
1126 3703 1261 3783 prediti
1287 3701 1397 3774 fuere,
1422 3705 1487 3766 sed
1520 3707 1555 3767 et
1587 3704 1714 3767 intelli·

377 3807 503 3885 gendis
538 3810 726 3889 scripturis
763 3809 1021 3890 infatigabiles:
1058 3810 1186 3873 horum
1223 3813 1428 3874 testimonia
1462 3802 1476 3895 li
1515 3812 1713 3875 laudabilia
1726 3811 1863 3875 L112v0
1878 3813 1981 3878 Β96*4

374 3915 516 3995 scripta
539 3915 695 3978 clamant
718 3918 887 3996 ipsorum.
1443 3945 1445 3950 ¹

491 4020 673 4086 Viderunt
696 4025 804 4104 igitur
831 4026 891 4088 isti
921 4045 1064 4107 semper
1097 4027 1295 4089 venerandi
1316 4028 1385 4088 viri
1419 4024 1647 4090 Salomonem
1678 4029 1715 4089 in
1729 4029 1759 4092 9.

394 4128 485 4191 ibris
508 4127 652 4210 Regum,
678 4133 856 4194 curiosum
871 4135 1028 4196 omnium
1042 4134 1226 4200 librorum.
1244 4135 1376 4197 rituum
1406 4135 1715 4214 tradicionumque

380 4239 582 4310 memorari,
607 4239 700 4302 sicut
735 4241 813 4320 ipse
846 4241 1007 4303 meminit
1029 4241 1066 4302 in
1096 4240 1188 4302 libro
1223 4240 1443 4305 Ecclesiaste
1454 4239 1477 4303 ⁴.
1523 4241 1579 4304 Ibi
1609 4243 1716 4322 igitur

381 4345 627 4425 septingentas
651 4365 789 4419 uxores,
815 4365 885 4425 que
917 4348 1115 4427 respiciunt
1147 4347 1296 4410 totidem
1329 4348 1418 4410 ritus
1450 4367 1644 4419 sacrorum,
1679 4350 1715 4411 et

377 4452 530 4515 trecenti
554 4454 771 4516 concubinas
795 4455 843 4516 ad
866 4455 1038 4516 moralem
1062 4456 1173 4517 vitam
1197 4456 1234 4516 et
1256 4456 1457 4518 naturalem
1494 4457 1713 4536 pertinentes

377 4647 590 4658 ———

482 4832 503 4900 ¹)
522 4834 675 4887 Dominici
692 4848 770 4886 nous
794 4833 898 4887 donne
922 4833 961 4886 ici
978 4848 1030 4886 ses
1049 4847 1176 4886 sources
1201 4833 1406 4900 principalem
1431 4836 1470 4897 et,
1496 4850 1536 4888 en
1554 4833 1637 4898 eliel,
1662 4852 1705 4889 un

375 4938 456 4990 coup
484 4924 568 4976 d'oeil
588 4923 652 4990 jete
670 4937 725 4976 sur
742 4923 788 4976 les
806 4924 907 4975 tables
924 4921 1046 4976 suffita
1070 4925 1211 4976 montrer
1236 4922 1325 4990 quels
1350 4924 1522 4976 nombreux
1547 4927 1706 4991 emprunts

376 5013 399 5064 il
417 5011 485 5065 leur
503 5028 522 5066 a
543 5011 625 5065 faits.

483 5099 504 5168 ²)
525 5101 679 5154 GRATIAN.
698 5102 773 5170 Cap.
794 5101 879 5156 Sicut
896 5105 1047 5168 quaedum
1065 5103 1102 5166 11,
1116 5103 1254 5156 Distinet.
1273 5103 1350 5154 XIV.

483 5189 576 5256 ³)ID,
595 5191 668 5258 Cap.
688 5190 801 5245 Sancta
819 5193 960 5249 Romano
978 5191 1118 5244 Ecclesia
1137 5191 1187 5254 111,
1203 5192 1280 5245 Dist.
1297 5191 1360 5244 XV.

481 5279 502 5346 ⁴)
523 5279 567 5333 cf.
583 5281 684 5334 Eccle.
703 5281 833 5344 1,12-14.
