4300 6117
843 949 1030 1003 IOHANNIS
1053 948 1236 1002 DOMINICI
1639 941 1705 1004 285

368 1172 481 1251 ipsius
497 1170 517 1242 1,
542 1172 703 1251 turgidus
727 1174 763 1234 et
786 1171 943 1245 inflatus,
970 1172 1018 1234 ad
1053 1190 1239 1235 sacrorum
1263 1173 1485 1252 eloquiorum
1515 1172 1583 1235 Dei
1606 1174 1705 1235 volu·

368 1280 464 1339 mina
489 1279 682 1351 deveniret,
706 1280 921 1358 penitusque
943 1280 1110 1341 hattenus
1134 1278 1292 1341 iacilima
1316 1282 1352 1341 et
1387 1279 1566 1342 infantilia
1601 1300 1704 1360 repu-

369 1388 520 1458 taverat,
555 1405 628 1447 non
652 1386 828 1465 capiebat,
869 1388 953 1465 quia
979 1405 1093 1448 «cum
1116 1372 1338 1466 simplicibus
1362 1390 1418 1448 est
1448 1388 1705 1450 sermocinacio

369 1493 444 1555 eius
465 1491 516 1553 ›².

474 1599 554 1662 Non
575 1611 659 1679 ergo
682 1600 733 1660 illi
756 1600 938 1679 gentilium
962 1600 1046 1662 libri
1061 1602 1253 1663 veritatem
1269 1601 1528 1679 capessendam
1547 1602 1706 1663 divinam
1720 1598 1751 1661 9.

367 1707 545 1768 irradiant
567 1706 795 1777 intellectum,
821 1706 886 1769 sed
909 1708 1034 1787 pocius
1059 1706 1249 1778 offuscant,
1275 1726 1381 1787 quem
1404 1707 1470 1769 Dei
1504 1710 1626 1788 gracia
1649 1727 1706 1770 su·

368 1814 499 1885 blevat,
530 1814 688 1892 disponit
722 1816 757 1875 et
790 1813 959 1876 illustrat.
1005 1814 1055 1876 At
1087 1816 1201 1877 leccio
1235 1813 1453 1876 Litterarum
1488 1817 1704 1885 sanctarum,

369 1923 460 1982 teste
484 1920 683 1991 Psalmista,
712 1921 965 1983 «intellectum
989 1921 1055 1983 dat
1076 1923 1237 2001 parvulis
1257 1942 1272 1976 ›
1289 1920 1310 1992 ³,
1328 1926 1364 1983 et
1394 1924 1542 1984 roborat
1570 1922 1705 1995 datum,

367 2047 413 2089 ne
435 2026 536 2089 falsis
561 2027 783 2090 ethnicorum
807 2028 1034 2106 opinionibus
1059 2029 1198 2091 cedat...
1222 2028 1339 2091 Multa
1355 2030 1454 2091 novit
1478 2033 1563 2091 ante
1586 2030 1705 2109 gracie

368 2136 580 2197 infusionem
601 2134 795 2213 Apostolus
831 2134 879 2197 ad
903 2136 1172 2197 subversionem
1196 2155 1372 2208 verorum,
1413 2154 1492 2215 que,
1532 2139 1705 2216 precepta

367 2242 498 2322 gracia,
522 2242 571 2303 ad
594 2243 755 2303 veritatis
779 2241 998 2305 soliditatem
1024 2244 1211 2305 convertit.

478 2347 582 2409 Hanc
604 2350 819 2427 particulam
840 2349 940 2412 velut
972 2353 1094 2412 notam
1123 2350 1286 2428 relinquo
1310 2370 1332 2410 a
1355 2353 1480 2411 sancto
1502 2348 1705 2413 Doctore
1721 2346 1774 2407 10.

369 2458 538 2518 contra
574 2454 794 2518 Gentiles
836 2456 1136 2528 demonstratam,
1171 2458 1328 2536 capitulo
1365 2460 1495 2536 quarto
1529 2458 1614 2519 libri
1648 2441 1703 2520 se-

368 2562 506 2625 cundit.
534 2596 572 2604 —
598 2562 775 2625 Diffinivit
798 2565 892 2626 enim
914 2562 1098 2626 Plotonius
1109 2562 1130 2636 ⁵,
1165 2564 1353 2644 singularis
1389 2563 1634 2643 philosophus,
1673 2566 1704 2627 si

367 2669 617 2743 MacrobIo,
642 2671 735 2732 libro
757 2672 873 2750 primo
896 2670 956 2733 De
979 2668 1171 2749 Sompno
1195 2668 1460 2749 Scipionisss,
1485 2672 1705 2734 credendum

368 2779 545 2856 putamus,
579 2780 734 2856 quatuor
765 2778 994 2840 differencias
1028 2796 1107 2839 esse
1127 2778 1320 2839 virtutum:
1352 2778 1551 2857 —primas
1586 2780 1705 2857 poli·

369 2884 501 2957 ticas;
519 2916 558 2925 -
573 2885 750 2946 secundas
767 2886 1082 2965 purgatorias,
1096 2903 1167 2964 que
1182 2889 1337 2946 mentem
1350 2884 1471 2947 divine
1489 2886 1705 2966 cognicionis

369 2990 525 3052 reddunt
548 3009 738 3070 capacem,
765 3024 805 3033 -—
829 2992 961 3054 tercias
985 2992 1075 3053 dixit
1099 3010 1177 3053 esse
1201 2993 1360 3053 mentis
1384 2997 1600 3072 purgate,
1635 3011 1705 3072 que

368 3098 440 3158 iam
463 3115 534 3158 non
557 3100 721 3159 movetur
744 3098 916 3172 adverso;
953 3130 992 3139 —-
1019 3103 1167 3177 quartas
1191 3118 1277 3161 vero
1300 3101 1377 3161 iore
1400 3100 1444 3161 in
1467 3102 1615 3161 mente
1637 3099 1704 3160 di-

368 3205 487 3275 viua,
514 3222 604 3283 quas
628 3204 767 3285 ydeas
791 3206 963 3285 appellat.
988 3205 1034 3268 Et
1055 3206 1092 3267 in
1106 3205 1174 3267 hiis
1199 3209 1354 3285 quatuor
1376 3208 1567 3287 generibus
1592 3210 1704 3268 totam

368 3330 491 3373 veram
514 3311 786 3392 phylosophiam
811 3313 1006 3375 consistere
1032 3312 1157 3374 credit.
1189 3310 1271 3375 Scio
1294 3314 1422 3391 procul
1445 3312 1557 3375 dubio
1581 3331 1702 3392 quem·

368 3418 456 3480 libet
477 3437 602 3480 verum
622 3409 638 3501 Ι)
658 3418 886 3498 Xpistianum
910 3420 1090 3482 dicturum
1114 3421 1255 3481 nonnisi
1277 3438 1343 3498 per
1365 3421 1523 3500 graciam
1547 3425 1703 3482 mentem

368 3526 523 3605 purgari,
541 3515 555 3607 Ι)
572 3544 679 3604 quam
693 3527 811 3588 nullus
826 3526 994 3600 infidelis,
1013 3531 1075 3588 aut
1090 3526 1196 3588 dictis
1213 3546 1336 3589 eorum
1352 3528 1451 3588 ialsis
1467 3528 1704 3605 pertinaciter

367 3632 543 3703 inherens,
568 3634 717 3711 accepit,
742 3634 858 3712 prima
874 3635 1027 3695 veritate
1052 3634 1099 3695 de
1114 3633 1250 3713 Spiritu
1267 3631 1409 3704 Sancto,
1436 3652 1542 3713 quem
1562 3635 1703 3696 mittere

368 3740 602 3819 promittebat
624 3740 817 3820 Apostolis,
851 3741 1015 3802 dicente:
1058 3739 1207 3824 «Quem
1228 3741 1382 3802 mundus
1406 3760 1477 3802 non
1501 3741 1611 3813 novit,
1636 3760 1702 3802 nec

367 3850 487 3925 potest
510 3848 702 3925 accipere»
717 3844 736 3907 ².
761 3846 815 3907 Ex
832 3849 961 3925 quibus
984 3848 1146 3926 sequitur
1162 3850 1328 3927 patenter
1351 3848 1535 3909 intentum.
1555 3884 1595 3891 —
1613 3847 1703 3908 Nam

368 3953 467 4037 iuxta
486 3952 713 4035 Cyceronem,
738 3952 800 4015 De
822 3952 1040 4025 Officiis,
1065 3955 1158 4016 libro
1180 3954 1312 4034 prImo:
1341 3952 1532 4016 ‹Sciencia
1555 3956 1702 4026 remota,

370 4204 579 4211 ———-—-

475 4326 496 4393 ¹)
514 4329 545 4382 S.
565 4329 644 4384 AUR.
661 4331 744 4384 AUG.
764 4329 1003 4395 Confessionum.
1022 4332 1087 4394 VII,
1106 4340 1151 4383 xx
1167 4333 1198 4383 et
1217 4340 1280 4382 xxi
1299 4331 1335 4382 In
1355 4330 1528 4397 Oper.V11,
1548 4333 1603 4385 744
1622 4347 1668 4398 sq.

476 4414 496 4483 't
516 4418 561 4473 Ci.
579 4421 736 4483 Proverb,
756 4420 806 4483 III,
825 4420 869 4473 32.

475 4504 495 4573 θ)
515 4507 559 4561 cf.
580 4510 703 4572 Psalm.,
723 4508 853 4573 CXVIII,
873 4510 932 4562 130.

474 4594 496 4661 ⁴)
515 4597 544 4650 S.
563 4595 668 4650 ΤΗΟΜ.
693 4598 804 4652 Contra
826 4599 910 4652 Geni.
929 4598 965 4661 11,
985 4608 1028 4649 ιν.

475 4682 496 4751 ⁶)
514 4688 597 4739 Pour
615 4688 762 4740 Ptolinus.

475 4781 496 4848 8)
514 4784 549 4836 A.
563 4786 718 4849 MACROB,
736 4788 772 4837 In
785 4785 885 4838 Somn.
900 4785 979 4853 Scipi
992 4786 1014 4849 I,
1028 4796 1092 4837 vm.
1111 4786 1214 4839 Plotin
1232 4786 1316 4839 avait
1335 4788 1450 4853 exposci
1469 4789 1550 4840 cette
1568 4788 1704 4840 division

367 4874 423 4927 des
441 4876 548 4927 verius
567 4876 646 4928 dans
665 4890 721 4927 son
739 4875 820 4927 livre
837 4876 875 4927 de
891 4876 1065 4939 Virtutibus,
1085 4878 1132 4937 oh,
1152 4891 1191 4928 en
1211 4874 1294 4938 silet,
1312 4875 1335 4927 il
1352 4876 1508 4943 distingue
1526 4891 1577 4929 ces
1593 4878 1703 4943 quatre

368 4964 484 5016 classes
509 4964 549 5015 de
574 4966 691 5028 verius,
719 4965 797 5016 mais
824 4965 951 5017 re'serve
976 4979 1055 5031 pour
1081 4964 1111 5016 la
1135 4965 1281 5017 dernitre
1307 4965 1470 5033 categorIe,
1502 4966 1532 5018 le
1556 4980 1629 5018 nom
1662 4967 1703 5018 de

370 5056 520 5105 «vlrtntes
538 5054 727 5119 exemplares
739 5072 762 5105 ι.

477 5146 496 5215 7)
515 5150 544 5204 8.
563 5152 675 5204 IOHAN.
700 5150 778 5215 x1v‚
798 5152 840 5204 17.
879 5150 1050 5217 ‹SpIritum
1074 5154 1221 5214 ueritatis,
1246 5167 1336 5217 quem
1360 5153 1492 5204 mundus
1516 5167 1576 5204 non
1595 5152 1704 5219 'potest

368 5244 540 5309 occurere».
