4300 6117
481 950 548 1013 304
982 962 1141 1016 LUCULA
1163 960 1303 1016 NOCTIS

415 1190 465 1254 12.
589 1183 786 1247 Sentenciis
803 1186 1027 1265 quibusdam,
1054 1206 1192 1249 necnon
1208 1191 1244 1250 et
1259 1186 1325 1248 An
1336 1186 1493 1250 thonii
1515 1189 1616 1250 iuvat
1632 1190 1819 1251 sentencia

482 1294 655 1354 roborare
689 1294 863 1372 predicta.
901 1292 998 1355 Dixit
1020 1313 1195 1374 namque:
1237 1293 1319 1355 «Ne
1349 1295 1484 1357 habeas
1507 1296 1710 1357 amiciciam
1734 1315 1814 1358 cum

481 1400 638 1470 muliere,
663 1418 779 1479 neque
804 1419 883 1461 cum
907 1402 1037 1480 pueris,
1063 1419 1179 1480 neque
1197 1420 1276 1463 cum
1295 1400 1473 1475 hereticis,
1499 1414 1582 1483 ergo
1598 1421 1716 1482 neque
1733 1422 1815 1465 cum

480 1506 685 1568 infidelibus
698 1529 724 1567 a.
739 1539 782 1547 —
793 1506 872 1570 Non
884 1520 968 1587 ergo
981 1508 1158 1570 contendo
1171 1508 1344 1570 adversus
1360 1509 1471 1571 libros
1487 1510 1670 1590 gentilium
1681 1508 1783 1572 heret
1789 1510 1818 1570 i·

362 1630 379 1658 v
482 1632 658 1686 eorumve,
695 1614 725 1675 si
749 1613 971 1676 infidelitatis
995 1627 1128 1695 ungues
1153 1634 1224 1677 non
1244 1615 1388 1687 habent,
1424 1616 1455 1677 si
1479 1620 1603 1678 vertex
1622 1607 1638 1699 ΙΙ
1661 1618 1809 1679 tumoris

479 1720 516 1781 in
532 1720 716 1782 calviciem
732 1722 849 1794 cessit,
867 1722 898 1783 si
913 1722 1022 1783 vestis
1040 1722 1230 1784 cuiuslibet
1246 1723 1490 1803 capciositatis
1507 1726 1543 1785 et
1559 1724 1674 1785 omnis
1691 1742 1818 1803 super·

479 1827 629 1889 finitatis
653 1829 815 1889 versucie
850 1831 960 1907 atque
994 1827 1137 1891 fallacie
1167 1830 1276 1891 fuerit
1300 1829 1347 1890 ad
1371 1829 1479 1891 nichil
1502 1830 1661 1901 redacta,
1699 1834 1740 1892 ut
1763 1832 1819 1891 sic

482 1934 563 2005 fide,
588 1933 796 2005 humilitate,
831 1936 1007 2015 simulque
1031 1937 1184 1998 caritate
1206 1937 1252 1998 sit
1276 1937 1459 2007 decorata,
1483 1938 1520 1998 in
1544 1938 1673 2016 quibus
1697 1938 1812 1999 tribus

479 2042 672 2103 virtutibus
696 2044 837 2104 constat
859 2044 973 2104 omnis
997 2061 1135 2104 summa
1159 2044 1251 2105 bene
1272 2044 1426 2114 vivendi,
1451 2044 1557 2105 sicuti
1580 2048 1679 2106 extat
1702 2062 1818 2123 supra

479 2150 702 2227 premissum.
734 2148 841 2210 Clara
864 2152 918 2211 est
942 2151 1044 2220 enim,
1081 2152 1207 2211 sancta
1230 2150 1396 2212 doctrina
1419 2151 1595 2223 tradente,
1634 2152 1814 2213 neminem

480 2256 556 2316 sine
579 2256 711 2317 virtute
734 2254 943 2318 humilitatis
966 2275 1073 2335 posse
1097 2258 1247 2318 salvari:
1282 2276 1365 2317 nam
1389 2258 1538 2337 gloriam
1560 2257 1726 2337 precedit
1749 2256 1811 2318 hu·

481 2363 622 2423 militas.
647 2361 699 2423 De
715 2363 829 2443 gradu
844 2364 1021 2443 siquidem
1036 2364 1158 2444 glorie,
1171 2382 1278 2443 quem
1296 2365 1447 2443 quisque
1463 2383 1587 2426 eorum
1605 2365 1698 2427 toret
1714 2363 1817 2426 habi·

480 2473 591 2541 turus,
617 2471 848 2549 querentibus
864 2469 1056 2550 Apostolis,
1082 2472 1201 2549 posito
1225 2471 1376 2550 parvulo
1400 2472 1609 2533 ambicionis
1634 2473 1756 2533 nescio
1777 2472 1815 2531 in

480 2577 639 2655 ipsorum
661 2577 790 2650 medio,
815 2578 920 2639 dixit:
960 2576 1065 2639 «NIsi
1088 2578 1294 2639 efficiamini
1318 2578 1410 2639 sicut
1444 2578 1615 2657 parvulus
1639 2579 1718 2650 iste,
1742 2597 1817 2639 non

480 2684 661 2745 intrabitis
676 2684 713 2744 in
729 2696 838 2764 regno
857 2684 1013 2746 celorum
1029 2707 1043 2739 »
1058 2682 1077 2745 ¹.
1094 2717 1136 2726 -
1150 2683 1254 2746 Unde
1269 2684 1367 2764 apud
1381 2684 1625 2765 Augustinum,
1641 2684 1817 2747 Dominus

482 2790 667 2852 descendit
691 2791 736 2852 de
752 2792 847 2863 celis,
873 2794 913 2853 ut
926 2792 1163 2853 humilitatem
1179 2792 1336 2863 doceret,
1361 2792 1503 2854 dicens:
1528 2792 1690 2854 «Discite
1707 2811 1730 2853 a
1746 2811 1816 2864 me,

480 2898 566 2976 quia
590 2898 684 2960 mitis
707 2917 786 2960 sum
810 2903 846 2960 et
869 2900 1010 2961 humilis
1028 2899 1138 2961 corde
1155 2899 1204 2960 »².
1229 2897 1306 2960 Hec
1323 2899 1416 2960 enim
1432 2900 1510 2961 sola
1526 2899 1649 2961 evadit
1665 2899 1818 2978 laqueos

481 3006 685 3066 innumeros
709 3007 885 3085 serpentis
910 3007 1058 3086 antiqui,
1083 3009 1191 3086 prout
1214 3008 1250 3067 in
1273 3007 1412 3085 spiritu,
1446 3006 1687 3068 leronimo
1711 3010 1813 3077 teste,

481 3113 549 3173 fuit
571 3115 806 3174 monstratum
822 3113 1011 3175 Anthonio.
1037 3114 1135 3175 Inter
1158 3116 1297 3175 ceteras
1321 3113 1426 3175 utiles
1450 3131 1588 3184 causas,
1614 3132 1728 3192 quare
1744 3112 1817 3174 Do·

470 3219 598 3289 ‚minus
622 3220 734 3281 voluit
759 3218 952 3282 humanum
975 3232 1085 3300 genus
1109 3221 1280 3300 precipue
1316 3220 1449 3281 salvari
1473 3238 1539 3299 per
1561 3219 1681 3291 tidem,
1722 3220 1817 3281 hanc

483 3326 704 3406 potissimam
728 3345 819 3396 reor,
844 3330 884 3389 ut
899 3326 1014 3399 homo,
1032 3328 1161 3389 avidus
1185 3327 1398 3388 naturaliter
1420 3327 1470 3387 ad
1492 3326 1687 3398 sciendum,
1713 3327 1814 3388 intel·

402 3413 405 3420 ¹
482 3433 614 3495 lectum
650 3436 833 3513 captivare
870 3439 1017 3514 cogatur
1052 3437 1088 3496 et
1117 3435 1234 3496 discat
1268 3434 1383 3496 subici
1417 3434 1455 3495 in
1476 3434 1661 3496 liberrima
1697 3437 1818 3512 parte,

484 3544 638 3619 quantus
660 3541 859 3603 sublimiori
882 3542 1045 3604 subiecta
1079 3542 1184 3603 facile
1208 3538 1357 3602 inferior
1392 3543 1427 3601 et
1451 3542 1568 3602 anime
1592 3558 1698 3602 serva
1720 3542 1814 3602 mitis

484 3648 622 3710 existat.

416 3767 467 3831 13,
590 3754 682 3818 Hinc
707 3758 809 3819 divus
833 3756 1149 3838 Augustinus,
1185 3757 1225 3816 ut
1248 3755 1379 3816 clarius
1403 3755 1508 3826 nosti,
1537 3754 1741 3816 venerande
1764 3756 1819 3815 vi·

484 3881 613 3935 rorum,
638 3865 674 3924 in
697 3865 844 3944 prologo
869 3864 988 3941 quarti
1011 3862 1074 3924 De
1096 3859 1365 3933 Trinitate,
1390 3863 1505 3923 sciens
1529 3861 1628 3940 quod
1643 3862 1815 3923 veritates

484 3969 658 4032 catholice
693 3990 764 4032 non
798 3972 1004 4033 revelantur
1027 3972 1095 4031 nisi
1118 3969 1278 4050 parvulis
1305 3972 1340 4030 et
1361 3969 1552 4030 humilibus
1577 3968 1696 4039 corde,
1734 3987 1814 4030 con·

484 4079 612 4140 cludit:
640 4078 723 4139 «Ad
739 4096 862 4140 veram
878 4079 1070 4140 scienciam
1094 4078 1269 4139 neminem
1293 4094 1399 4155 posse
1414 4075 1593 4137 veraciter
1615 4076 1818 4155 pervenire,

482 4187 550 4248 nisi
566 4186 665 4265 prius
681 4184 848 4247 habuerit
863 4186 1031 4248 noticiam
1048 4186 1113 4258 sui,
1131 4202 1203 4263 qua
1218 4185 1296 4245 sola
1310 4183 1462 4262 quisque
1478 4182 1642 4282 redditur
1659 4182 1755 4244 mitis
1766 4203 1781 4236 ›
1792 4181 1815 4243 ².

588 4600 608 4667 ¹)
628 4602 657 4654 S.
676 4601 810 4661 Murra„
831 4600 980 4661 xvl11,3.

589 4690 609 4757 ²)
628 4691 657 4746 S.
667 4691 746 4743 AUG.
756 4692 917 4756 Expositio
934 4691 1032 4755 Epist.
1052 4690 1094 4740 ad
1110 4688 1246 4750 Galatas,
1266 4684 1340 4754 §15.
1359 4687 1395 4738 In
1411 4686 1501 4751 Ορεν.
1515 4685 1564 4737 ΙΠ.
1578 4686 1660 4737 Purs
1672 4685 1724 4736 att.
1736 4684 1814 4736 2114.

588 4780 608 4847 ³)
628 4782 659 4835 S.
680 4782 759 4835 AUG.
784 4782 831 4832 De
855 4778 957 4832 Trtntt.
976 4778 1025 4830 IV.
1047 4778 1167 4845 Protog.
1201 4776 1389 4830 «scientiam
1408 4774 1603 4828 terrestrium
1621 4774 1819 4827 caelestium·

481 4887 542 4939 que
560 4886 665 4924 rerum
682 4870 785 4939 magni
801 4870 966 4922 aestimare
985 4868 1065 4920 solet
1084 4875 1180 4934 genus
1194 4867 1375 4918 humanum:
1395 4865 1428 4915 in
1441 4880 1504 4931 qno
1515 4862 1656 4930 protecto
1669 4863 1815 4915 meliores

482 4964 552 5015 sunt
578 4962 630 5028 qui
655 4961 726 5013 hnic
751 4958 898 5012 scientiae
922 4958 1120 5023 praeponunt
1144 4970 1237 5008 nosse
1263 4955 1463 5020 semetipsos,
1499 4952 1747 5018 laudabiliorque
1768 4953 1820 5003 est

481 5052 609 5112 animus,
629 5050 677 5102 cui
695 5052 768 5102 nota
788 5050 834 5100 est
854 5047 904 5099 vel
923 5046 1089 5099 infirmitas
1108 5060 1172 5106 sua,
1191 5059 1282 5111 quam
1303 5038 1363 5110 qni,
1380 5044 1418 5095 ea
1435 5058 1498 5095 non
1516 5042 1670 5108 respecta,
1688 5041 1757 5093 vias
1775 5041 1815 5092 si·

481 5141 591 5194 derum
610 5141 764 5192 scrutatur
783 5138 875 5189 etiam
893 5136 1077 5203 cogniturus,
1097 5137 1150 5187 ant
1168 5135 1221 5201 qni
1238 5135 1302 5201 jam
1315 5133 1452 5201 cognitas
1465 5133 1564 5194 tenen
1583 5131 1729 5199 ignorans
1748 5130 1819 5196 ipse

481 5231 542 5297 qut
561 5228 750 5297 ingrediatur
769 5227 809 5278 ad
828 5227 961 5279 salutem
978 5240 1014 5277 ac
1031 5223 1211 5276 firmitatem
1229 5238 1349 5275 suam».
1368 5222 1405 5273 ln
1424 5220 1516 5286 Oper.
1533 5220 1613 5282 vm,
1630 5219 1692 5282 885.
1710 5218 1771 5273 886.
