4300 6117
1726 920 2100 975 IOHANNIS
2143 910 2403 975 DOMIN
2402 921 2506 974 101
3324 910 3452 973 267

1623 1652 2036 1757 [CAPUT
2099 1657 2613 1764 XXXIH.]

995 2040 1549 2121 Comprehendit
1614 2060 1787 2103 sane
1835 2041 2210 2103 ordinatus
2259 2041 2561 2120 quilibet
2628 2041 3032 2103 intellectus
3079 2040 3289 2103 huius
3337 2060 3448 2103 ar-

779 2150 980 2212 ticuli
1010 2148 1582 2229 proposicionem
1614 2148 2022 2220 secundam,
2059 2167 2203 2228 qua
2234 2148 2530 2222 dicitur;
2584 2181 2666 2189 —
2699 2147 2794 2210 Id
2843 2166 3027 2210 esse
3075 2167 3114 2210 e
3134 2149 3159 2209 l
3179 2149 3203 2209 i
3222 2160 3263 2228 g
3284 2150 3308 2209 i
3327 2150 3373 2210 b
3397 2148 3448 2208 i-

776 2257 966 2318 lius
1015 2256 1537 2335 unicuique
1584 2256 1979 2317 racione
2027 2256 2380 2327 utenti,
2431 2255 2682 2334 quod
2729 2257 2873 2317 est
2928 2254 3445 2327 honestius,

778 2362 1012 2426 ethica
1061 2364 1211 2424 tota
1260 2364 1331 2424 et
1372 2363 1617 2442 topica
1666 2364 1857 2424 omni
1902 2362 1979 2424 id
2027 2362 2486 2442 perdocente.

990 2522 1309 2608 Quorum
1356 2524 1552 2585 dicta
1596 2524 1896 2603 propter
1940 2523 2374 2585 brevitatem
2433 2523 2640 2602 quasi
2686 2540 3225 2602 supervacanea
3272 2523 3449 2585 reci·
3481 2526 3539 2589 1.

777 2633 934 2691 tare
983 2630 1329 2709 relinquo,
1378 2630 1510 2692 sed
1557 2632 1691 2692 sub
1736 2629 1872 2692 hac
1920 2631 2229 2691 veritate
2276 2630 2647 2691 notissima
2692 2627 2777 2691 fit
2816 2629 2982 2691 talis
3016 2629 3447 2691 descensus:

774 2735 932 2798 Est
980 2737 1370 2816 denique
1415 2736 1919 2808 honestius,
1984 2736 2223 2816 quod
2285 2740 2421 2798 est
2482 2736 2933 2812 divinius,
2992 2755 3145 2798 seu
3214 2736 3450 2815 quod

773 2842 954 2905 Deo
1001 2848 1137 2905 est
1185 2844 1822 2924 propinquius,
1875 2845 2028 2906 aut
2075 2862 2228 2906 sue
2276 2843 2565 2924 glorie
2611 2843 2885 2924 magis
2932 2844 3445 2918 intendenS,

776 2954 927 3012 aut
992 2970 1146 3012 sue
1210 2951 1590 3012 vicinius
1657 2951 2137 3013 voluntati.
2206 2982 2295 2991 —
2355 2949 2509 3012 Hec
2571 2969 2714 3012 non
2759 2950 3139 3012 dubitatur
3185 2969 3229 3011 a
3277 2968 3448 3029 quo-

774 3076 1008 3136 quam,
1059 3077 1220 3119 cum
1265 3058 1342 3120 id
1386 3058 1809 3138 simpliciter
1853 3059 1949 3120 sit
2007 3057 2491 3119 honestius
2540 3058 2735 3137 quod.
2791 3055 3325 3137 perfectius,
3376 3059 3449 3119 et

772 3165 849 3225 id
904 3163 1411 3244 perfectius
1483 3166 1678 3244 quod
1749 3165 2175 3226 diviniuS.
2248 3163 2880 3249 Qualitercumque
2951 3164 3139 3226 enim
3207 3183 3447 3225 rerum

773 3273 1222 3333 mensuretur
1278 3270 1658 3351 perfeccio,
1726 3275 1851 3333 aut
1908 3290 2132 3351 penes
2192 3290 2554 3334 recessum
2600 3291 2644 3333 a
2689 3290 2832 3333 non
2877 3270 3107 3352 gradu
3172 3269 3446 3351 perfec-

772 3378 1014 3449 cionis‚
1075 3380 1200 3440 aut
1246 3397 1617 3440 accessum
1665 3379 1762 3440 ad
1822 3398 2173 3440 summum
2229 3380 2530 3459 gradum
2584 3378 3077 3459 perfeccionis‚
3151 3378 3447 3439 indubie

770 3484 1078 3547 habetur
1124 3486 1493 3547 intentum.

983 3590 1409 3655 Conversari
1455 3595 1700 3655 autem
1745 3594 2065 3656 leccione
2116 3613 2278 3656 cum
2324 3594 2703 3656 mundanis
2751 3592 3214 3674 philosophis,
3292 3609 3444 3653 eos·
3474 3599 3534 3660 2,

769 3717 911 3777 que
984 3700 1237 3762 audire
1282 3700 1513 3762 Deum
1562 3720 1811 3763 verum
1881 3702 2485 3781 blasphemanteS,
2560 3720 2719 3762 cum
2784 3701 3237 3761 divinitatem
3291 3700 3442 3760 eius

769 3806 1089 3868 tribuant
1136 3808 1485 3869 creaturis
1520 3808 1865 3888 plurimis,
1916 3812 1988 3870 et
2022 3827 2162 3887 que
2211 3809 2562 3870 creaturis
2595 3808 3024 3869 conveniunt
3066 3825 3191 3868 ore
3223 3806 3442 3867 sacri-

763 3913 921 3992 lego
969 3911 1293 3976 Creatori
1340 3915 1724 3986 ascribant,
1773 3915 1875 3976 nil
1904 3916 2104 3977 aliud
2153 3918 2261 3977 est
2309 3934 2526 3994 quam
2573 3916 2760 3976 inter
2805 3913 2990 3976 falsa
3041 3914 3335 3984 versari,
3395 3932 3439 3974 a

764 4018 918 4081 Deo
966 4020 1327 4092 recedere,
1383 4025 1606 4101 atque
1653 4022 2078 4084 demonibus
2125 4022 2413 4094 sociari,
2487 4040 2791 4100 quorum
2838 4021 3143 4100 quilibet
3194 4039 3223 4072 «
3253 4038 3443 4081 men-

768 4126 910 4187 dax
959 4131 1069 4189 est
1116 4131 1188 4189 et
1233 4130 1443 4208 pater
1493 4129 1643 4191 eius
1673 4150 1701 4181 »
1733 4129 1773 4190 ¹.

976 4233 1187 4296 Nulla
1236 4236 1422 4296 enim
1469 4238 1577 4298 est
1646 4236 2119 4318 phylosophia
2167 4238 2549 4306 mundana,
2625 4254 2764 4315 que
2833 4254 2977 4296 non
3052 4234 3298 4313 aliqua
3345 4233 3440 4295 sit
3470 4218 3529 4282 3-

764 4338 1080 4403 falsitate
1127 4343 1498 4422 permixta.
1574 4342 1651 4404 Si
1700 4362 1842 4423 qua
1891 4346 2078 4406 enim
2125 4344 2552 4424 proponitur
2599 4361 2685 4404 ex
2733 4343 2927 4403 omni
2970 4361 3100 4403 sua
3149 4331 3178 4423 Ι
3231 4343 3439 4420 parte
3618 4347 3666 4403 Β
3702 4351 3851 4411 ὑῐέιω

763 4465 955 4518 vera,
1004 4450 1148 4509 iam
1195 4450 1390 4511 illam
1437 4469 1580 4511 non
1629 4451 2065 4512 mundanam
2112 4452 2436 4522 dixerim,
2487 4449 2617 4511 sed
2665 4450 3003 4520 divinam,
3058 4467 3220 4510 cum
3268 4465 3436 4526 que-

765 4553 941 4616 libet
988 4556 1255 4617 veritas
1320 4557 1414 4618 sit
1462 4547 1489 4639 ΙΙ
1543 4577 1586 4619 a
1630 4558 1785 4620 Deo
1833 4557 2253 4638 procedens,
2324 4558 2509 4619 sicut
2556 4556 2802 4618 radius
2850 4556 3078 4617 omnis
3145 4574 3189 4616 a
3237 4555 3437 4616 lumi·
3602 4563 3650 4619 L
3690 4563 3839 4619 Ἧῦω

765 4680 941 4723 noso
992 4681 1294 4743 corpore
1340 4666 1555 4725 venit.
1625 4664 1785 4726 Non
1856 4666 2044 4726 enim
2107 4666 2201 4726 de
2251 4664 2527 4726 calamo
2586 4664 2820 4743 agitur
2886 4661 3021 4733 hic,
3084 4663 3437 4741 scriptore

763 4769 879 4830 vel
912 4772 1334 4843 atramento,
1382 4771 1514 4833 sed
1544 4771 1636 4834 de
1670 4773 2023 4843 doctrina,
2076 4789 2215 4850 que
2252 4772 2656 4833 intellectus
2685 4770 3032 4833 humanos
3081 4767 3436 4832 informat.

765 4996 1191 5005 ——.

981 5170 1023 5239 ¹)
1061 5172 1119 5225 S.
1157 5174 1378 5226 101mn.
1420 5174 1579 5236 vm,
1614 5176 1701 5227 44.
