4300 6117
367 4111 418 4174 10.

427 983 494 1045 200
633 1048 636 1055 ,
933 994 1092 1048 nocuus
1115 964 1254 1047 Noeris

428 1234 551 1277 eorum
573 1215 674 1277 libris
698 1219 734 1278 et
757 1218 862 1280 dictis
886 1219 1040 1297 plurima
1063 1219 1247 1291 contineri,
1285 1238 1355 1299 que
1377 1219 1465 1282 iidei
1488 1219 1677 1300 Xpistiane
1700 1220 1761 1299 pia

305 1328 338 1362 '⁰
428 1323 614 1385 sinceritas
637 1326 778 1402 probat.
802 1322 893 1385 Nam
909 1315 935 1408 ΙΙ,
951 1326 1043 1387 sicut
1066 1326 1157 1388 bene
1181 1326 1219 1388 in
1241 1330 1449 1407 argumento
1469 1326 1538 1389 tuit
1560 1329 1722 1414 notatum
1736 1324 1758 1399 ¹,

426 1430 581 1509 plurima
603 1431 649 1493 de
671 1430 924 1493 incarnacione
946 1430 1069 1505 Verbi,
1095 1434 1271 1512 passione,
1296 1434 1558 1497 resurrectione
1583 1436 1619 1496 et
1637 1433 1763 1495 mundi

425 1538 681 1600 terminacione
710 1540 748 1599 in
776 1538 847 1601 illis
877 1538 1007 1601 litteris
1039 1540 1273 1613 continentur,
1299 1541 1364 1602 sed
1395 1542 1476 1603 dico
1506 1542 1569 1602 illa
1599 1542 1759 1602 revelata

424 1645 493 1707 illis
517 1644 627 1707 luisse
642 1649 792 1725 propter
814 1647 1064 1709 necessitatem
1088 1648 1213 1708 salutis
1236 1650 1271 1709 et
1297 1651 1337 1710 ut
1362 1650 1667 1711 «excusacionem
1690 1666 1765 1709 non

424 1752 582 1814 habeant
616 1753 662 1814 de
695 1757 846 1833 peccato
880 1771 946 1815 suo
966 1774 980 1807 ›
997 1753 1018 1826 ²,
1055 1754 1086 1815 si
1121 1773 1192 1816 non
1227 1758 1483 1817 convertuntur
1514 1756 1561 1817 ad
1583 1754 1759 1835 Xpistum.

424 1858 598 1922 Revelata
613 1863 733 1921 autem
749 1879 821 1922 non
836 1864 920 1922 sunt
932 1863 1083 1941 propter
1098 1862 1250 1923 salutem
1268 1880 1399 1935 eorum,
1416 1864 1477 1942 qui
1493 1864 1564 1923 iam
1579 1860 1761 1941 Xpistiani

426 1966 546 2030 effecti
569 1970 652 2029 sunt
675 1969 711 2029 et
733 1986 797 2030 sue
820 1967 907 2030 fidei
934 1969 972 2029 in
995 1969 1109 2030 veteri
1141 1965 1371 2031 Testamento
1403 1970 1607 2031 testimonia
1630 1970 1764 2048 legunt..

427 2073 542 2159 Quam
565 2074 693 2135 debilis
717 2074 809 2136 tides
833 2078 887 2137 est
919 2078 955 2137 et
985 2076 1131 2155 indigna
1162 2077 1308 2154 premio,
1339 2094 1409 2156 que
1440 2076 1605 2138 roborari
1635 2074 1762 2137 infide·

425 2182 512 2243 lium
534 2181 695 2242 creditur
717 2182 845 2243 dictis!
867 2180 982 2266 Quam
1005 2201 1133 2262 parum
1155 2182 1232 2245 Deo
1257 2183 1380 2255 credit,
1407 2185 1468 2263 qui
1491 2183 1627 2245 alienos
1651 2185 1765 2245 testes

427 2289 609 2367 exquirit!
633 2287 713 2349 Alie
737 2290 986 2368 responsiones
1009 2289 1058 2351 ad
1081 2290 1176 2351 idem
1200 2289 1294 2351 inira
1316 2292 1499 2370 patebunt.
1525 2307 1597 2341 -‹
1617 2288 1765 2352 Habent

426 2394 577 2478 Moysen
601 2397 637 2457 et
659 2395 864 2475 prophetas,
888 2396 1004 2475 inquit
1027 2395 1213 2458 Habraam
1236 2398 1379 2459 cuidam
1394 2396 1621 2487 Hebreorum
1636 2397 1762 2476 damp-

427 2506 522 2573 nato,
547 2502 696 2564 audiant
718 2502 798 2564 illos
813 2524 829 2559 r
845 2501 867 2564 ³.
880 2535 920 2543 —-
937 2502 1034 2564 Finis
1056 2502 1144 2565 fidei
1167 2502 1315 2583 Xpistus
1340 2508 1395 2583 est
1417 2505 1466 2566 ad
1489 2505 1642 2567 salutem
1666 2504 1762 2566 omni

428 2610 599 2681 credenti,
633 2608 759 2671 «fides
783 2613 903 2671 autem
926 2629 969 2672 ex
992 2612 1118 2673 auditu
1138 2609 1186 2683 it,
1211 2612 1355 2673 auditus
1379 2615 1499 2673 autem
1522 2612 1650 2672 saltem
1673 2611 1767 2673 duos

428 2719 539 2779 testes
563 2717 732 2796 exposcit,
749 2719 789 2778 ut
813 2735 828 2768 ‹
847 2717 883 2778 in
895 2736 959 2779 ore
975 2717 1128 2779 duorum
1144 2719 1202 2779 vel
1217 2719 1324 2779 trium
1339 2721 1411 2780 stet
1426 2738 1529 2781 omne
1545 2720 1695 2781 verbum
1707 2736 1721 2773 ³>
1741 2715 1763 2779 ⁵.

431 2822 539 2886 «Sed
562 2825 635 2885 tres
658 2826 751 2895 sunt,
777 2825 837 2903 qui
862 2825 1102 2886 testimonium
1126 2826 1214 2886 dant
1249 2826 1286 2886 in
1310 2825 1411 2887 celo:
1452 2825 1569 2899 Pater,
1601 2824 1766 2888 Verbum

430 2934 466 2993 et
503 2929 656 3011 Spiritus
702 2928 864 3001 Sanctus,
899 2934 936 2993 et
970 2934 1044 2993 tres
1083 2934 1166 2993 sunt
1208 2933 1269 3011 qui
1315 2933 1556 2995 testimonium
1597 2933 1687 2995 dant
1726 2932 1766 2993 in

429 3042 546 3101 terra:
572 3036 734 3117 Spiritus,
759 3039 901 3118 sanguis
926 3041 962 3100 et
985 3057 1090 3117 aqua.
1127 3038 1165 3100 Si
1199 3040 1441 3101 testimonium
1463 3040 1645 3101 hominum
1670 3040 1763 3101 acci·

429 3146 524 3224 pitis,
549 3145 790 3207 testimonium
811 3145 878 3207 Dei
901 3147 1015 3207 maius
1051 3149 1107 3207 est
1126 3144 1174 3207 »⁶.
1195 3145 1322 3208 -Sub
1345 3148 1473 3226 spiritu
1497 3148 1563 3208 tuit
1591 3147 1684 3211 tides
1716 3147 1767 3207 ab

431 3252 548 3314 Adam
570 3270 684 3331 usque
708 3252 756 3313 ad
788 3251 956 3326 Abraam,
982 3271 1091 3332 quum
1121 3254 1219 3315 nulla
1248 3254 1306 3315 lex
1336 3254 1472 3332 scripta
1501 3255 1621 3334 generi
1654 3254 1763 3334 impe-

431 3360 538 3421 rabat
559 3359 734 3432 humano;
759 3359 826 3421 sub
859 3360 1028 3440 sanguine
1060 3378 1147 3421 vero
1185 3361 1472 3432 circumcisionis,
1498 3362 1544 3423 ab
1580 3360 1767 3423 Abrabam

432 3466 616 3545 usquead
639 3467 865 3545 baptismum,
901 3468 963 3529 ubi
997 3468 1093 3546 cepit
1128 3486 1207 3529 esse
1242 3468 1308 3529 sub
1339 3486 1434 3546 aqua
1462 3466 1569 3530 tontis
1598 3468 1767 3539 salubris,

433 3592 546 3653 usque
569 3574 618 3635 ad
642 3559 736 3635 diem
752 3576 947 3635 extremum
963 3574 1147 3636 duratura.
1174 3572 1242 3647 Sic,
1260 3572 1353 3637 fides
1369 3575 1510 3654 accepit
1525 3574 1766 3636 testimonium

433 3701 456 3743 a
479 3681 593 3743 veteri
615 3677 855 3754 Testamento,
881 3682 979 3759 quod
994 3682 1061 3742 tuit
1076 3682 1143 3744 sub
1160 3681 1288 3760 spiritu
1305 3684 1341 3743 et
1357 3682 1547 3761 sanguine3
1573 3684 1609 3743 et
1624 3700 1646 3742 a
1663 3699 1764 3753 novo,

434 3789 534 3870 quod
556 3787 684 3849 militat
707 3788 773 3850 sub
797 3806 892 3867 aqua
916 3788 1049 3860 celesti,
1074 3789 1140 3850 sed
1163 3789 1355 3868 utrobique
1382 3789 1623 3850 testimonium
1646 3788 1768 3850 reddit

434 3898 481 3960 de
512 3896 629 3958 celis:
661 3894 778 3967 Pater,
809 3892 970 3956 Verbum
1002 3898 1037 3957 et
1079 3893 1233 3975 Spiritus
1266 3894 1428 3968 Sanctus,
1454 3896 1514 3974 qui
1547 3897 1620 3957 tres
1659 3912 1767 3956 unum

435 4007 518 4067 sunt
540 4003 781 4065 substanciale
804 4002 1006 4075 aiectivum,
1030 4002 1170 4081 plurale
1194 4002 1329 4064 nullum
1353 4002 1557 4064 admittens.

542 4110 605 4172 Pie
628 4111 747 4182 credo,
773 4109 871 4188 quod
893 4110 924 4170 si
946 4110 1095 4189 gentiles
1122 4112 1225 4171 vetus
1249 4111 1453 4188 reciperent
1487 4106 1767 4181 Testamentum,

434 4237 500 4298 per
523 4216 677 4289 Sibillas,
702 4235 773 4296 que
796 4216 844 4278 ad
871 4235 995 4277 veram
1017 4214 1128 4278 fidem
1159 4218 1333 4295 spectant,
1358 4235 1429 4278 non
1459 4214 1608 4278 tuissent
1638 4216 1768 4278 edocti.
1836 4206 1840 4217 ’

435 4324 491 4388 Ab
507 4326 588 4398 illis,
613 4327 653 4387 ut
669 4344 712 4388 ex
728 4324 972 4404 superioribus
988 4326 1090 4404 patet
1101 4320 1120 4396 ⁷,
1146 4325 1363 4404 acceperunt
1379 4321 1566 4396 Homerus,
1582 4321 1767 4403 Virgilius,

437 4539 650 4549 ——-.-—-—-

543 4719 564 4787 ¹)
583 4720 627 4775 Ct.
646 4737 752 4787 supra,
769 4736 799 4789 p.
818 4721 854 4775 23
872 4737 918 4789 sq.

543 4808 564 4877 ⁷)
583 4811 612 4863 S.
631 4812 752 4875 lom..
770 4810 833 4875 xv,
852 4811 896 4864 22.

544 4897 565 4964 ⁹)
584 4900 613 4953 S.
632 4901 716 4964 Luc„
734 4901 812 4963 XVI.
831 4900 875 4954 29.

542 4988 565 5054 ⁴)
585 4990 614 5043 S.
635 4991 745 5055 PAUL,
763 4992 806 5042 ud
822 4990 909 5047 Rom.
927 4990 963 5053 X,
983 4989 1027 5041 17.

544 5076 636 5144 Β111),
655 5079 743 5131 nau
762 5078 828 5131 Cor.
846 5079 925 5142 xm,
946 5080 970 5130 l.

543 5165 565 5235 ⁶)
583 5168 614 5221 8.
635 5169 746 5221 lom.
764 5170 863 5234 Epist.
883 5168 920 5232 1³,
938 5178 969 5231 v,
989 5167 1045 5221 7-9.

547 5254 567 5325 ⁷)
587 5258 632 5312 cf.
650 5274 755 5325 supra,
773 5274 804 5326 p.
825 5259 860 5310 27
880 5272 927 5325 sq.
