4300 6117
428 901 472 962 90
934 910 1092 964 LUCULA
1114 907 1255 963 NOCTIS

430 1133 593 1212 quedam,
630 1151 699 1212 que
734 1137 921 1195 sumuntur
944 1134 1192 1213 quotidianam
1221 1135 1257 1194 in
1291 1152 1410 1196 escam
1445 1135 1594 1196 multam
1617 1136 1764 1198 seminis

430 1241 616 1302 materiam
639 1241 784 1319 gignunt
817 1243 854 1303 et
877 1241 1039 1303 adimunt
1062 1242 1226 1320 quedam,
1267 1261 1336 1321 que
1371 1243 1464 1304 scire
1487 1241 1581 1304 foret
1606 1244 1762 1315 salubre,

430 1348 495 1409 sed
518 1346 696 1408 salubrius
720 1348 924 1409 observare.

174 1459 179 1510 t
197 1452 268 1514 19ΓΟ
290 1450 320 1513 L
337 1451 411 1515 33¹⁰
536 1453 615 1516 Non
630 1473 757 1533 parum
773 1455 984 1534 prodesset¹
999 1455 1225 1517 matrimonio
1244 1455 1420 1535 copulatis
1437 1475 1557 1518 rerum
1573 1446 1588 1538 ll
1606 1457 1763 1518 omnium

364 1560 415 1622 15.
431 1561 521 1623 scire
538 1565 686 1623 naturas
703 1564 739 1622 et
754 1558 877 1622 vires.b
892 1559 931 1623 Si
948 1562 1041 1623 enim
1057 1564 1204 1623 nossent
1218 1563 1316 1641 quod
1332 1582 1420 1624 arva
1432 1565 1611 1642 potusque
1625 1561 1763 1624 fertiles

430 1669 601 1749 genitoris
633 1669 867 1730 sterelitatem
899 1668 1089 1747 expellunt,
1125 1688 1196 1730 non
1218 1688 1311 1731 vane
1346 1672 1554 1749 frequenter
1576 1671 1763 1732 uterentur

430 1775 685 1855 mandragolis,
711 1775 831 1855 proles
849 1775 1097 1837 desiderantes
1112 1775 1276 1838 habere¹.
1302 1775 1453 1838 Plinius²
1470 1781 1506 1839 et
1522 1775 1663 1838 Solinus
1680 1779 1764 1838 sunt

430 1883 519 1944 certi
541 1886 707 1944 auctores
731 1883 899 1961 ipsorum.
932 1882 1130 1944 Accubitus
1153 1884 1301 1962 insuper
1323 1884 1415 1946 liber
1437 1903 1547 1964 super
1570 1884 1763 1945 dextrumc

428 1990 486 2051 vel
509 1988 645 2050 levumd
664 1990 854 2069 concipere
885 1990 1048 2051 debentis
1072 1990 1285 2052 varietatem
1307 1991 1435 2052 tribuit
1457 2010 1579 2063 sexus;
1619 1991 1763 2053 debitus

428 2096 683 2175 indebitusque
706 2097 804 2158 modi
828 2097 1038 2158 concubitus
1062 2098 1196 2158 formas
1212 2099 1354 2159 variant
1369 2098 1531 2159 vultuum
1555 2101 1591 2160 et
1610 2099 1764 2160 maxime

428 2203 622 2265 oculorum.
649 2203 756 2265 Cibus
780 2205 947 2282 preterea
970 2203 1075 2265 simul
1099 2207 1135 2265 et
1148 2207 1254 2283 potus
1279 2206 1477 2284 genitorum
1491 2205 1652 2284 ipsorum
1666 2204 1763 2266 Mer·

429 2311 517 2371 curii
541 2311 599 2372 vel
620 2309 762 2383 Martis,
802 2309 954 2372 Veneris
978 2313 1041 2371 aut
1064 2308 1219 2383 Saturni,
1259 2311 1490 2390 Palladisque
1514 2330 1668 2391 superne
1692 2313 1763 2373 dis·

427 2436 552 2498 parem
567 2417 723 2478 habilem
738 2416 870 2478 fetibus
888 2415 1018 2479 futuris
1042 2420 1152 2496 atque
1168 2419 1350 2497 conceptis
1366 2418 1578 2480 ministrant.
1604 2417 1765 2480 Celestes

427 2527 543 2586 motus
567 2524 686 2585 adhuc
710 2525 915 2595 observare,
953 2525 1197 2603 generacionis
1222 2528 1391 2604 tempore,
1418 2526 1479 2604 qui
1502 2527 1628 2605 procul
1652 2525 1765 2587 dubio

428 2632 582 2692 influunt
605 2631 818 2711 corporibus
843 2633 974 2692 nostris
995 2631 1066 2691 vim
1092 2633 1295 2710 quamdam,
1319 2632 1433 2694 libero
1458 2633 1577 2694 tamen
1601 2633 1762 2705 arbitrio,

427 2735 583 2800 faciliter
606 2737 872 2817 difficulterque
898 2738 1090 2817 regendam
1105 2739 1259 2800 bonitati
1281 2741 1390 2817 atque
1414 2739 1577 2800 felicitati
1599 2742 1766 2800 natorum

428 2846 521 2906 inter
555 2845 694 2906 inutilia
729 2845 910 2925 sapientes
935 2864 1005 2906 non
1028 2848 1166 2924 ponunt
1175 2843 1196 2906 ³.
1231 2844 1411 2930 Quantum
1435 2845 1590 2925 denique
1612 2847 1765 2925 prodest

427 2971 532 3014 nosse
568 2952 844 3030 uniuscuiusque
880 2953 956 3013 nati
991 2955 1124 3013 sortem
1158 2952 1329 3013 insertam
1363 2971 1385 3013 a
1410 2953 1496 3025 celo,
1534 2955 1574 3013 ut
1609 2955 1676 3015 sub
1701 2953 1763 3014 illa

427 3060 581 3121 militare
615 3060 763 3138 cogatur
797 3060 936 3120 futurus
972 3057 1173 3139 perfectus!
1221 3057 1290 3143 Qui
1326 3061 1452 3121 contra
1486 3057 1600 3120 fatum
1635 3059 1762 3130 nitens,

427 3184 569 3246 semper
592 3166 662 3226 erit
684 3167 862 3227 violentus
887 3164 1046 3227 effector.
1085 3164 1201 3226 Huius
1225 3167 1319 3226 enim
1342 3167 1546 3246 ignorancia
1572 3167 1632 3236 rei,
1658 3169 1764 3227 natus

426 3274 475 3335 ad
491 3273 611 3353 glebas
627 3273 852 3343 scindendas,
871 3274 1010 3352 cogitur
1024 3273 1152 3334 litteris
1170 3273 1356 3346 insudare;
1381 3273 1481 3344 alter,
1508 3290 1614 3351 quem
1631 3277 1764 3334 natura

426 3381 570 3443 vocavit
592 3380 641 3441 ad
664 3381 831 3451 studium,
867 3380 1065 3441 indiscreta
1089 3379 1254 3441 voluntas
1278 3380 1429 3459 impellit
1451 3381 1640 3458 acquirere
1664 3399 1764 3441 num·

427 3507 513 3549 mos.
542 3485 599 3549 Sic
616 3490 698 3549 sunt
715 3489 750 3548 in
773 3486 929 3547 humana
953 3488 1089 3566 specie‘
1105 3489 1234 3548 cuncta
1250 3488 1407 3558 confusa,
1432 3489 1468 3549 et
1492 3487 1576 3566 quia
1603 3506 1693 3548 ‹non
1710 3489 1765 3548 est

427 3594 635 3674 intelligens
672 3614 743 3656 non
778 3597 831 3656 est
866 3594 929 3672 qui
962 3592 1073 3655 faciat
1107 3594 1241 3654 bonum
1270 3589 1466 3673 usquefad
1490 3592 1661 3654 unumst
1702 3591 1765 3655 Set

428 3705 537 3781 quota
572 3702 723 3780 profana
758 3701 927 3772 divortia,
967 3719 1074 3762 voces
1109 3701 1268 3773 infames,
1310 3701 1508 3762 occisiones
1551 3701 1762 3772 vinctorum,
1856 3765 1864 3780 ‚

428 3809 609 3887 dubiaque
633 3808 797 3870 oriuntur
822 3811 989 3869 natorum
1024 3810 1060 3868 et
1083 3808 1289 3886 ignorancia
1313 3826 1432 3868 rerum
1456 3809 1602 3869 nature!
1641 3805 1766 3893 Nescit

429 3915 575 3994 quidam
598 3914 796 3994 perfectum
831 3916 942 3975 fetum
978 3932 1085 3995 posse
1116 3914 1153 3974 in
1175 3933 1297 3975 mense
1332 3915 1484 3993 septimo
1519 3915 1618 3975 nasci
1653 3916 1764 3993 atque

428 4041 541 4101 usque
564 4023 613 4083 ad
636 4022 862 4083 undecimum
887 4020 984 4082 ferri.
1015 4019 1171 4081 Miratur
1186 4020 1279 4082 alter
1295 4019 1448 4100 effigiem
1469 4021 1537 4083 sibi
1555 4021 1766 4082 dissimilem

428 4125 479 4191 etg
494 4130 598 4191 alteri
622 4129 772 4190 similem
794 4129 879 4200 nati,
904 4127 1180 4206 adulterumque
1205 4128 1296 4188 falso
1321 4128 1468 4189 clamat:
1493 4128 1646 4206 utrique,
1674 4145 1763 4206 quos

426 4235 591 4315 Ypocras
630 4236 803 4315 dampnat
842 4235 1047 4297 racionibus
1087 4235 1188 4306 vivis,
1229 4253 1308 4296 cum
1338 4235 1515 4296 nonnullis
1554 4236 1763 4296 doctoribus

427 4343 582 4404 sciencia
606 4344 723 4404 claris.

431 4539 642 4548 ——-—.

533 4688 565 4748 a)
584 4701 618 4730 =
637 4683 773 4751 prodest.
810 4683 842 4746 b)
860 4683 887 4734 A
905 4682 1005 4748 partir
1022 4681 1106 4734 d'ici:
1132 4680 1261 4745 fol.192,
1290 4681 1494 4749 changement
1518 4682 1682 4735 d'ecriture
1699 4683 1762 4749 jus·

426 4772 496 4840 qu'ir
514 4772 566 4826 fol.
584 4774 653 4826 3412.
674 4776 703 4836 c)
716 4789 750 4819 =
759 4772 909 4825 dextram.
929 4774 961 4835 d)
976 4772 1129 4824 :levam
1149 4774 1177 4834 e)
1191 4787 1224 4818 =
1240 4771 1350 4823 omnia.
1365 4768 1397 4834 s)
1407 4797 1433 4805 -
1446 4785 1554 4838 usque.
1572 4773 1606 4838 g)
1616 4787 1650 4817 z
1659 4773 1762 4838 atque.

534 4913 555 4982 ¹)
575 4915 618 4969 ct.
638 4916 718 4968 Jnnu
738 4915 842 4967 Gonm
860 4923 903 4965 ns
922 4913 1199 4976 sau-Guuounuo,
1218 4914 1298 4977 ibid..
1317 4927 1347 4979 p.
1365 4912 1409 4964 87.

535 5003 555 5070 ²)
574 5007 658 5058 PLm.
677 5006 794 5056 Histor.
812 5003 917 5065 XXVI,
936 5003 981 5056 90.

535 5091 555 5160 8)
575 5093 619 5146 cl.
638 5093 667 5146 S.
686 5095 766 5146 Auo.
791 5095 838 5146 De
859 5092 943 5146 civit.
961 5094 1027 5154 Del,
1044 5091 1079 5154 V,
1097 5099 1119 5141 11
1137 5105 1198 5156 sq.;
1227 5089 1256 5142 S.
1274 5088 1378 5142 Tuom.
1400 5090 1431 5143 c.
1451 5091 1536 5144 Gerar.
1555 5090 1607 5153 111,
1627 5100 1756 5144 Lxxxvr.

533 5181 555 5248 ⁴)
574 5183 696 5246 Psalm.‚
714 5182 793 5246 xm,
812 5182 837 5234 3.
