4300 6117
470 851 537 914 154
973 861 1131 916 LUCULA
1154 859 1293 915 NOCTIS

465 1085 639 1158 Minerva,
664 1087 704 1147 ut
725 1085 925 1165 plurimum,
962 1105 985 1148 a
1019 1089 1213 1165 conspectu
1245 1105 1399 1166 nequam
1421 1087 1614 1150 iudicantis
1645 1086 1795 1150 Paridis.

466 1191 539 1255 Sed
563 1193 656 1254 esto!
688 1193 848 1265 mentiar,
884 1196 921 1256 et
943 1193 1077 1255 sodalis
1102 1196 1246 1273 compta
1273 1194 1393 1274 puella
1427 1194 1651 1274 cupidusque
1680 1211 1796 1256 comes

465 1299 609 1361 honoris
633 1317 675 1360 ac
699 1318 841 1362 mavors
869 1298 970 1362 ferox
1002 1301 1194 1362 actualiter
1223 1302 1515 1364 contubernalem
1548 1320 1719 1364 exercens
1749 1301 1796 1363 ad

465 1419 620 1487 pugnam
654 1405 816 1486 fragilem
854 1407 1112 1470 adolescentuli
1155 1411 1330 1480 naturam,
1364 1409 1401 1470 in
1435 1408 1622 1470 lasciviam
1650 1408 1797 1488 gloriam

446 1532 595 1588 ‚vanam
631 1515 815 1593 rixamque
847 1532 918 1577 non
952 1514 1122 1576 inclinent
1159 1515 1364 1595 proclivem,
1398 1515 1465 1577 sed
1487 1516 1644 1578 evadant
1667 1515 1794 1587 cuncti,

466 1640 546 1683 cum
576 1639 647 1682 uno
682 1621 727 1683 de
751 1621 846 1683 mille
869 1620 1060 1684 Polemone
1083 1620 1251 1702 perdito1,
1278 1641 1299 1684 e
1320 1621 1533 1685 Xenocratis
1556 1623 1662 1685 scolis
1686 1622 1796 1703 philo·

464 1727 567 1808 sophi
588 1718 604 1811 Η
632 1727 838 1790 celebrandi
873 1729 910 1789 in
942 1729 1017 1790 lide
1051 1731 1170 1792 tamen
1204 1748 1309 1791 nemo
1341 1729 1494 1809 proficit,
1520 1747 1589 1809 qne
1619 1730 1697 1791 sola
1732 1747 1796 1791 nos

464 1834 574 1897 habet
595 1836 709 1915 portis
733 1835 921 1898 restituere
944 1854 1120 1915 supreme.
1145 1834 1193 1898 Ut
1216 1836 1304 1916 quid
1327 1849 1412 1917 ergo
1434 1838 1489 1899 est
1510 1837 1668 1899 deterius
1689 1853 1796 1915 quam

464 1943 584 2004 ociose
607 1942 696 2004 illud
719 1944 859 2022 tempus
881 1943 1079 2004 amissum?

397 2044 449 2107 11.
569 2047 648 2111 Non
671 2049 797 2111 dubito
821 2050 906 2128 quin
928 2050 1039 2129 aliqui
1063 2050 1221 2112 obiciant
1243 2049 1310 2112 hiis
1333 2050 1460 2112 dictis:
1503 2050 1615 2112 «Pari
1642 2068 1796 2131 namque

464 2157 608 2218 racione
631 2156 869 2218 invehendum
892 2157 1035 2219 videtur
1058 2159 1184 2219 contra
1208 2149 1432 2219 mechanicos
1455 2159 1651 2231 universos,
1679 2162 1797 2238 trape-

463 2262 576 2343 gitas2
608 2266 644 2326 et
679 2265 910 2336 mercatores,
947 2264 1090 2337 milites,
1126 2265 1270 2326 iuristas
1306 2265 1537 2345 legistasqne,
1578 2283 1650 2345 quo
1686 2283 1797 2327 causa

461 2371 552 2432 lucri
587 2373 799 2432 exerceant*
822 2389 932 2451 opera
955 2390 1022 2433 sua
1053 2375 1089 2433 et
1123 2373 1175 2433 sic
1208 2372 1404 2434 abutantur
1439 2373 1577 2445 officiis,
1615 2391 1682 2434 nec
1712 2373 1796 2435 inde

462 2478 572 2540 tidem
594 2479 821 2540 salvatricem
846 2478 1050 2557 adquirunt,
1087 2479 1153 2540 sed
1177 2480 1296 2559 potius
1329 2480 1505 2559 periuriis,
1541 2478 1729 2542 fraudibus
1753 2497 1797 2542 ac

461 2586 579 2646 usuris
602 2585 769 2648 insistunt
784 2585 829 2645 »l
866 2619 905 2626 -
942 2584 1019 2648 Hec
1043 2586 1197 2647 obiectio
1221 2586 1350 2648 leviter
1372 2586 1482 2658 cadit,
1512 2588 1587 2648 tum
1612 2587 1697 2665 quia
1720 2587 1796 2648 sine

461 2692 528 2753 hiis
570 2710 641 2754 non
668 2694 760 2754 bene
793 2693 865 2773 regi
889 2695 1009 2773 potest
1039 2704 1149 2772 genus
1178 2692 1379 2766 humanum,
1417 2696 1492 2755 tum
1525 2694 1609 2773 quia
1638 2712 1711 2755 non
1743 2695 1797 2755 est

461 2799 639 2861 mercibus
675 2800 869 2862 infidelitas
903 2801 1033 2872 iuncta,
1073 2802 1147 2862 tum
1183 2801 1267 2879 quia
1302 2801 1417 2863 eciam
1452 2799 1562 2862 habet
1594 2801 1796 2862 intellectus

461 2906 638 2968 utiliorem
674 2907 792 2969 cibum
815 2907 852 2968 in
875 2908 987 2968 sacris
1011 2906 1156 2969 Litteris
1181 2925 1288 2986 quam
1315 2908 1362 2970 sit
1385 2907 1606 2969 ethnicorum
1629 2908 1795 2979 sciencia,

459 3031 597 3076 necnon
631 3032 739 3093 quum
771 3015 909 3076 lucrum
938 3013 1148 3077 affectatum
1177 3017 1297 3094 potest
1329 3033 1410 3076 cum
1431 3015 1675 3094 proximorum
1703 3015 1793 3076 cari-

461 3124 535 3183 tate
566 3139 722 3193 mnnere,
755 3121 847 3184 sicut
877 3122 973 3183 circa
1005 3122 1196 3184 utilitatem
1222 3124 1408 3184 exercetur
1437 3123 1701 3202 utplurimum,
1726 3140 1796 3202 que

459 3229 495 3290 in
518 3227 741 3309 philosophie
763 3229 941 3291 mundane
965 3229 1085 3291 studio
1114 3231 1297 3307 nequeunt
1319 3229 1479 3308 reperiri,
1506 3230 1663 3308 exceptis
1705 3230 1793 3291 casi-

460 3338 527 3398 bus
550 3336 751 3415 perpaucis,
776 3336 838 3415 qui
862 3337 1096 3398 communiter
1118 3336 1303 3398 studentes
1328 3336 1452 3398 talium
1486 3337 1649 3399 nesciunt
1682 3337 1795 3416 possi-

461 3443 556 3514 dere,
582 3443 619 3503 in
642 3443 771 3522 quibus
796 3443 909 3506 eciam
931 3462 1002 3504 non
1018 3461 1147 3504 vereor
1163 3443 1326 3504 confiteri
1343 3433 1361 3525 ΙΙ
1381 3444 1495 3506 eciam
1517 3443 1692 3564 ma‘gicam
1715 3461 1793 3506 esse

462 3568 678 3612 concessam.

461 3763 673 3772 ——-——-

566 3949 599 4010 a)
618 3962 652 3992 =
671 3945 824 3999 exercent.

567 4119 587 4187 ¹)
606 4124 754 4176 Polemon
773 4119 929 4190 [Athones
948 4122 1001 4176 340
1014 4139 1062 4176 av.
1074 4122 1153 4187 J.·C.,
1166 4118 1186 4188 †
1198 4117 1270 4189 2731,
1282 4138 1325 4175 nn
1336 4123 1407 4190 jour
1422 4123 1508 4175 itant
1521 4123 1597 4186 ivre,
1611 4125 1701 4177 entra
1715 4124 1793 4177 dans

459 4214 623 4268 1'ec01ede
641 4213 823 4276 Xenocrate,
848 4213 1064 4279 pendantque
1083 4212 1205 4265 celui-ci
1229 4213 1343 4279 parlalt
1361 4212 1401 4265 de
1421 4213 1452 4264 la
1470 4213 1679 4280 temperance.
1706 4214 1793 4266 Pole-

458 4319 531 4357 mon
555 4305 666 4367 concut
690 4317 752 4355 nne
776 4301 850 4355 telle
876 4302 972 4355 honte
996 4303 1036 4355 de
1061 4315 1113 4354 ses
1139 4301 1232 4355 exces
1261 4301 1333 4368 qu'il
1351 4317 1386 4355 se
1405 4303 1558 4355 convertit
1576 4302 1707 4356 anssltdt
1726 4301 1745 4355 a
1762 4303 1793 4356 la

458 4393 653 4461 philosophie
672 4393 703 4445 et
721 4392 829 4446 devint
841 4391 872 4443 le
885 4392 1014 4460 disciple
1028 4391 1059 4445 le
1071 4392 1141 4458 plus
1156 4391 1223 4444 zcle
1235 4391 1275 4443 de
1289 4389 1474 4454 Xenocrate,
1491 4392 1603 4459 anqnel
1616 4392 1639 4444 il
1652 4391 1794 4445 succida.

566 4478 587 4548 l)
606 4483 688 4535 Ponr
707 4483 883 4548 trapezitas,
901 4481 1061 4546 banqnier.
