4300 6117
834 1010 1022 1065 IOHANNIS
1044 1012 1227 1065 DOMINICI
1632 999 1696 1063 301

360 1236 428 1297 sub
449 1234 570 1297 Marte
608 1236 708 1315 prius
744 1235 949 1315 speculetur
978 1235 1073 1296 inter
1103 1234 1168 1295 has
1204 1234 1376 1313 captivas.
1401 1252 1445 1296 ex
1479 1251 1551 1312 qna
1585 1233 1701 1313 possit

360 1341 511 1404 Domino
533 1340 694 1404 Sabaoth
714 1340 808 1403 filios
827 1342 1074 1403 immaculatos
1098 1343 1240 1411 offerre,
1257 1341 1491 1420 hostibusque
1515 1340 1699 1402 detractas

362 1451 507 1511 exuvias
531 1451 690 1529 opponat
712 1449 906 1511 vincendis.
932 1448 991 1509 Sic
1015 1449 1139 1527 utique
1162 1449 1217 1509 tas
1241 1451 1296 1509 est
1319 1451 1355 1510 et
1377 1449 1425 1510 ab
1439 1448 1542 1509 hoste
1565 1447 1699 1519 doceri,

361 1558 412 1619 sic
435 1558 522 1619 licet
543 1556 683 1618 clavam
708 1556 753 1617 de
769 1574 876 1617 manu
892 1554 1058 1617 Herculis
1076 1556 1281 1634 extorqueri
1294 1553 1314 1615 ¹.
1342 1588 1380 1596 —
1406 1553 1574 1634 Belligeri
1597 1558 1702 1616 erant

362 1664 595 1726 leronimus
619 1666 655 1725 et
675 1662 949 1743 Augustinus.
974 1662 1222 1725 Ambrosius
1246 1666 1282 1723 et
1306 1660 1549 1742 Gregorius,
1576 1663 1701 1723 ceteri·

364 1789 434 1851 que
457 1768 569 1832 fortes
593 1770 680 1832 tidei
695 1770 839 1841 tirones,
865 1769 925 1847 qui
950 1788 1050 1830 arma
1075 1769 1173 1848 apud
1192 1768 1342 1830 Paulum
1367 1772 1570 1831 exterorum
1587 1772 1701 1830 verte-

362 1881 454 1949 runt,
482 1880 517 1939 et
539 1878 651 1939 fortes
665 1874 752 1938 iacti
776 1879 858 1938 sunt
881 1878 918 1936 in
933 1876 1029 1938 bello
1041 1874 1061 1947 ²,
1081 1894 1233 1955 quorum
1249 1876 1411 1955 exemplo
1434 1893 1572 1938 merces
1588 1877 1703 1937 nostri

362 1985 527 2046 domibus
551 1983 706 2053 delicati.
742 1981 830 2044 foris
854 1983 979 2057 timidi,
1018 2002 1138 2064 ymmo
1160 2001 1342 2061 nunquam
1364 1980 1452 2044 foris
1482 2001 1521 2044 se
1545 1985 1700 2053 tuentur,

363 2092 488 2153 talium
508 2090 587 2152 telis
611 2091 649 2150 in
671 2109 762 2170 pace
786 2091 925 2151 muniri.
941 2080 954 2173 {l
981 2088 1051 2157 Hii.
1076 2090 1186 2152 velud
1206 2091 1354 2169 quidam
1376 2091 1505 2170 ignavi,
1530 2090 1628 2152 birre
1644 2091 1702 2150 vel

364 2198 515 2260 cervisie
537 2197 690 2269 sodales,
714 2196 792 2258 sola
811 2199 930 2259 mente
946 2200 1105 2277 pugnant
1120 2215 1200 2259 cum
1214 2197 1326 2269 hoste,
1347 2197 1529 2258 interdum
1545 2198 1702 2258 caulium

364 2302 493 2366 tirsus3
515 2306 742 2382 amputantes
764 2323 845 2365 cum
869 2322 962 2376 ense,
986 2306 1141 2365 latentes
1156 2304 1251 2365 sicut
1267 2305 1435 2376 victores,
1452 2306 1561 2382 capta
1576 2305 1701 2383 preda,

366 2411 510 2491 quando
534 2411 700 2472 dividunt
722 2412 847 2490 spolia,
872 2412 1023 2473 inimicis
1047 2409 1201 2472 feliciter
1223 2411 1422 2473 trucidatis.

476 2516 554 2580 Hoc
579 2522 751 2597 quantum
774 2519 821 2580 sit
842 2519 941 2598 apud
965 2518 1159 2580 catholicos
1183 2518 1413 2589 laudandum,
1443 2516 1703 2597 Gregorium
1719 2515 1751 2578 8.

366 2637 567 2705 magnum
600 2625 657 2687 ad
678 2624 989 2686 Desiderium
1019 2625 1226 2704 episcopum
1251 2626 1467 2687 scribentem
1488 2627 1618 2687 testem
1641 2626 1704 2687 ad·

367 2734 470 2795 duco.
505 2732 566 2793 Ait
590 2733 700 2794 enim:
743 2731 861 2793 «Cum
892 2734 1004 2793 multa
1027 2732 1131 2793 nobis
1166 2725 1290 2813 [bona]
1323 2732 1369 2794 de
1409 2732 1537 2794 studiis
1575 2733 1704 2794 vestris

366 2842 517 2902 tuissent
541 2841 718 2913 nunciata,
743 2840 794 2901 ita
818 2839 919 2901 cordi
942 2842 1065 2901 nostro
1089 2843 1143 2901 est
1166 2842 1251 2901 nata
1275 2840 1405 2911 leticia,
1434 2843 1474 2902 ut
1495 2852 1626 2920 negare
1651 2859 1704 2913 ea,

368 2966 437 3027 que
461 2947 530 3008 sibi
564 2945 773 3009 fraternitas
807 2949 928 3008 vestra
964 2946 1197 3008 concedenda
1231 2946 1404 3026 deposcit,
1443 2948 1586 3008 minime
1609 2948 1704 3010 vale·

369 3073 498 3116 remus.
546 3051 619 3115 Sed
655 3057 737 3132 post
774 3054 839 3114 hec
877 3054 1041 3132 pervenit
1063 3053 1112 3114 ad
1147 3071 1222 3125 nos,
1258 3053 1355 3132 quod
1385 3055 1462 3115 sine
1485 3055 1705 3116 verecundia

368 3180 568 3223 memorare
592 3180 663 3222 non
686 3179 883 3239 possumus,
909 3158 1172 3222 fraternitatem
1194 3164 1353 3222 vestram
1376 3162 1608 3240 gramaticam
1629 3162 1705 3241 qui-

368 3268 522 3330 busdam
546 3286 733 3347 exponere.
773 3266 888 3352 Quam
912 3268 1062 3329 remita
1085 3268 1234 3329 moleste
1254 3268 1489 3359 suscepimus,
1514 3270 1550 3330 et
1584 3287 1705 3331 sumus

369 3375 599 3437 vehementer
620 3375 815 3453 aspernati,
840 3378 879 3436 ut
903 3393 955 3445 ea,
983 3392 1052 3453 que
1075 3376 1176 3454 prius
1192 3374 1292 3436 dicta
1314 3374 1456 3437 inerant
1479 3376 1516 3436 in
1539 3377 1707 3456 gemitum

370 3486 406 3543 et
422 3483 610 3544 tristiciam
625 3482 1030 3560 verteremus-quia
1053 3500 1138 3544 uno
1162 3500 1208 3543 se
1233 3500 1310 3543 ore
1333 3501 1430 3543 cum
1453 3482 1583 3544 Iovis
1606 3484 1707 3544 lau·

371 3588 701 3668 dibusXpisti
735 3588 906 3650 laudes
941 3608 1033 3650 non
1063 3590 1277 3668 capiunt.
1316 3587 1530 3669 th'uam
1565 3602 1710 3671 grave

371 3696 728 3775 nefandumque
753 3696 819 3758 sit
843 3696 1096 3775 episcopis
1121 3704 1313 3768 canere.
1339 3696 1464 3775 quod
1488 3714 1571 3758 nec
1596 3696 1709 3757 reli-

371 3804 506 3882 gioso
542 3804 790 3875 convenit,
828 3800 1158 3864 considerar‘.
1183 3834 1226 3843 —
1249 3801 1297 3863 Et
1320 3821 1364 3863 ne
1396 3804 1492 3865 circa
1520 3802 1711 3882 reprehen-

373 3910 508 3972 sionem
546 3911 724 3990 prefatam
766 3928 831 3972 nos
873 3910 1042 3972 laborare
1081 3909 1292 3989 exponendo
1332 3911 1523 3989 contingat,
1574 3910 1710 3990 glosam

373 4036 604 4087 communem,
645 4025 838 4078 LXXXVI
868 4016 988 4078 Dist.
1014 4034 1124 4095 super
1159 4017 1316 4096 capitulo
1347 4014 1489 4095 prefato
1523 4019 1618 4088 noto,
1658 4017 1710 4078 di-

375 4128 530 4186 centem:
573 4122 680 4185 ‹Sed
715 4123 932 4203 quommodo
969 4123 1171 4203 exponebat
1206 4124 1274 4185 iste
1295 4124 1529 4203 gramaticam
1552 4124 1711 4203 populo?

374 4232 460 4310 quia
493 4228 586 4293 forte
619 4231 785 4293 dicebat:
826 4249 905 4292 cum
945 4242 1009 4311 ego
1048 4231 1130 4292 dico
1169 4228 1284 4302 homo,
1309 4230 1514 4311 intelligatis
1552 4233 1627 4292 tam
1664 4230 1711 4291 de

375 4356 475 4400 mare
499 4356 606 4417 quam
630 4339 676 4399 de
699 4339 840 4408 femina,
866 4339 951 4416 quia
975 4337 1171 4399 communis
1194 4337 1332 4416 generis
1355 4340 1418 4408 est,
1443 4335 1619 4417 Digest.
1648 4336 1712 4399 De

375 4464 472 4507 ver.
498 4446 588 4524 sig.
611 4444 763 4506 hominis
787 4445 1043 4525 appellacione.
1082 4442 1154 4505 Sed
1176 4444 1302 4505 melius
1326 4444 1395 4516 dic,
1420 4445 1518 4523 quod
1540 4456 1712 4524 grama-

486 4838 505 4904 ¹)
523 4840 558 4891 V.
577 4855 606 4907 p.
624 4839 668 4903 63,
686 4841 768 4902 note,
788 4840 814 4891 2.

486 4926 506 4995 ⁷)
523 4929 552 4981 S.
571 4929 677 4992 Paul...
696 4931 739 4981 ud
755 4930 850 4982 Hebr.
868 4928 918 4991 XI,
938 4928 981 4981 34.

486 5014 506 5083 ⁸)
522 5020 604 5071 Pour
624 5021 755 5085 thyrsos.

485 5106 506 5172 ⁴)
525 5108 666 5160 GREGOR.
685 5108 792 5159 MAGN.
829 5110 929 5174 Epist.
948 5110 991 5160 ad
1007 5109 1207 5160 Desidertum.
1233 5108 1332 5175 Epist.
1350 5107 1425 5159 LIV.
1453 5106 1488 5158 ln
1509 5105 1599 5172 Oper.
1619 5107 1640 5157 t.
1658 5105 1710 5169 111,

378 5197 523 5251 col.1171.
538 5225 573 5233 -
586 5197 674 5250 Cette
686 5197 811 5250 citation
826 5199 874 5250 est
886 5197 1068 5263 empruntee
1083 5212 1140 5264 par
1154 5197 1306 5250 Dominici
1319 5211 1359 5249 au
1370 5196 1499 5249 Decret:
1521 5194 1594 5247 Cum
1608 5195 1712 5247 mulla.

379 5302 445 5354 cap.
464 5296 494 5351 V,
515 5287 592 5340 Dist.
611 5286 769 5339 LXXXVI.
