4300 6117
472 892 538 955 354
574 934 576 941 ·
973 907 1132 961 LUCULA
1155 907 1294 962 NOCTIS

471 1146 541 1189 non
557 1132 699 1209 oportet
714 1129 854 1209 litigare
870 1151 876 1192 :
902 1130 967 1191 sed
983 1134 1207 1193 mansuetum
1224 1150 1302 1194 esse
1318 1134 1366 1195 ad
1381 1152 1528 1196 omnes»
1542 1131 1562 1195 ¹.
1577 1166 1618 1174 -
1628 1133 1676 1196 Et
1691 1136 1799 1196 alibi:

468 1234 584 1298 «Noli
607 1236 727 1298 verbis
753 1238 992 1299 contendere:
1017 1237 1126 1299 nichil
1148 1240 1242 1300 enim
1265 1241 1351 1301 utile
1385 1245 1448 1312 est,
1474 1242 1542 1301 nisi
1576 1241 1623 1302 ad
1653 1241 1800 1303 subver-

467 1345 604 1405 cionem
628 1344 852 1406 audiencium
873 1367 886 1399 r
905 1344 925 1405 ².
950 1344 1043 1406 Illud
1067 1364 1210 1425 quoque
1233 1366 1305 1407 non
1325 1366 1473 1426 prorsus
1495 1348 1652 1409 excidit:
1681 1348 1799 1410 «Pro-

465 1449 550 1512 tana
574 1453 693 1512 autem
718 1453 754 1512 et
776 1471 870 1512 vana
893 1452 1036 1531 eloquia
1059 1454 1198 1525 devita:
1222 1455 1372 1515 multum
1396 1455 1489 1515 enim
1524 1456 1719 1534 proliciunt
1750 1456 1800 1517 ad

466 1558 686 1638 impietatem
705 1556 754 1620 »³.

420 1660 451 1722 6.
573 1665 825 1745 Respondetur
833 1684 899 1745 per
908 1666 973 1727 hec
984 1668 1032 1727 ad
1043 1667 1199 1746 quedam
1209 1668 1361 1730 obiecta.
1385 1700 1429 1708 —
1446 1667 1575 1739 Primo,
1601 1670 1686 1748 quia
1701 1670 1732 1730 si
1745 1670 1797 1729 di·

466 1776 595 1835 cuntur
607 1772 744 1846 famosi,
759 1791 847 1852 quos
861 1775 1113 1835 commendant
1128 1777 1243 1854 poete,
1261 1775 1395 1837 dictum
1408 1794 1474 1855 per
1486 1779 1651 1838 auctores
1675 1794 1798 1837 eorum

465 1881 562 1960 quod
585 1899 656 1941 non
680 1884 733 1941 est
758 1881 976 1942 credendum
998 1882 1114 1960 poetis
1129 1881 1151 1943 ⁴.
1169 1914 1210 1922 -
1225 1882 1400 1955 Secundo,
1425 1901 1511 1945 vero
1535 1885 1565 1944 si
1582 1883 1795 1962 quibusdam

463 1988 583 2050 verbis
609 2007 730 2049 eorum
754 2006 859 2049 aures
884 1988 1050 2050 credulas
1074 1992 1238 2069 prestare
1260 1991 1433 2060 volumus,
1458 1990 1494 2050 in
1518 1993 1724 2069 promptum
1743 1993 1797 2051 est

462 2096 583 2157 dicere
606 2114 719 2175 quare
742 2095 921 2168 demones,
946 2096 1013 2157 Dei
1034 2097 1192 2161 vocitati.
1218 2097 1393 2176 quosdam
1417 2116 1460 2158 ex
1495 2096 1562 2159 hiis
1598 2116 1620 2157 a
1653 2098 1796 2159 casibus

461 2206 726 2283 preservarunt,
752 2204 836 2281 quia
860 2203 997 2264 scilicet
1024 2206 1129 2264 erant
1152 2222 1274 2265 eorum
1298 2206 1471 2265 satellites
1494 2208 1530 2265 et
1554 2206 1725 2276 membra,
1758 2205 1796 2264 in

461 2311 589 2390 quibus
614 2309 801 2389 loquentes
817 2310 1038 2372 deludebant
1050 2323 1159 2390 genus
1175 2312 1376 2372 humanum.
1402 2311 1511 2372 Ducis
1526 2315 1580 2372 est
1599 2312 1796 2372 exercitum

460 2436 562 2479 suum
587 2436 653 2497 pro
677 2418 812 2479 viribus
836 2436 1067 2496 preservare:
1103 2416 1200 2479 Deus
1224 2419 1336 2479 iustos
1360 2420 1548 2498 preservat
1572 2438 1594 2479 a
1621 2418 1724 2479 malis
1759 2422 1797 2479 et

461 2526 626 2605 expectat
664 2527 873 2604 peccatores
910 2525 960 2586 ad
996 2526 1245 2604 penitenciam,
1283 2544 1372 2604 quos
1397 2526 1526 2586 invitat
1558 2525 1607 2586 ad
1633 2525 1794 2597 veniam:

461 2632 637 2713 dyabolus
659 2650 764 2692 veros
789 2633 931 2692 sanctos
955 2632 1138 2712 impugnat
1161 2636 1197 2693 et
1220 2633 1361 2712 iniquos
1385 2633 1478 2693 tueri
1494 2636 1653 2702 conatur,
1668 2650 1795 2711 quam·

460 2758 567 2819 quam
591 2757 676 2817 sepe
700 2738 765 2799 hec
789 2740 937 2799 fortuita
960 2739 1063 2799 bonis
1089 2741 1123 2799 et
1159 2739 1262 2801 malis
1295 2739 1501 2801 indistincte
1534 2740 1725 2819 contingat.
1752 2770 1789 2779 -

389 2838 391 2843 ’
460 2845 565 2908 Certe
588 2845 782 2906 Hescilus
806 2849 914 2924 poeta
938 2846 1010 2907 ictu
1034 2846 1223 2906 testudinis
1248 2863 1356 2924 quam
1379 2847 1575 2925 supereius
1593 2847 1792 2917 calvicium,

459 2956 632 3017 extimans
655 2952 812 3033 lapidem
835 2952 939 3023 Iovis,
955 2952 1034 3013 alex
1058 2953 1210 3023 demisit,
1236 2953 1378 3023 interiit,
1395 2957 1434 3014 ut
1450 2952 1794 3015 traditValerins

460 3064 546 3125 lib⁰
569 3060 696 3121 VIIII
711 3058 742 3133 ⁵;
761 3058 1047 3139 -Sophocles
1071 3061 1211 3139 gaudio,
1237 3078 1307 3139 quo
1331 3080 1396 3122 sua
1420 3061 1583 3139 tragedia
1599 3061 1706 3121 emuli
1721 3079 1794 3121 una

460 3168 642 3231 sentencia
666 3171 880 3247 superasset,
905 3168 1017 3227 vitam
1040 3165 1166 3238 finivit,
1180 3169 1218 3228 ut
1242 3167 1396 3228 habetur
1417 3167 1551 3228 ibidem
1565 3164 1597 3239 ὃ;
1616 3201 1659 3207 -
1675 3166 1794 3228 Euri·

459 3278 597 3356 pidem
620 3275 763 3336 domum
788 3276 1006 3337 remeantem
1022 3293 1043 3334 a
1060 3291 1149 3335 cena
1170 3275 1289 3353 regali,
1315 3294 1422 3336 canes
1443 3278 1626 3344 necarunt,
1650 3273 1793 3353 pretato

459 3384 635 3462 scriptore
659 3382 824 3443 tradente
839 3378 858 3441 ³.
880 3411 922 3421 -
938 3379 1014 3441 Hos
1038 3384 1073 3442 et
1088 3382 1178 3441 alios
1194 3382 1244 3441 dii
1261 3399 1393 3450 eorum,
1411 3382 1447 3441 in
1464 3382 1593 3460 quibus
1609 3382 1794 3443 habebant

459 3489 638 3561 fiduciam,
656 3508 726 3549 non
743 3488 987 3549 custodierunt
1003 3507 1025 3548 a
1039 3490 1163 3549 morte.
1177 3486 1342 3549 —Vitus
1356 3491 1463 3567 poeta
1475 3488 1649 3549 amatorio
1661 3490 1792 3567 poculo

459 3598 623 3668 furiosus,
654 3614 733 3657 sese
761 3596 912 3656 necavit.
953 3593 1156 3656 Homerus
1182 3595 1242 3655 ille
1264 3598 1387 3655 vatum
1410 3595 1535 3655 talium
1567 3597 1681 3674 pater,
1706 3596 1793 3674 quia

458 3705 574 3765 levem
597 3703 819 3782 questionem
843 3721 864 3761 a
888 3702 1005 3763 nautis
1029 3702 1097 3763 sibi
1133 3703 1288 3780 positam
1321 3702 1502 3762 elucidare
1535 3702 1694 3773 nescivit,
1719 3704 1792 3782 spi·

459 3812 565 3872 ritum
589 3829 632 3871 ex
656 3810 780 3871 dolore
819 3810 997 3881 dimisit&
1036 3810 1132 3869 idem
1171 3811 1279 3870 sentit
1317 3808 1362 3870 de
1402 3808 1551 3870 Platone
1588 3809 1791 3889 hystoricus

565 4310 587 4376 ¹)
605 4313 634 4365 S.
653 4314 760 4375 PAUL,
780 4313 814 4374 II,
834 4312 924 4364 23-24.

564 4402 585 4468 “·’)
603 4404 689 4467 Ibid,
708 4404 743 4465 II,
763 4404 804 4453 14.

565 4490 585 4558 ²⁸)
603 4494 689 4554 Ibin,
707 4492 742 4553 II,
763 4492 804 4544 16.

564 4580 585 4648 ⁴)
604 4582 757 4634 Dominici
776 4582 870 4633 acite
896 4584 966 4649 plus
993 4583 1068 4635 hant
1096 4597 1132 4634 ce
1157 4598 1229 4635 vers
1256 4582 1295 4633 de
1315 4581 1421 4643 Calon,
1445 4579 1660 4643 Dist.111‚18:

738 4704 819 4746 «Nam
835 4704 944 4745 miranda
959 4705 1054 4753 canunt,
1069 4704 1113 4746 sed
1128 4715 1177 4745 non
1192 4703 1312 4746 credenda
1325 4704 1440 4755 poetae».

565 4812 585 4879 ὖ)
606 4814 648 4869 ct.
666 4814 743 4867 var..
756 4816 841 4867 Max.
862 4815 910 4877 lx,
930 4825 981 4879 x11,
1001 4816 1057 4866 ext.
1076 4815 1101 4866 2.

564 4902 584 4970 ¹¹)
604 4906 830 4969 112.,rbm.‚xn,
852 4908 907 4957 ext.
927 4906 951 4956 5.

565 4992 584 5059 ⁷)
603 4996 659 5057 ID,
678 4996 757 5057 ibid,
777 5004 829 5057 ru,
848 4997 905 5046 ext.
923 4995 955 5056 4:
975 4992 1011 5045 cl.
1031 4994 1109 5047 Aur.
1125 4994 1219 5046 Genu.
1238 4993 1301 5058 xv,
1321 4994 1364 5045 20.

563 5084 583 5149 ³)
602 5082 647 5135 Cf.
668 5083 744 5135 VAL.
765 5082 848 5134 Max.
868 5084 916 5145 IX,
936 5092 988 5143 ΧΗ,
1007 5087 1098 5135 exter.
1119 5084 1145 5135 3.
1167 5110 1197 5119 -
1224 5083 1267 5134 Le
1285 5093 1415 5151 passage
1441 5084 1481 5135 de
1499 5083 1596 5145 Pline,
1616 5085 1657 5136 od
1675 5098 1711 5135 ce
1728 5082 1789 5136 tait

456 5174 589 5227 attribue'
608 5174 626 5225 a
644 5174 755 5225 Platon
774 5173 867 5225 serait
886 5174 1042 5239 rapporte',
1060 5187 1139 5225 nous
1159 5188 1178 5224 a
1196 5174 1436 5239 completement
1453 5173 1601 5239 echappe.
