4300 6117
457 923 503 987 36
962 932 1122 986 LUCULA
1145 928 1284 985 NOCTIS
1324 1005 1329 1019 ⁸
1763 982 1766 989 ,

1979 1376 1981 1437 l

951 1676 1156 1784 [CAPUT
1186 1676 1290 1783 1Vl
1980 1656 1981 1741 l

562 1987 690 2075 [N]unc
715 2007 825 2075 arguo
847 1999 988 2074 quarto,
1013 1997 1082 2057 sic:
1110 1994 1336 2075 Xpistiano
1356 1995 1461 2057 licet
1483 2014 1623 2057 omnes
1652 1994 1788 2057 libros

453 2100 604 2181 legere,
641 2102 805 2182 pariter
838 2105 879 2164 et
902 2102 1085 2173 studere,
1122 2102 1193 2181 qui
1221 2102 1304 2163 sibi
1339 2121 1419 2163 non
1447 2105 1542 2163 sunt
1570 2101 1785 2181 prohibiti,

454 2209 658 2287 explicite
692 2209 759 2270 vel
789 2209 1134 2289 interpretative.
1183 2199 1267 2290 Sssed
1301 2208 1403 2271 libri
1433 2208 1689 2271 secularium
1712 2209 1789 2270 sci·

454 2315 667 2376 enciarum
702 2334 782 2376 non
820 2319 917 2378 sunt
955 2316 1015 2378 eis
1052 2315 1270 2395 prohibiti,
1312 2316 1372 2377 sic
1410 2316 1476 2377 vel
1514 2316 1584 2377 sic.
1643 2315 1785 2395 Igitur,

454 2422 677 2483 conclusio
699 2440 813 2483 vera.

563 2527 679 2589 Huius
703 2528 856 2590 racionis
880 2529 1027 2606 sequela
1050 2530 1105 2590 est
1129 2531 1222 2599 nota,
1250 2530 1285 2589 et
1307 2529 1508 2608 probantur
1534 2529 1717 2608 premisse.

406 2670 436 2731 1,
564 2661 684 2722 Prima
718 2679 873 2740 namque
908 2662 1112 2741 proposicio
1148 2664 1204 2724 est
1237 2662 1344 2734 clara,
1377 2680 1443 2741 pro
1477 2664 1577 2723 tanto
1607 2661 1707 2739 quod
1729 2662 1788 2723 lex

450 2767 720 2848 Xpistianorum
750 2768 1030 2848 presupponitur
1068 2771 1105 2829 et
1141 2768 1350 2848 predicatur
1378 2786 1457 2830 esse
1487 2770 1658 2847 perlecta,
1694 2768 1786 2830 sicut

449 2876 555 2955 primi
577 2873 859 2954 Xpistianorum,
884 2893 957 2936 non
979 2876 1095 2954 pauci,
1131 2876 1293 2937 scribunt
1318 2875 1456 2954 pariter
1480 2877 1516 2936 et
1539 2873 1680 2937 diffuse.
1727 2875 1784 2936 Ad

448 2983 562 3062 legem
596 2984 717 3043 autem
750 2983 948 3062 perlectam
983 2984 1124 3061 spectat
1156 3000 1227 3043 non
1259 2983 1373 3043 solum
1409 2982 1583 3044 mandare
1613 2983 1701 3061 quid
1731 2985 1787 3044 est

448 3090 618 3161 fiendum,
651 3089 716 3150 sed
753 3089 867 3150 eciam
900 3088 1092 3168 prohibere
1124 3088 1194 3159 illa,
1224 3108 1246 3149 a
1276 3090 1407 3167 quibus
1438 3091 1493 3150 est
1522 3090 1783 3151 abstinendum.

448 3194 550 3258 Istud
574 3198 628 3258 est
652 3196 880 3257 manifestum
904 3196 941 3256 in
955 3193 1047 3275 Lege
1070 3196 1194 3268 veteri,
1220 3196 1257 3257 in
1273 3194 1365 3275 Lege
1389 3215 1492 3267 nova,
1518 3196 1647 3274 quibus
1665 3193 1783 3276 Scrip-

449 3305 531 3364 tura
560 3304 686 3364 sancta
709 3302 918 3381 completur,
943 3303 980 3361 in
1003 3301 1087 3362 Iure
1110 3300 1298 3372 Canonico,
1324 3302 1361 3362 in
1383 3301 1466 3363 Iure
1489 3300 1602 3374 Civili,
1629 3304 1665 3363 in
1691 3321 1786 3364 com·

449 3411 614 3471 munibus
648 3409 786 3488 legibus
821 3410 858 3469 et
891 3408 1166 3487 municipalibus
1201 3409 1387 3470 universis.
1433 3407 1537 3481 Hinc,
1570 3409 1668 3488 apud
1703 3408 1783 3470 Ysi-

448 3517 586 3587 dorum
610 3515 985 3594 Ethimologiarum
1006 3516 1100 3577 libro
1123 3515 1168 3576 2⁰.
1218 3514 1358 3577 «Facte
1375 3518 1457 3577 sunt
1472 3515 1577 3595 leges,
1602 3518 1642 3577 ut
1661 3534 1783 3577 earum

447 3625 546 3685 metu
578 3623 734 3683 humana
771 3624 982 3684 coerceatur
1018 3622 1181 3693 audacia,
1221 3625 1370 3701 tutaque
1399 3624 1446 3684 sit
1473 3622 1567 3683 inter
1597 3624 1781 3702 improbos

448 3730 665 3802 innocencia,
698 3729 793 3790 etin
816 3730 903 3808 ipsis
926 3729 1109 3808 improbis,
1142 3729 1335 3790 formidato
1363 3729 1548 3809 supplicio,
1582 3731 1786 3791 refrenetur

448 3837 611 3907 audacia,
635 3839 672 3898 et
686 3836 838 3898 nocendi
862 3836 1014 3898 facultas
1029 3856 1045 3890 ι
1063 3834 1085 3897 ¹.
1130 3830 1261 3897 Tocius
1293 3836 1386 3898 enim
1417 3854 1496 3898 esse
1524 3836 1783 3899 continenciam

447 3944 534 4024 legis
558 3940 695 4004 Tullius
723 3943 835 4004 sensit
861 3944 1041 4022 imperare
1063 3943 1186 4004 fienda
1210 3944 1286 4004 sive
1307 3944 1411 4015 iusta,
1437 3945 1473 4004 et
1497 3944 1678 4004 contraria
1701 3962 1782 4023 pro·

447 4050 581 4113 hibere.
628 4048 695 4111 Est
717 4050 810 4111 enim
833 4050 931 4129 apud
967 4048 1220 4111 Ciceronem
1241 4050 1314 4131 ler:
1340 4049 1480 4111 «Racio
1504 4068 1650 4121 summa,
1675 4051 1782 4112 insita

449 4158 618 4229 innativa,
640 4176 709 4236 que
725 4157 825 4219 iubet
840 4174 883 4218 ea
898 4174 969 4234 que
984 4157 1150 4218 iacienda
1167 4158 1258 4227 sunt,
1271 4156 1527 4236 prohibetquea
1542 4158 1724 4218 contraria
1734 4178 1748 4210 a
1758 4156 1780 4218 ².

402 4272 432 4335 2,
555 4261 721 4325 Secunda
743 4281 829 4324 vero
863 4264 1077 4343 proposicio,
1114 4263 1152 4323 in
1185 4281 1256 4342 qua
1279 4263 1333 4323 vis
1362 4264 1438 4324 tota
1465 4262 1568 4325 huius
1597 4276 1781 4343 argumen-

448 4372 598 4433 tacionis
623 4370 795 4442 consistit,
821 4373 875 4431 est
898 4370 1087 4431 manifesta
1114 4369 1190 4441 hiis,
1216 4368 1516 4449 quiXpistianam
1539 4370 1651 4449 legem
1676 4388 1782 4431 nove·

448 4480 540 4540 runt.
586 4477 769 4539 Dividitur
791 4478 884 4538 enim
907 4477 944 4537 in
968 4479 1123 4556 quatuor
1146 4479 1278 4557 partes,
1302 4477 1484 4538 videlicet:
1512 4472 1780 4539 Testamentum

447 4588 559 4656 vetus,
584 4581 853 4646 Testamentum
868 4602 1008 4655 novum,
1033 4584 1147 4663 legem
1172 4584 1388 4656 canonicam,
1414 4586 1449 4645 et
1461 4584 1559 4645 dicta
1574 4586 1781 4646 sanctorum

448 4692 653 4755 electorum.

552 4984 585 5045 a)
604 5009 637 5017 -
656 4995 726 5048 que.

553 5103 575 5170 ¹)
592 5105 664 5158 1811).
692 5103 830 5169 Etymol.
847 5102 884 5167 11,
902 5113 933 5167 Χ,
952 5104 977 5155 5.
1012 5103 1048 5156 In
1068 5102 1228 5169 Oponlll,
1249 5104 1308 5157 131.

554 5192 656 5260 ²)crc.
675 5195 721 5246 De
740 5193 872 5260 Legibus
889 5191 912 5255 1,
931 5201 972 5244 v1.
