4300 6117
454 931 520 994 430
964 944 1123 998 LUCULA
1145 942 1285 998 NOCTIS

454 1184 512 1227 sos
548 1166 595 1227 ab
630 1167 681 1228 eis
716 1169 852 1246 sponte,
888 1167 972 1230 licet
1008 1167 1177 1230 ostendat
1208 1169 1245 1229 in
1278 1168 1366 1239 vice,
1391 1168 1518 1240 anulis,
1542 1168 1649 1238 vasis,
1673 1167 1810 1238 cordis

452 1272 591 1351 busque
631 1274 853 1353 captivorum
887 1275 1054 1346 inclusus,
1084 1275 1163 1354 ipse
1200 1274 1427 1355 singulariter
1460 1275 1681 1355 respondere
1696 1277 1719 1336 ⁸.

386 1372 437 1435 11·
521 1377 572 1467 ‚O
595 1381 826 1461 nephandum
847 1381 974 1456 scelus,
1010 1381 1217 1454 miseranda
1244 1381 1329 1452 lues,
1362 1381 1532 1461 iniquitas
1562 1373 1787 1452 detestanda,

453 1487 667 1566 extirpanda
681 1488 842 1550 malicia!
858 1488 917 1550 Ad
928 1489 967 1550 id
981 1490 1075 1551 enim
1085 1489 1250 1569 pervenit
1259 1501 1369 1569 genus
1382 1487 1584 1561 humanum,
1600 1487 1719 1569 Xpisti
1733 1508 1787 1551 re·

452 1594 637 1674 demptum
661 1612 798 1665 cruore,
822 1613 893 1656 non
915 1596 983 1656 nisi
996 1596 1112 1675 primo
1127 1595 1228 1658 falsis
1249 1596 1410 1675 gencium
1427 1596 1601 1658 doctrinis
1612 1596 1785 1668 delusum,

452 1704 491 1763 ut
513 1719 651 1762 summo
673 1700 751 1764 Deo
774 1702 935 1781 depulso,
960 1703 1115 1764 scienter
1135 1702 1215 1765 loco
1239 1703 1314 1765 eius
1339 1703 1527 1765 demonem
1553 1699 1787 1783 dmpnatum

452 1809 654 1880 admittens,
679 1810 731 1870 sic
754 1809 823 1870 sibi
846 1809 1051 1871 ministrans
1081 1810 1130 1870 ad
1160 1812 1293 1882 nutum,
1310 1812 1350 1871 ut
1373 1811 1419 1872 sit
1444 1811 1669 1891 specietenus
1692 1827 1785 1872 asse·

453 1918 556 1979 cutus
580 1917 677 1995 quod
700 1934 782 1977 mox
803 1920 945 1978 creatus
969 1917 1173 1996 concupivit
1197 1917 1345 1989 incelis,
1364 1936 1435 1980 non
1448 1919 1582 1986 valens,
1599 1917 1651 1979 ibi
1673 1919 1786 1980 eciam

452 2042 597 2085 suorum
639 2023 834 2085 satellitum
866 2024 1054 2105 innumera
1083 2026 1236 2117 'caterva
1269 2025 1420 2086 valatus.
1456 2023 1504 2086 Et
1536 2043 1582 2086 ne
1604 2042 1733 2104 parum
1755 2026 1787 2086 si

450 2128 558 2202 istud,
584 2131 614 2192 si
648 2129 830 2202 Dominus,
854 2131 891 2191 in
924 2131 1123 2192 venerabili
1153 2136 1389 2204 sacramento,
1414 2151 1454 2195 se
1491 2131 1622 2194 cotidie
1656 2151 1678 2193 a
1713 2131 1785 2193 suis

451 2236 621 2299 fidelibus
644 2237 839 2299 videndum
862 2237 1017 2317 reliquit,
1042 2240 1181 2299 tantum
1202 2239 1315 2301 valuit
1340 2239 1476 2301 emulus
1500 2239 1586 2310 eius,
1604 2239 1702 2317 quod
1717 2239 1786 2301 sibi

451 2363 570 2407 mares
609 2348 645 2406 et
679 2342 830 2406 feminas
864 2345 1086 2424 prostitutos,
1122 2363 1195 2407 non
1228 2349 1467 2419 consecratos,
1491 2347 1649 2408 ostendit
1683 2347 1783 2407 indn-

452 2452 590 2522 mentis,
621 2454 657 2513 et
679 2451 810 2525 verbis,
840 2452 947 2532 gestis
970 2454 1007 2513 et
1034 2453 1231 2515 sceleribus
1267 2451 1475 2526 manifestis,
1500 2453 1594 2515 illius
1628 2470 1717 2514 vasa
1746 2470 1783 2513 se

452 2578 530 2621 esse
554 2560 812 2620 monstrantes!
859 2557 1049 2621 Outinam
1077 2562 1198 2621 tantos
1230 2553 1378 2639 xpistns
1413 2560 1563 2622 haberet
1596 2561 1717 2640 palam
1746 2578 1783 2621 se

452 2665 673 2747 prolitentes,
697 2668 850 2744 quantos
874 2666 1051 2747 dyabolus
1074 2664 1236 2746 possidet
1259 2668 1325 2729 sub
1349 2667 1423 2729 suis
1447 2668 1540 2729 notis
1558 2668 1697 2730 vexillis
1713 2670 1783 2729 tur·

451 2774 547 2853 piter
579 2772 797 2834 incedentes.
855 2771 914 2834 Ad
952 2776 1149 2835 extremum
1187 2774 1248 2836 ille
1285 2773 1382 2836 solus
1417 2775 1513 2835 omni
1549 2775 1783 2836 veneracione

452 2880 633 2952 colendus,
672 2880 742 2942 sibi
781 2880 957 2959 quosdam
990 2881 1179 2960 utriusque
1213 2899 1317 2943 sexus
1351 2881 1512 2944 homines
1547 2882 1783 2961 particulares

451 2988 645 3058 ascribens,
671 2987 858 3065 religiones
882 2974 1033 3049 devotas
1057 2986 1230 3060 fundavit,
1256 3006 1345 3068 quas
1369 2989 1438 3050 iste
1460 2988 1596 3068 nephas
1627 2989 1784 3067 undique

452 3093 688 3175 depellendus
711 3095 933 3156 labefactare
957 3084 1134 3176 colluatus,
1159 3097 1341 3176 ypocritas
1365 3095 1591 3158 simulatores
1621 3098 1659 3157 et
1680 3096 1784 3158 iictos

450 3201 595 3263 invenit.
620 3199 757 3261 Horum
780 3203 900 3263 autem
924 3202 1082 3263 omnium
1104 3202 1280 3264 malorum
1302 3203 1385 3264 iinis
1419 3202 1611 3283 protendit,
1636 3205 1676 3264 ut
1711 3206 1784 3264 tan·

449 3309 533 3370 dem
556 3308 728 3370 adoretur
751 3309 822 3368 iam
844 3308 1006 3370 deiectus
1030 3309 1066 3369 in
1090 3309 1205 3379 terris,
1230 3310 1292 3387 qui
1314 3310 1354 3370 id
1387 3308 1496 3389 potiri
1532 3309 1702 3388 nequivit,
1726 3329 1784 3372 ne·

449 3416 569 3495 quiter
591 3413 736 3476 inflatus
759 3416 796 3475 in
821 3415 916 3476 celis.
940 3413 1019 3477 Hac
1043 3416 1121 3477 sola
1152 3417 1246 3495 stipe
1282 3417 1479 3480 conductus
1512 3417 1604 3477 mira
1629 3417 1783 3487 simulat,

448 3524 619 3585 mentitur
640 3540 728 3584 vera
759 3540 942 3602 responsa,
971 3523 1090 3602 aperit
1122 3526 1292 3594 monstra,
1316 3522 1482 3604 prodigia
1503 3523 1670 3594 maculat,
1700 3524 1783 3585 omi·

448 3649 532 3691 num
556 3647 643 3691 vera
667 3622 767 3708 queb
790 3629 946 3708 quedam
970 3629 1079 3700 cudit,
1104 3629 1205 3691 iuvat
1233 3633 1272 3692 ut
1307 3630 1464 3693 trucidet
1498 3649 1582 3692 suos
1617 3631 1782 3702 cultores,

449 3740 485 3799 et
509 3737 625 3798 cultus
648 3735 741 3798 fallit
763 3736 930 3816 proprios
964 3739 1138 3798 oratores.
1175 3735 1356 3820 Quantum
1390 3741 1497 3817 putas
1530 3756 1611 3799 enm
1645 3738 1784 3800 bostem

447 3845 542 3906 inter
565 3846 619 3906 tot
633 3843 731 3905 milia
745 3842 1032 3914 veneracionum,
1059 3843 1191 3922 quibus
1207 3846 1378 3924 precipue
1395 3844 1609 3907 insistebant
1623 3843 1783 3916 Romani,

448 3951 579 4032 gaudio
613 3949 691 4012 fore
725 3950 923 4030 repletum!
959 3948 997 4011 Si
1036 3951 1157 4011 tamen
1193 3951 1307 4013 eciam
1344 3951 1391 4012 de
1426 3969 1651 4030 quocumque
1690 3951 1783 4013 malo

448 4061 567 4138 potest
589 4059 756 4138 gaudere,
781 4077 828 4119 an
851 4077 923 4119 non
937 4058 1054 4136 ipsum
1070 4057 1178 4119 latria
1191 4057 1392 4120 honorabat
1403 4057 1534 4120 Decius
1551 4061 1782 4139 pugnaturus,

448 4165 546 4245 apud
570 4160 778 4227 Titulivium
801 4165 853 4227 sic
876 4183 1008 4227 orans:
1038 4185 1053 4219 ‹
1080 4164 1175 4238 Iane,
1200 4164 1345 4245 Iupiter,
1369 4163 1470 4227 Mars
1493 4167 1606 4246 pater,
1625 4164 1781 4249 Quirine,

448 4271 606 4344 Bellona,
631 4271 752 4343 Lares,
776 4272 859 4333 Divi
880 4271 1100 4345 Novensiles,
1124 4270 1183 4333 Dii
1205 4272 1414 4353 indigentes,
1438 4271 1529 4345 Divi,
1555 4289 1706 4350 quornm
1729 4275 1783 4334 est

447 4382 609 4459 potestas
632 4383 836 4441 nostrorum
858 4379 1095 4460 hostiumque,
1119 4379 1249 4458 Diique
1272 4377 1409 4450 Manes,
1434 4397 1498 4441 vos
1515 4397 1653 4459 precor,
1678 4397 1781 4440 vene·

448 4505 518 4559 ror,
543 4487 685 4548 veniam
706 4488 791 4566 peto
814 4484 972 4566 feroque,
998 4489 1038 4548 ut
1060 4487 1195 4567 populo
1219 4504 1367 4548 romano
1390 4485 1582 4570 Quiritium
1616 4485 1689 4547 vim
1711 4486 1783 4547 vic·

448 4595 649 4673 toriamque
672 4593 912 4673 prosperetis:
942 4594 1135 4674 hostesque
1170 4595 1294 4674 populi
1328 4593 1465 4655 romani
1489 4592 1688 4677 Quiritium,
1713 4594 1783 4655 ter·

448 4719 540 4772 rore,
554 4701 745 4763 formidine
757 4703 943 4780 morteque
958 4699 1138 4762 alliciatis.
1156 4699 1256 4763 Sicut
1278 4701 1399 4762 verbis
1415 4701 1629 4780 nuncupavi,
1654 4701 1704 4762 ita
1716 4717 1782 4779 pro

449 4808 635 4888 republica
659 4807 860 4892 Quiritium,
886 4809 1054 4880 exercitu,
1079 4809 1287 4888 legionibus,
1319 4807 1459 4869 auxiliis
1487 4805 1612 4887 populi
1646 4807 1783 4870 romani

449 5022 662 5031 ——--—.

555 5210 588 5270 u)
609 5233 641 5242 -
660 5206 860 5273 respondere.
897 5206 928 5269 b)
952 5232 977 5241 -
1001 5220 1070 5272 qne.
1197 5195 1198 5200 '
