4300 6117
460 945 526 1008 314
965 955 1124 1009 LUCULA
1146 954 1287 1009 NOCTIS

460 1180 582 1242 divino
621 1183 656 1241 et
691 1180 998 1260 contemplacione
1031 1198 1200 1259 superna,
1238 1180 1274 1240 et
1297 1181 1414 1241 tactus
1440 1181 1495 1241 est
1522 1179 1620 1241 circa
1653 1179 1800 1241 landem

460 1287 619 1348 divinam
642 1287 805 1348 animalis
830 1290 865 1349 et
887 1289 1016 1349 mutus.

413 1388 445 1450 6.
567 1390 784 1474 Temporum
808 1394 901 1455 enim
924 1394 1095 1473 magistra
1117 1393 1267 1456 historia
1291 1391 1452 1455 doctrice
1468 1394 1626 1472 cognovi,
1652 1394 1740 1472 quia
1759 1393 1800 1455 in

459 1501 588 1563 studiis
612 1502 827 1563 secularium
849 1501 1050 1562 litterarum
1071 1500 1205 1562 iniusta
1227 1500 1323 1563 bella
1345 1503 1428 1561 sunt
1452 1504 1542 1573 orta,
1568 1502 1604 1563 et
1626 1500 1658 1561 si
1681 1501 1795 1579 aliqui

459 1608 512 1669 illi
533 1608 601 1669 viri
625 1608 749 1687 adepti
773 1611 854 1669 sunt
878 1610 1021 1688 optatos
1044 1607 1253 1687 triumphos,
1288 1607 1433 1669 tandem
1457 1609 1579 1669 tamen
1615 1608 1666 1669 ad
1688 1606 1800 1669 nicbi·

458 1714 532 1776 lum
556 1716 638 1776 sunt
661 1714 808 1787 redacti,
834 1714 919 1793 quia
933 1715 1033 1776 novit
1048 1714 1160 1776 hostis
1184 1714 1351 1793 antiquus
1367 1714 1423 1775 sui
1440 1714 1603 1793 exemplo
1618 1714 1798 1776 extollere

460 1840 611 1893 sursum,
647 1840 737 1901 quos
765 1822 814 1883 ad
837 1839 919 1902 yma
941 1821 1085 1883 deicere
1108 1822 1217 1900 cupit.
1241 1820 1447 1891 Dominare,
1486 1821 1614 1900 inquit,
1640 1821 1799 1900 quedam

461 1929 618 1990 tumidus
641 1929 787 2009 spiritus
811 1929 886 1991 alta
908 1941 1000 2010 gere,
1026 1918 1039 2009 Η
1066 1928 1229 2008 sequitur
1243 1946 1266 1990 a
1281 1930 1381 2009 tergo
1397 1930 1574 2007 superbos
1589 1928 1698 1991 Deus.
1724 1926 1794 1990 Ubi

461 2054 548 2097 vero
564 2054 653 2115 pure
674 2036 849 2116 theologie
873 2036 1030 2098 studium
1057 2036 1188 2108 floruit,
1202 2037 1265 2097 aut
1280 2040 1295 2069 ²
1318 2053 1390 2114 pax
1406 2036 1541 2098 dilecta
1556 2036 1797 2104 nutriebatur,

461 2144 524 2205 aut
546 2144 642 2205 iusta
664 2155 783 2223 pugna
803 2161 870 2223 per
893 2142 1037 2223 angelos
1060 2143 1282 2222 prevalebat.
1306 2141 1386 2204 Non
1410 2144 1545 2204 corruit
1567 2139 1797 2204 Hebreorum

461 2250 625 2330 populus,
660 2268 726 2312 nec
749 2269 813 2312 rex
845 2250 974 2329 aliquis
1000 2250 1085 2320 eius,
1120 2250 1189 2311 nisi
1223 2252 1415 2329 postquam
1452 2268 1532 2311 cum
1557 2249 1710 2312 ethnicis
1737 2249 1796 2310 vel

462 2358 646 2438 spiritibus
669 2358 861 2419 immundis
876 2357 1066 2419 visibiliter
1081 2358 1138 2419 vel
1161 2357 1388 2419 invisibiliter
1410 2357 1568 2436 aliquam
1584 2357 1796 2419 societatem

463 2465 650 2526 contraxit.
688 2462 789 2526 Pleni
812 2468 894 2526 sunt
918 2464 985 2525 hiis
1010 2464 1153 2527 codices
1176 2464 1280 2536 sacri,
1317 2463 1385 2525 hiis
1409 2464 1580 2543 exemplis
1605 2462 1796 2542 presencia

255 2560 285 2619 Β
299 2557 376 2621 75'0
463 2573 627 2651 tempora
649 2574 782 2633 rorant.
820 2562 833 2653 ll
871 2570 939 2657 Qui
962 2572 1119 2650 patriam
1142 2573 1273 2643 amant,
1308 2572 1355 2633 ab
1380 2590 1424 2632 ea
1445 2572 1547 2633 vivos
1570 2574 1607 2633 et
1630 2573 1796 2631 mortuos

465 2678 625 2740 ethnicos
654 2678 802 2757 pellunt.

418 2770 448 2834 7·
570 2784 710 2847 Noticia
733 2786 880 2864 insuper
903 2786 1120 2848 naturalium
1142 2804 1272 2855 rerum,
1308 2786 1438 2865 quibus
1461 2789 1655 2863 utcumque
1686 2796 1797 2865 genus

463 2893 686 2954 sustentatur
718 2892 910 2955 humanum
943 2896 1053 2973 atque
1088 2893 1223 2973 regitur
1245 2894 1302 2954 vel
1332 2893 1492 2955 creditur
1514 2892 1598 2971 regi,
1641 2891 1797 2971 quedam

445 3000 574 3078 'magis
597 2999 693 3061 lucet
716 3001 753 3061 in
776 3019 846 3062 non
869 3000 1050 3062 utentibus
1073 3000 1267 3072 intellectu,
1304 3018 1413 3079 quam
1434 3001 1472 3061 in
1493 2998 1706 3067 hominibus.
1732 2998 1792 3077 qui

463 3106 512 3167 ad
534 3107 650 3185 ipsam
673 3124 744 3169 non
766 3108 842 3169 sine
865 3107 1047 3169 laborioso
1070 3106 1190 3169 studio
1214 3108 1430 3187 pertingunt,
1466 3125 1539 3169 non
1567 3123 1728 3185 unquam
1752 3106 1800 3167 ab

464 3213 714 3294 insipientibus
737 3214 843 3277 docti.
882 3212 977 3276 Ecce
1001 3215 1086 3293 quia
1109 3214 1170 3275 illa
1193 3215 1270 3276 solo
1293 3214 1457 3284 odoratu,
1492 3214 1572 3276 visu
1595 3213 1653 3275 vel
1690 3215 1800 3283 tactu,

465 3324 527 3383 aut
552 3322 708 3400 quodam
730 3322 899 3402 singulari
923 3322 1059 3383 influxu
1083 3322 1241 3383 celorum
1264 3323 1401 3401 lugiunt
1424 3321 1606 3383 contraria
1630 3324 1665 3382 et
1692 3338 1798 3399 opor·

465 3430 553 3490 tuna
576 3432 760 3491 secuntur:
790 3429 836 3490 de
860 3429 1081 3508 simplicibus
1104 3430 1242 3507 loquor,
1268 3447 1339 3490 non
1363 3429 1569 3508 compositis
1594 3431 1631 3489 et
1653 3427 1796 3489 fucatis.

467 3534 665 3615 Capiuutur
700 3536 855 3615 denique
890 3554 986 3607 aves,
1024 3536 1143 3615 pisces
1179 3539 1215 3597 et
1236 3536 1351 3598 bestie
1386 3535 1492 3597 hamo
1526 3537 1687 3614 ipsorum
1716 3552 1802 3596 esca

466 3644 606 3715 vestito,
631 3647 695 3705 aut
708 3661 845 3705 veneno
864 3642 969 3705 melle
993 3643 1105 3705 linito.
1129 3641 1215 3704 Vidi
1232 3643 1408 3722 quosdam
1437 3642 1586 3704 catellos
1601 3659 1667 3704 nec
1685 3642 1802 3704 eciam

467 3770 530 3813 ore
553 3753 778 3813 contrectare
804 3769 929 3812 carnes
954 3750 1151 3823 turdorum,
1176 3751 1356 3813 musiones
1373 3752 1420 3813 ab
1435 3750 1571 3811 insanis
1587 3750 1703 3828 Iungis
1720 3750 1803 3811 abs·

466 3859 590 3930 tinere,
617 3876 728 3937 equus
745 3859 782 3919 et
796 3859 928 3919 asellus
952 3875 1079 3919 carnes
1104 3860 1139 3919 et
1154 3858 1373 3920 salsamenta
1389 3838 1461 3919 non
1481 3860 1634 3937 gustant,
1660 3856 1802 3935 excipio

467 3964 631 4045 Apulegii
655 3968 691 4026 et
713 3965 917 4037 iumentum,
942 3965 1042 4043 quod
1065 3965 1112 4027 de
1135 3984 1173 4027 se
1197 3967 1259 4027 aut
1282 3965 1456 4027 indicavit
1478 3967 1541 4026 aut
1564 3965 1676 4035 linxit,
1701 3964 1802 4025 iuxta

467 4072 726 4153 Augustini
749 4072 976 4145 sentenciam,
1001 4081 1145 4134 XVIIII
1167 4072 1228 4133 De
1246 4070 1456 4133 Civ.Dei¹.
1474 4070 1684 4133 coturnices
1708 4071 1803 4132 inter

468 4199 590 4242 omnes
615 4198 725 4251 escas,
751 4197 821 4258 que
843 4179 966 4240 mandi
989 4183 1148 4259 possunt,
1175 4181 1360 4242 eleborum
1382 4179 1512 4259 legunt,
1536 4197 1560 4241 a
1582 4197 1655 4258 quo
1672 4180 1801 4239 cuncte

468 4306 553 4349 aves
578 4288 768 4358 abstinent,
794 4304 936 4365 quoque
952 4285 1028 4347 iere
1045 4299 1192 4367 magnus
1205 4285 1383 4349 Martinus
1400 4287 1516 4349 extitit
1530 4288 1767 4366 interemptus
1776 4284 1798 4345 ².

468 4392 686 4474 Diptannm³
708 4393 858 4455 herbam
880 4393 997 4472 primo
1023 4412 1128 4456 cerve
1151 4371 1404 4465 monstrarunt,
1429 4397 1469 4455 ut
1490 4392 1633 4456 facilius
1656 4394 1804 4473 pariant

468 4502 566 4563 illam
590 4501 747 4573 edentes,
783 4503 893 4579 atque
916 4500 1049 4562 terrum
1086 4502 1516 4581 excuciantsagittarum,
1553 4501 1619 4564 sed
1641 4498 1736 4564 torte
1759 4518 1804 4563 ex

471 4702 682 4709 ——---.

576 4834 608 4894 a)
630 4834 661 4891 -l-
681 4831 743 4884 alit.

579 4954 598 5022 ¹)
617 4956 647 5009 S.
668 4957 746 5009 AUR.
765 4955 846 5009 Aue.
864 4956 911 5007 De
932 4954 1016 5007 Ctvtt.
1034 4956 1101 5018 Det,
1118 4954 1224 5018 XVIII,
1243 4964 1328 5007 XVIII
1347 4954 1383 5007 In
1400 4953 1491 5021 Oper.
1509 4954 1574 5017 vn,
1593 4955 1646 5008 574
1664 4969 1710 5020 sq.

579 5043 599 5113 YJ
619 5044 662 5099 Ct.
681 5045 822 5097 VINCENT
840 5052 883 5096 DE
901 5042 1073 5108 BEAUVAIS,
1102 5042 1262 5111 Speculum
1285 5045 1433 5105 naturale,
1459 5044 1512 5096 lib.
1530 5043 1609 5107 XVI,
1633 5059 1700 5111 cap.
1718 5052 1805 5095 mv.

471 5135 552 5189 C'est
570 5136 588 5187 a
607 5136 656 5188 cet
674 5142 810 5203 ouvrage
829 5149 890 5201 que
907 5133 1059 5186 Domtnici
1078 5136 1241 5201 emprnnte
1259 5134 1305 5187 les
1324 5133 1590 5201 renseignements
1609 5134 1762 5187 suivants.

578 5224 599 5291 ²¹)
616 5220 663 5277 'ct
684 5225 738 5288 In..
757 5224 809 5276 lib.
829 5224 879 5286 Ix,
898 5238 964 5290 cap.
984 5232 1068 5287 uxvr,
1087 5225 1133 5276 De
1152 5225 1296 5289 ulpiano.
