4300 6117
837 1007 1027 1061 mersurus
1049 1007 1231 1060 nonnum
1662 996 1704 1060 37

477 1230 518 1291 In
532 1225 763 1292 Testamento
786 1232 900 1293 veteri
925 1234 1007 1292 sunt
1030 1231 1115 1293 libri
1138 1231 1279 1311 legales,
1304 1231 1468 1301 morales,
1493 1229 1704 1310 prophetici,
1720 1226 1750 1289 3.

369 1338 606 1417 sapienciales
631 1340 667 1399 et
690 1337 870 1419 hystorici.

480 1443 665 1524 Nusquam
688 1447 808 1506 autem
830 1445 867 1505 in
890 1444 1074 1524 legalibus,
1106 1445 1142 1505 in
1169 1444 1299 1523 quibus
1327 1442 1561 1524 prohibentur
1584 1445 1705 1505 obser·

367 1551 537 1612 vaciones
554 1551 749 1623 stellarum,
774 1552 992 1613 somniorum
1008 1551 1156 1631 augurii,
1183 1553 1219 1612 et
1234 1551 1496 1612 familiaritates
1513 1550 1703 1630 gentilium,

367 1658 560 1719 interdicte
594 1658 758 1738 leguntur
791 1659 968 1720 lecciones
1003 1658 1178 1720 librorum
1212 1658 1381 1738 ipsorum.
1428 1656 1527 1719 Alias
1560 1655 1704 1739 Moyses

371 1766 527 1845 seipsum
551 1765 791 1845 dampnasset,
818 1783 961 1845 quoque
985 1767 1021 1826 et
1043 1764 1238 1837 Habraam,
1263 1767 1404 1845 patrem
1419 1784 1522 1826 suurn
1539 1767 1574 1826 et
1591 1765 1704 1844 gentis

367 1891 443 1945 sue,
468 1890 620 1951 quorum
643 1870 819 1951 quilibetl
853 1873 890 1933 in
920 1872 1083 1934 scienciis
1106 1873 1289 1953 gentilium
1317 1872 1576 1934 eruditissImus
1600 1872 1668 1933 fuit
1681 1870 1701 1933 ‘·’.

479 1977 521 2040 In
551 1980 653 2042 libris
684 1998 771 2041 vero
803 1980 1009 2051 moralibus,
1042 1980 1135 2040 sicut
1165 1981 1248 2040 sunt
1277 1978 1511 2041 Proverbia
1541 1980 1577 2041 et
1605 1977 1703 2040 Ecc·
1716 1972 1748 2034 4.

367 2085 629 2157 lesiasticus,
668 2105 739 2148 non
770 2086 886 2147 solum
913 2104 985 2147 non
1009 2086 1144 2147 vitatur
1171 2084 1397 2165 philosophia
1419 2086 1602 2156 naturalis,
1638 2085 1704 2147 sed

366 2193 578 2271 predicatur
604 2194 747 2272 ubique,
773 2211 853 2254 cum
875 2193 927 2253 illi
950 2193 1021 2254 duo
1047 2193 1242 2273 scriptores
1266 2193 1393 2254 famosi
1411 2194 1524 2254 totam
1540 2192 1702 2264 ethicam,

368 2301 435 2361 sub
460 2318 579 2361 rerum
605 2302 734 2361 natura
757 2300 922 2371 velatam,
954 2300 1196 2380 pulcherrime
1218 2300 1389 2380 pandant.
1435 2298 1539 2362 Unde
1564 2302 1705 2361 constat

367 2406 492 2478 eciam,
515 2408 547 2468 si
563 2404 732 2468 Salomon
755 2407 822 2468 hoc
846 2410 992 2478 taceret,
1019 2408 1117 2487 ipsos
1141 2408 1251 2468 fuisse
1273 2406 1503 2486 philosophos
1528 2409 1564 2468 et
1578 2408 1703 2486 poetas

368 2512 533 2594 insignes.

478 2618 733 2699 Prophete
777 2621 941 2700 denique,
987 2640 1054 2701 per
1090 2639 1180 2700 quos
1217 2621 1266 2682 ad
1301 2624 1439 2683 ceteros
1475 2620 1571 2682 Deus
1611 2622 1704 2682 estat
1718 2613 1748 2673 5·

366 2726 539 2805 loqutus,²
561 2746 634 2788 non
657 2728 764 2789 modo
786 2729 897 2789 libros
918 2719 1071 2809 'gentiles
1094 2747 1166 2789 non
1189 2728 1416 2801 interdicunt,
1440 2728 1506 2789 sed
1529 2728 1704 2789 docentur

365 2834 414 2895 ab
437 2834 519 2913 ipso
542 2833 619 2896 Deo
643 2834 678 2895 in
703 2835 753 2896 eis
778 2837 954 2905 contenta,
991 2853 1081 2914 quos
1105 2854 1208 2896 nemo
1232 2836 1412 2914 intelliget,
1444 2835 1513 2896 nisi
1535 2835 1582 2896 sit
1604 2853 1703 2896 secu·

368 2940 435 3000 lari
456 2941 613 3002 sciencia
638 2942 766 3003 clarus.
790 2940 847 3013 Et,
864 2945 905 3003 ut
921 2942 1254 3005 determinabilibus
1270 2943 1391 3022 puntis
1411 2941 1704 3021 philosophorum

366 3048 503 3120 sileam,
531 3048 610 3126 quis
635 3049 712 3110 sine
734 3048 931 3119 methaura,
955 3050 1034 3111 sine
1057 3049 1158 3110 libris
1182 3049 1229 3110 de
1252 3048 1337 3110 Celo
1366 3051 1401 3111 et
1423 3046 1569 3119 Mundo,
1595 3050 1703 3111 aude·

368 3154 422 3215 bit
453 3154 572 3234 legere
601 3174 710 3216 unum
738 3156 934 3235 capitulum
965 3154 1042 3228 Job,
1075 3156 1174 3235 quod
1198 3157 1252 3217 est
1276 3156 1494 3236 trigesimum
1526 3157 1702 3229 octavum,

368 3262 512 3340 plenum
535 3262 646 3333 lineis,
681 3262 858 3343 hystoriIS,
892 3264 1058 3335 numeris,
1093 3264 1257 3334 motibus
1293 3263 1481 3345 syderibus
1515 3265 1551 3324 et
1584 3262 1702 3325 huius·

366 3368 472 3440 modi,
514 3387 583 3447 que
617 3370 769 3431 maxime
807 3371 943 3432 arcium
977 3369 1179 3432 liberalium
1214 3372 1249 3431 et
1272 3370 1444 3432 naturalis
1468 3369 1702 3451 phylosophie

366 3477 542 3536 tractatus
566 3476 782 3554 requirunt?

476 3580 556 3643 Erit
590 3601 636 3644 ne
670 3584 864 3662 quisquam
893 3586 966 3644 tam
996 3584 1171 3662 impostor
1199 3586 1236 3646 et
1266 3584 1420 3653 effrenis,
1443 3583 1606 3645 veritatis
1630 3601 1700 3662 que
1713 3585 1745 3648 6.

365 3687 476 3749 hostis
501 3691 658 3768 apertus
690 3690 752 3769 qui
784 3691 920 3752 audeat
942 3688 1011 3750 fari
1038 3690 1199 3752 inlibris
1232 3690 1517 3770 sapiencialibus,
1548 3692 1588 3750 ut
1617 3693 1700 3752 sunt
1800 3738 1802 3743 .

365 3792 664 3866 Ecclesiastes,
697 3795 871 3858 Cantica
902 3795 1179 3868 Canticorum,
1220 3800 1256 3858 et
1290 3798 1383 3858 liber
1406 3797 1467 3875 qui
1496 3796 1701 3875 specialiter

369 3898 591 3981 Sapiencia
618 3907 854 3983 nuncupatur,
890 3904 1105 3965 secularium
1126 3904 1327 3965 litterarum
1355 3903 1596 3965 erudicionem
1620 3922 1699 3966 esse

368 4009 550 4088 negatam?
598 4008 692 4094 Quin
715 4010 840 4090 pocius
864 4011 998 4090 primus
1022 4029 1045 4072 a
1074 4010 1215 4072 nomine
1243 4010 1357 4073 tocius
1380 4010 1579 4092 dyalectice
1601 4010 1697 4090 leges

368 4116 524 4194 requirit,
565 4118 679 4178 omnis
714 4116 829 4179 ethice
863 4118 942 4178 iura
977 4118 1165 4196 percurrit,
1200 4120 1236 4179 et
1267 4136 1334 4197 per
1365 4117 1552 4197 quodlibet
1584 4118 1697 4179 scien·

368 4221 501 4283 ciarum
523 4226 668 4302 pratum
693 4225 813 4304 dirigit
835 4223 954 4286 calles.
1001 4221 1186 4286 Secundus
1210 4243 1296 4286 vero
1326 4225 1503 4286 amatoria
1524 4227 1637 4286 verba
1661 4225 1698 4286 in

370 4433 578 4445 ————-—

470 4648 502 4708 α)
521 4661 556 4691 .-.-.
575 4645 707 4698 locutus.

470 4818 491 4885 ¹)
511 4821 599 4873 Dans
618 4835 653 4874 sa
672 4822 813 4888 re'ponse,
832 4823 1029 4888 Epistolarto,
1048 4822 1140 4884 Ill-11²,
1168 4837 1198 4888 p.
1219 4822 1280 4885 218,
1306 4821 1337 4874 C.
1357 4822 1487 4874 Salutati
1511 4824 1697 4890 reprochera

366 4905 554 4962 &Dominici
580 4911 629 4963 cet
660 4911 774 4977 emploi
798 4910 899 4963 abusif
923 4911 964 4964 de
995 4912 1174 4977 «quilibet»,
1199 4926 1292 4963 nese
1313 4912 1496 4978 rapportant
1521 4912 1591 4979 qu't
1616 4913 1698 4965 deux

367 4998 473 5064 an'ets;
491 4999 514 5050 il
531 5000 580 5051 est
606 5000 735 5053 re'serve
762 5000 948 5053 d'ordInaire
972 5015 1052 5066 pour
1076 5014 1223 5067 marquer
1241 5000 1272 5053 la
1290 5000 1489 5053 distribution
1514 5002 1603 5053 entre
1627 5002 1697 5068 plus

366 5083 405 5137 de
420 5088 509 5140 deux.

470 5173 490 5240 ¹)
516 5176 576 5230 Sur
602 5178 683 5230 cette
708 5178 882 5245 pretendue
901 5178 1020 5231 science
1045 5144 1105 5230 des
1120 5177 1323 5245 patriarches,
1348 5178 1386 5231 cf.
1410 5178 1439 5231 S.
1459 5178 1631 5243 AUGUSTIN,
1649 5179 1696 5231 De

367 5259 449 5317 civit.
466 5268 533 5332 Det,
554 5265 843 5331 xvn1,xxxnr.1n
863 5266 955 5334 Oper.
976 5266 1117 5331 V11,col.
1139 5268 1255 5334 598'sq.
