4300 6117
824 1003 1011 1057 marmus
1036 1002 1218 1056 Domuum
1254 963 1257 971 ’
1644 992 1685 1053 65

355 1248 479 1290 earum
502 1229 716 1308 interpretes
741 1226 934 1307 evolveres,
958 1224 1049 1286 Nam
1073 1228 1110 1286 et
1132 1226 1169 1286 in
1184 1223 1309 1306 Moyse
1329 1225 1416 1286 etin
1432 1224 1688 1304 prophetarum

354 1335 594 1397 voluminibus
618 1337 654 1396 et
677 1334 838 1413 epistolis
862 1332 974 1403 Pauli,
1011 1332 1167 1412 quedam
1203 1332 1249 1393 de
1283 1332 1383 1393 libris
1418 1332 1599 1411 gentilium
1632 1351 1687 1393 as·

354 1445 498 1521 sumpta
521 1444 605 1503 sunt
617 1440 636 1501 1.
676 1440 715 1501 In
742 1440 1020 1501 Deuteronomio
1046 1457 1188 1519 quoque
1212 1437 1353 1499 Domini
1380 1457 1468 1499 voce
1492 1440 1689 1518 precipitur

354 1549 512 1610 mulieris
550 1549 691 1628 captive
715 1547 915 1608 radendum
940 1549 1049 1626 caput
1072 1548 1108 1607 et
1131 1546 1330 1625 supercilia,
1371 1563 1565 1625 omnesque
1596 1546 1687 1625 pilos

355 1659 392 1717 et
414 1666 548 1734 ungues
574 1655 734 1733 corporis
759 1653 1008 1733 amputandos,
1050 1654 1160 1714 etsie
1185 1671 1263 1714 eam
1291 1651 1456 1713 habendo
1494 1652 1685 1732 coniugio2.

355 1760 450 1846 Quid
474 1773 557 1841 ergo
581 1762 718 1832 mirum,
757 1762 787 1821 si
815 1772 878 1840 ego
903 1760 1016 1821 eciam
1055 1759 1273 1839 sapienciam
1309 1760 1505 1821 secularem
1540 1762 1688 1839 propter

355 1869 487 1948 eloquii
521 1871 745 1930 venustatem
780 1870 816 1929 et
851 1868 1093 1929 membrorum
1128 1865 1437 1945 pulchritudinem,
1478 1866 1523 1928 de
1557 1867 1688 1928 ancilla

354 1978 464 2054 atque
488 1976 632 2054 captiva
656 1974 828 2036 Israelitis
852 1976 972 2035 lacere
996 1974 1111 2053 cupio,
1144 1976 1179 2035 et
1203 1974 1232 2034 si
1257 1974 1344 2052 quid
1366 1974 1402 2033 in
1426 1992 1468 2034 ea
1493 1963 1506 2055 l*
1532 1975 1688 2035 mortite-

355 2102 433 2143 rum
458 2084 513 2143 est
534 2082 712 2162 ydolatrie
735 2082 793 2142 vel
813 2081 1008 2159 voluptatis
1032 2084 1069 2142 et
1091 2081 1222 2141 erroris
1246 2080 1443 2151 libidinum,
1468 2081 1526 2141 vel
1540 2081 1687 2161 precido

354 2188 411 2250 vel
435 2189 535 2260 rado,
572 2190 774 2267 mixtusque
797 2188 988 2267 purissimo
1013 2188 1156 2266 corpori
1179 2188 1425 2248 immaculatos
1450 2186 1600 2248 Domino
1625 2185 1687 2248 Sa·

355 2295 465 2357 baoth
488 2294 581 2356 filios
597 2314 640 2355 ex
656 2313 699 2356 ea
716 2307 884 2374 genero».
910 2294 986 2355 Hec
1004 2293 1201 2355 leronimus
1212 2292 1233 2354 ³.
1258 2292 1373 2378 Quam
1390 2294 1508 2355 lucide
1523 2294 1689 2373 splendet

355 2420 397 2463 ex
422 2402 499 2463 celo
524 2405 560 2463 et
580 2420 669 2463 voce
706 2404 760 2463 est
782 2402 962 2481 prolatum
986 2401 1109 2462 divina
1146 2402 1243 2480 quod
1267 2401 1468 2480 querimus!
1506 2399 1555 2463 Et
1589 2402 1688 2463 dum·

353 2508 461 2569 modo
485 2509 657 2570 secularis
683 2510 837 2570 sciencie
861 2509 1012 2570 radatur
1028 2511 1137 2587 caput
1156 2509 1366 2569 intencionis
1383 2511 1541 2588 profane,
1567 2528 1688 2588 super·

354 2615 436 2676 cilia
461 2632 604 2694 quoque
627 2633 719 2677 vane
743 2616 962 2685 ambicionis,
988 2618 1098 2694 atque
1122 2634 1244 2676 omnes
1268 2615 1330 2694 pili
1356 2616 1537 2694 superflue
1565 2616 1687 2677 locuti·

354 2721 442 2791 onis,
461 2739 531 2800 que
546 2722 726 2784 interdum
743 2722 910 2783 habenda
925 2740 992 2801 pro
1005 2725 1135 2784 ornatu
1150 2725 1331 2801 putantur,
1353 2740 1490 2791 necnon
1508 2724 1539 2783 si
1555 2735 1687 2803 ungues

352 2828 510 2889 infidelis
534 2830 746 2907 oppinionis,
773 2830 865 2890 sicut
888 2830 996 2890 mixte
1021 2832 1105 2890 sunt
1127 2830 1245 2890 littere
1268 2829 1453 2908 prelibate,
1483 2848 1528 2891 ne
1552 2831 1687 2891 animas

353 2935 479 2996 liceret
501 2936 723 2997 immanitate
747 2937 904 2998 crudelis
928 2938 1070 3007 erroris,
1102 2936 1344 3015 precidamur,
1370 2936 1418 2997 ad
1440 2936 1584 3015 plenum
1608 2949 1687 3017 gen·

354 3042 468 3102 tilium
491 3043 575 3102 libri
598 3043 665 3122 legi
690 3045 840 3122 possunt
864 3033 878 3125 11
903 3044 1056 3121 impune.
1082 3042 1272 3104 Addiciam
1297 3045 1332 3104 et
1348 3043 1581 3104 fundamenta
1602 3044 1687 3105 tidei

354 3148 551 3209 orthodoxe
575 3167 686 3227 super
711 3168 781 3228 quo
807 3152 883 3211 tota
907 3150 1149 3210 ecclesiastice
1173 3150 1310 3210 fabrice
1333 3152 1523 3221 structura,
1558 3152 1687 3229 opifice
1745 3228 1748 3235 Ι

352 3252 490 3333 Xpisto,
516 3257 707 3335 consurgit.
732 3255 793 3316 Ait
810 3257 903 3317 enim
926 3257 1111 3335 apostolus
1127 3255 1265 3326 Petrus,
1291 3256 1327 3315 in
1352 3256 1507 3335 quadam
1526 3258 1685 3336 epistola,

354 3360 643 3423 Itinerario
668 3361 953 3425 Clementis
987 3363 1174 3425 adiuncta:
1215 3362 1332 3424 «Cum
1357 3381 1400 3424 ex
1423 3364 1552 3425 divinis
1578 3366 1689 3443 scrip·

354 3468 442 3529 turis
466 3470 639 3549 integram
664 3470 753 3548 quis,
789 3472 824 3531 et
847 3472 988 3531 firmam
1013 3470 1171 3549 regulam
1196 3471 1358 3531 veritatis
1383 3471 1589 3549 susceperit,
1626 3473 1687 3533 ab·

353 3576 501 3637 surdum
537 3595 606 3637 non
632 3578 708 3644 erit,
749 3578 778 3637 si
802 3577 940 3656 aliquid
964 3578 1078 3637 eciam
1104 3596 1147 3637 ex
1171 3577 1375 3638 erudicione
1410 3595 1452 3637 ac
1479 3577 1686 3639 liberalibus

352 3681 490 3752 studiis,
531 3700 600 3761 que
624 3684 718 3744 forte
747 3685 784 3744 in
808 3684 969 3763 puericia
992 3684 1120 3763 attigit,
1160 3684 1209 3744 ad
1242 3684 1480 3745 assercionem
1504 3686 1579 3744 veri
1604 3685 1688 3763 dog·

352 3789 457 3849 matis
483 3790 660 3850 conferat:
700 3790 751 3851 ita
775 3792 895 3851 tamen
918 3794 966 3861 ut,
992 3792 1053 3851 ubi
1077 3809 1165 3851 vera
1189 3790 1323 3861 didicit,
1349 3790 1441 3851 falsa
1465 3793 1501 3851 et
1522 3791 1687 3851 simulata

351 3894 528 3956 detinet».
563 3894 640 3957 Hec
663 3897 713 3958 ibi
726 3894 748 3957 ⁴.

348 4105 566 4113 .——————

460 4277 481 4341 ¹)
501 4279 545 4332 ef.
561 4294 655 4346 supra
674 4296 703 4347 p.
723 4282 758 4334 50
777 4296 822 4348 sq.

458 4366 480 4434 ²)
498 4370 620 4422 Denter.
639 4369 718 4431 XXI,
738 4369 829 4421 10-14.

460 4454 482 4521 ³)
501 4457 530 4510 S.
555 4458 642 4509 HIER.
674 4460 774 4525 Epist.
801 4460 891 4511 LXX
911 4462 954 4512 ud
971 4463 1118 4529 Magnum
1147 4464 1260 4513 orator.
1299 4462 1368 4514 Urb.
1387 4462 1511 4519 Romae.
1542 4463 1577 4513 In
1598 4462 1687 4530 Oper.

350 4548 371 4610 1,
387 4548 451 4607 666,
469 4543 487 4613 5
506 4547 532 4598 2.
570 4548 648 4613 De‘ja
667 4548 699 4599 C.
718 4547 848 4600 Salutati
873 4550 956 4601 avait
980 4548 1037 4603 tait
1055 4558 1150 4617 usage
1168 4551 1208 4602 de
1226 4566 1261 4602 ce
1286 4551 1378 4612 texte,
1405 4553 1511 4603 contre
1538 4552 1599 4604 Fra
1619 4553 1688 4604 Gio·
1780 4618 1784 4631 Ι

351 4638 445 4691 vanni
468 4637 508 4689 da
525 4636 732 4689 Samminiato.
770 4637 814 4689 Cl.
834 4638 1033 4703 Epistolario,
1052 4639 1152 4690 1v-1P.
1172 4654 1200 4706 p.
1222 4639 1347 4692 187-188.

459 4721 481 4787 ⁴)
506 4725 532 4775 Il
557 4724 644 4792 s'agit
668 4726 723 4793 des
743 4726 975 4794 Recognitiones
1000 4742 1136 4780 connues
1156 4728 1239 4780 aussi
1262 4743 1334 4781 sous
1353 4729 1383 4780 le
1407 4730 1479 4781 titre
1506 4729 1545 4780 de
1570 4727 1685 4792 περίοδοι

351 4809 457 4876 Πέτρου
476 4810 492 4859 ὁ
508 4810 667 4877 Κλήμεντος,
694 4816 897 4876 Itinerurium,
930 4818 1067 4879 historia,
1095 4819 1182 4884 gesta
1217 4817 1385 4869 Clementis.
1425 4818 1480 4870 cet
1510 4820 1585 4870 e'crit
1615 4820 1687 4871 etait

351 4902 461 4968 depuis
480 4902 655 4970 longtemps
674 4905 836 4956 considere
855 4919 973 4956 comme
992 4906 1181 4973 apocryphe.
1211 4906 1259 4959 On
1277 4907 1313 4959 lit
1332 4921 1371 4958 en
1389 4906 1465 4959 ettet
1483 4907 1561 4959 dans
1580 4909 1609 4959 16
1628 4904 1689 4959 De‘·

350 4995 418 5044 oret
440 4992 481 5043 de
499 4990 636 5043 Gratien.
667 4992 738 5059 Cap.
761 4993 922 5045 Clementis
947 4993 997 5045 111.
1016 4994 1093 5046 Dist.
1120 4994 1202 5045 XVI:
1240 4994 1426 5048 «Clementis
1450 4996 1569 5058 tibrum,
1594 4999 1691 5048 idest

351 5079 438 5132 Petri
454 5080 599 5145 Apostoli
615 5082 810 5135 Itinerurium
837 5083 868 5132 et
885 5081 1106 5148 Apostolorum
1127 5083 1267 5136 Canones
1293 5086 1457 5136 numerant
1475 5086 1583 5138 Patres
1605 5086 1687 5138 inter

350 5168 540 5237 apocrypha,
567 5171 704 5236 exceptis
732 5170 952 5237 quinquaginta
978 5172 1127 5237 capitulis,
1153 5188 1233 5239 quae
1261 5173 1468 5225 decreverunt
1498 5174 1688 5227 orthodoxae

349 5257 426 5311 tidei
454 5258 687 5325 adjungenda.»
727 5260 879 5311 Dominici
905 5276 923 5311 a
949 5262 1113 5327 emprunte
1144 5263 1224 5314 cette
1254 5262 1380 5314 citation
1405 5278 1444 5314 au
1470 5260 1590 5324 De'oret,
1615 5263 1687 5329 Cap.

1567 5382 1580 5423 5
