4300 6117
836 997 1023 1052 IOHANNIS
1045 997 1228 1052 DOMINICI
1634 987 1699 1050 417

368 1223 461 1284 verti
484 1225 611 1303 patere
633 1221 767 1284 invidie
790 1222 952 1302 proximi,
978 1224 1044 1283 etc.
1060 1242 1075 1275 s
1091 1219 1112 1282 ¹.
1137 1253 1179 1262 —
1204 1219 1275 1281 Alii
1299 1236 1439 1282 omnem
1462 1221 1699 1292 solitudinem,

370 1347 478 1408 qnam
500 1329 666 1410 premissi
688 1329 897 1409 predicasse
927 1328 1104 1399 videntur,
1129 1328 1380 1389 universaliter
1419 1327 1624 1408 dampnant,
1650 1328 1702 1390 di·

370 1439 515 1498 centes:
543 1435 629 1499 «Ve
652 1437 720 1498 soli
744 1456 751 1498 ε
777 1436 862 1515 quia
884 1436 915 1497 si
939 1435 1121 1507 ceciderit,
1146 1453 1217 1497 non
1232 1434 1342 1496 habet
1357 1435 1604 1497 sublevantem
1618 1454 1657 1498 se
1673 1459 1700 1510 s,

370 1563 450 1605 cum
472 1544 620 1622 reliquis
644 1561 714 1622 que
737 1542 930 1605 secuntur².
956 1542 1032 1604 Iam
1053 1545 1305 1623 precesserant
1326 1541 1477 1604 Athalas
1500 1545 1535 1604 et
1559 1541 1702 1605 Prome·

369 1650 482 1722 theus,
510 1651 690 1730 astrologi,
724 1668 795 1712 non
826 1650 952 1730 paucis
986 1665 1161 1711 annorum
1185 1649 1363 1722 decennis,
1389 1650 1450 1727 qui
1472 1647 1636 1711 fortassis
1660 1669 1703 1711 ex

369 1757 528 1819 siderum
550 1758 706 1819 motibus
729 1757 965 1824 inevitabiles,
990 1758 1098 1837 prout
1136 1755 1352 1835 quibusdam
1387 1757 1480 1818 male
1518 1758 1642 1829 visum,
1667 1759 1703 1818 et

369 1865 655 1945 pronunciabant
679 1867 837 1936 eventus,
861 1865 1022 1926 dicentes
1046 1864 1197 1943 singuli:
1225 1862 1345 1925 «Vidi
1368 1866 1514 1926 cunctos
1531 1865 1701 1936 viventes,

369 1973 431 2050 qui
475 1973 660 2034 ambulant
696 1973 763 2033 sub
798 1972 883 2042 sole,
919 1990 1000 2032 cum
1044 1971 1273 2033 adolescente
1321 1971 1489 2044 secundo,
1524 1973 1584 2050 qui
1621 1990 1702 2033 con·

369 2082 489 2158 surget
512 2097 579 2159 pro
603 2097 655 2151 eo,
680 2083 716 2139 et
741 2075 1188 2158 reliqua»³.-Fortassis
1214 2078 1250 2138 in
1274 2078 1480 2158 capitulo
1503 2087 1554 2138 v⁰
1578 2082 1702 2141 narrat

320 2185 323 2192 '
369 2203 408 2247 se
431 2186 559 2266 legisse
582 2185 758 2264 quosdam
780 2185 967 2247 credentes
990 2185 1151 2247 homines
1175 2185 1334 2265 angelico
1357 2186 1553 2247 ministerio
1576 2187 1702 2265 guber·

369 2293 458 2364 nari,
481 2295 518 2354 et
540 2283 554 2375 {l
580 2310 707 2372 preces
731 2295 873 2354 nostras
896 2311 963 2373 per
985 2293 1130 2371 angelos
1160 2290 1343 2354 Altissimo
1376 2294 1586 2372 presentari,
1612 2311 1702 2372 quos
1785 2285 1815 2346 Β
1833 2284 1925 2346 1οΨο

369 2400 513 2461 demum
536 2402 679 2461 secutus
703 2402 758 2461 est
781 2397 886 2460 Plato
925 2418 1005 2461 cum
1042 2400 1126 2472 suis,
1163 2398 1419 2479 distinguentes
1458 2404 1703 2463 verumtamen

369 2506 463 2568 inter
484 2507 597 2567 bonos
622 2509 658 2568 et
680 2506 804 2568 malos.
828 2505 987 2567 Fuerunt
1004 2506 1233 2568 sacerdotum
1249 2511 1284 2568 et
1299 2506 1491 2586 gentilium,
1504 2507 1546 2567 in
1558 2507 1702 2570 eodem

369 2613 537 2693 capitulo,
561 2613 724 2674 devotis
747 2613 996 2693 persolvendis
1020 2616 1055 2675 et
1080 2613 1220 2692 reliquo
1241 2613 1313 2675 alio
1327 2614 1423 2675 cultu
1448 2632 1595 2676 suorum
1619 2615 1702 2676 deo·

370 2739 449 2780 rum
471 2721 627 2782 monitus
650 2723 783 2792 narrat,
810 2720 956 2782 dicens:
983 2719 1069 2782 «Ne
1101 2723 1236 2782 temere
1269 2721 1356 2800 quid
1387 2721 1555 2800 loquaris,
1586 2741 1703 2802 neque

369 2846 433 2889 cor
454 2829 555 2888 tuum
577 2828 624 2889 sit
647 2828 750 2889 velox
773 2827 821 2889 ad
845 2826 1101 2907 proferendum
1124 2846 1371 2900 sermonem»,
1395 2847 1509 2908 usque
1528 2828 1702 2892 adfinem

371 2934 519 3014 capituli
535 2933 557 2995 ⁴.

477 3039 555 3102 Hac
580 3042 671 3103 enim
693 3041 922 3103 indubitabili
960 3042 1112 3104 veritate
1146 3043 1342 3122 supposita,
1377 3044 1474 3121 quod
1499 3047 1624 3106 contra
1648 3030 1769 3106 er-11·

369 3165 470 3209 rores
493 3147 652 3228 disputet
676 3148 905 3218 ethnicorum
930 3149 1028 3227 quod
1051 3148 1136 3227 quia
1158 3149 1356 3229 prudenter
1379 3153 1414 3212 et
1453 3150 1618 3228 ordinate
1652 3152 1701 3214 lo·

370 3257 511 3334 quatur,
543 3255 706 3316 similiter
728 3255 826 3334 loqui
839 3258 894 3317 est
906 3273 1061 3317 necesse.
1086 3254 1140 3316 Ex
1163 3247 1396 3339 prescenciall
1422 3276 1565 3337 quoque
1580 3259 1703 3320 diviua
1777 3245 1920 3310 L12⁰vo

370 3363 485 3423 minus
509 3381 579 3423 non
605 3363 697 3423 bene
721 3365 902 3443 percepta,
928 3363 1051 3441 quanti
1074 3364 1174 3424 fuere
1198 3366 1352 3443 suntque
1374 3365 1411 3425 iu
1435 3366 1509 3426 vita
1544 3368 1703 3445 presenti

370 3471 531 3530 tenentes
554 3469 601 3530 de
624 3469 838 3547 necessitate
862 3471 981 3532 omnia
1018 3470 1172 3541 evenire,
1200 3489 1360 3549 quorum,
1386 3473 1453 3533 sub
1490 3473 1702 3536 brevissimo

371 3578 479 3646 textu,
504 3578 577 3637 tres
601 3577 764 3638 raciones
787 3577 897 3657 ponit,
911 3575 1032 3638 iniine
1055 3579 1253 3657 capituli
1277 3580 1403 3651 sexti,
1429 3579 1574 3642 dicens:
1599 3579 1702 3664 «Qui

369 3681 510 3744 futurus
534 3686 597 3757 est,
622 3684 694 3744 iam
728 3687 895 3746 vocatum
928 3686 984 3745 est
1011 3702 1139 3746 nomen
1163 3685 1264 3759 eius;
1290 3688 1325 3747 et
1349 3687 1461 3748 scitur
1475 3687 1573 3766 quod
1596 3687 1702 3751 homo

369 3790 425 3862 sit,
450 3793 485 3851 et
508 3809 580 3853 non
602 3791 716 3870 possit
739 3793 866 3852 contra
889 3791 1079 3852 forciorem
1103 3809 1143 3852 se
1181 3791 1218 3853 in
1255 3793 1390 3855 iudicio
1415 3795 1633 3857 contendere
1650 3815 1665 3850 »
1680 3793 1701 3857 ⁵.

373 3930 411 3937 —
436 3895 561 3959 Verba
584 3901 666 3960 sunt
688 3898 843 3978 plurima
871 3898 1055 3977 multaque
1086 3901 1123 3960 in
1152 3897 1371 3980 disputando
1401 3901 1577 3964 habencia
1605 3905 1702 3964 vani·

371 4006 492 4065 tatem.

482 4110 551 4172 Hic
571 4114 691 4192 potest
713 4112 828 4173 videri
858 4110 1166 4175 Achademicos
1197 4132 1220 4175 a
1247 4115 1427 4194 prioribus
1449 4115 1618 4178 habuisse
1652 4099 1770 4178 ni·12·

371 4217 442 4279 chil
463 4220 605 4298 penitus
629 4220 722 4291 sciri,
747 4219 809 4280 ubi
832 4220 920 4281 dicit
942 4220 980 4279 in
1004 4220 1207 4300 capitulo
1229 4227 1318 4282 v11⁰
1344 4241 1351 4282 :
1394 4241 1408 4274 ‹
1436 4221 1531 4306 Quid
1554 4225 1703 4303 prodest

370 4324 503 4387 homini
526 4326 663 4387 maiora
686 4345 726 4387 se
749 4345 909 4406 querere,
935 4340 1015 4387 cum
1038 4327 1176 4406 ignoret
1216 4327 1304 4407 quid
1341 4329 1521 4410 contingat
1560 4331 1628 4393 sibi
1666 4332 1703 4393 in

370 4433 444 4493 vita
468 4451 534 4494 sua
548 4437 562 4466 ²
582 4453 596 4486 »
613 4431 634 4494 ’ἱ
660 4432 737 4495 Hoc
762 4434 855 4495 enim
867 4435 934 4495 luit
949 4452 1058 4494 unum
1070 4438 1358 4514 argumentorum
1371 4435 1700 4499 Achademicorum.

477 4735 511 4795 a)
530 4760 563 4768 -
584 4747 648 4784 sua.

479 4871 499 4938 ¹)
518 4873 563 4927 cf.
582 4875 692 4936 Enete,
710 4876 737 4927 4.

478 4959 603 5027 ²)1bid,
623 4964 666 5016 10.

479 5049 499 5118 ³)
517 5053 604 5113 luta,
620 5052 669 5116 1v,
689 5054 731 5106 15.

477 5138 499 5204 ⁴)
517 5142 602 5205 lbra..
623 5141 657 5204 V,
678 5143 702 5194 1.

478 5226 499 5294 r)
517 5231 603 5294 Ibid,
623 5231 672 5292 VI,
694 5233 737 5285 10.

478 5316 499 5384 8)
517 5321 603 5384 Ibid,
621 5320 685 5384 VII,
705 5322 730 5372 1.
748 5321 905 5373 variante.
