4300 6117
963 833 1051 897 76
1966 846 2286 899 LUCULA
2331 844 2611 899 NOCTIS

1950 1593 2368 1699 [CAPUT
2430 1593 2642 1700 ΙΧ.]
2747 1729 2752 1734 .

1179 1930 1515 2018 [B]onum
1563 1940 1699 2000 erit
1764 1937 2090 2000 fortassis
2141 1941 2214 1999 et
2265 1939 2438 2000 utile
2486 1939 2588 2000 sic
2637 1938 3006 2019 silogizare
3058 1943 3224 2019 post
3269 1940 3627 2001 racionem

963 2046 1330 2106 octavam:
1407 2043 1808 2125 Religio
1854 2044 2424 2125 Xpistiana
2487 2048 2637 2106 est
2703 2046 2924 2107 sola
2971 2046 3625 2108 universalis

962 2151 1360 2231 religio.
1442 2150 1772 2231 Igitur
1817 2152 1937 2212 ad
1982 2153 2310 2214 solam
2383 2153 2995 2231 religionem
3060 2154 3361 2214 istam
3406 2171 3628 2232 per·

963 2258 1229 2319 tinet
1276 2278 1580 2321 nosse
1627 2278 1993 2322 omnem
2043 2261 2637 2322 doctrinam.
2714 2257 2894 2320 Sed
2944 2257 3256 2321 Sacra
3304 2258 3628 2339 Scrip-

964 2366 1192 2453 tura
1239 2385 1424 2427 non
1472 2369 1628 2428 est
1673 2367 1992 2429 omnis
2040 2366 2565 2440 doctrina,
2616 2385 2769 2428 seu
2818 2385 3187 2428 omnem
3235 2366 3626 2428 doctri-

964 2476 1229 2533 nam²
1299 2492 1486 2534 non
1535 2474 1892 2535 tradit.
1966 2472 2291 2553 Igitur
2336 2476 2703 2553 preter
2748 2491 3112 2535 sacras
3157 2472 3625 2534 Litteras

961 2583 1383 2658 oportet
1449 2578 2106 2660 Xpistianum
2183 2583 2598 2642 ceteras
2675 2581 3112 2642 litteras
3182 2598 3506 2642 nosse.

1184 2686 1303 2746 Pri
1318 2706 1510 2747 mum
1556 2671 2017 2767 assumptum,
2067 2692 2412 2766 tanquam
2461 2690 2721 2757 notum,
2774 2688 3097 2765 relinquo
3147 2687 3407 2748 clarius
3456 2686 3622 2758 sole,

965 2809 1122 2852 cum
1191 2793 1325 2854 soli
1382 2791 1737 2874 Xpistiani
1808 2795 2142 2856 dicantur
2214 2795 2544 2856 catholici
2621 2797 2692 2855 et
2737 2793 3133 2856 Ecclesiam
3203 2793 3626 2855 catholicam

964 2899 1273 2960 reddere
1328 2919 1562 2973 unam,
1611 2902 1681 2963 in
1732 2902 1990 2980 quibus
2038 2904 2315 2962 tantum
2362 2902 2605 2981 religio
2652 2902 2858 2981 viget,
2893 2904 2965 2962 et
2993 2902 3067 2961 in
3100 2901 3355 2961 ceteris
3391 2900 3625 2961 nacio-

963 3005 1171 3066 nibus
1236 3025 1378 3068 non
1424 3008 1667 3087 religio
1715 3009 1846 3070 sed
1890 3011 2085 3070 secte
2156 3011 2281 3069 ant
2326 3007 2671 3070 factiones
2721 3009 3190 3087 reperiantur,
3259 3008 3442 3068 sicut
3490 3007 3624 3068 ele·

959 3116 1211 3191 gauter
1255 3114 1329 3174 in
1376 3114 1560 3176 libro
1607 3114 1733 3177 De
1779 3114 2041 3176 Vera
2087 3114 2492 3194 Religio
2522 3113 2678 3176 ne¹
2727 3117 2797 3176 et
2848 3117 3194 3176 contra
3239 3112 3624 3194 Episto-

955 3219 984 3279 1
1007 3237 1051 3279 a
1076 3238 1145 3279 m
1223 3219 1282 3280 F
1307 3240 1353 3281 u
1380 3240 1427 3281 n
1451 3221 1501 3282 d
1528 3241 1573 3283 a
1592 3241 1661 3282 m
1692 3241 1731 3284 e
1755 3242 1802 3282 n
1828 3223 1900 3283 ti
1926 3222 1948 3258 ²
2021 3223 2232 3284 divus
2312 3223 2600 3283 instruit
2674 3221 3124 3302 Augustinus,
3218 3220 3377 3283 Hoc
3455 3239 3623 3282 vero

953 3329 1431 3406 presuposito,
1491 3330 1724 3408 prima
1772 3330 2291 3407 consequencia
2338 3332 2556 3409 patet.
2618 3328 2799 3389 Nam
2845 3327 3295 3408 Xpistianum
3341 3329 3626 3407 oportet

955 3450 1114 3494 esse
1146 3435 1572 3508 bubulcum,
1621 3439 2004 3516 pastorem,
2055 3454 2424 3516 aucupem,
2473 3437 2924 3516 piscatorem,
2971 3438 3406 3507 venatorem,
3457 3453 3623 3495 nau-

953 3540 1118 3612 tam,
1172 3559 1566 3615 cursorem,
1616 3542 1984 3614 artificem,
2057 3543 2497 3614 bellatorem,
2566 3543 2939 3614 medicum,
3018 3543 3468 3615 advocatum,
3525 3542 3625 3602 iu·

955 3646 1210 3718 dicem,
1303 3651 1803 3721 consultorem,
1874 3650 2411 3728 ,predicatorem
2429 3695 2442 3722 ,
2521 3667 2726 3711 sacre
2800 3647 3168 3729 Scripture
3236 3650 3621 3720 doctorem,

954 3757 1329 3827 rectorem,
1388 3756 1707 3817 divinum
1755 3757 2117 3829 cultorem,
2171 3759 2452 3818 castum
2482 3757 2599 3816 vel
2632 3757 3039 3835 genitorem,
3094 3758 3163 3816 et
3192 3755 3399 3816 huius
3430 3754 3624 3816 modi

957 3880 1097 3943 que
1129 3880 1304 3941 spec
1316 3865 1471 3924 tant
1516 3863 1612 3924 ad
1650 3865 1871 3924 vitam
1916 3864 2255 3925 socialem
2303 3867 2376 3925 et
2420 3864 2571 3924 sine
2605 3863 2862 3941 quibus
2903 3863 3329 3924 universitas
3376 3865 3625 3922 sancta

952 3980 1093 4031 non
1143 3971 1606 4032 constituitur
1667 3971 1741 4031 in
1787 3987 1946 4031 esse
1991 3972 2334 4049 perfecto.
2411 3968 2532 4030 Hii
2580 3988 2750 4031 vero
2823 3969 3159 4041 homineS,
3239 3970 3300 4030 si
3345 3969 3624 4048 precise

953 4078 1223 4138 scirent
1260 4096 1516 4138 sacras
1547 4075 1859 4138 Litteras
1892 4079 1964 4138 et
1995 4077 2395 4138 naturalem
2426 4076 2774 4157 phisicam
2807 4073 3230 4156 ignorarent,
3280 4075 3377 4137 ad
3407 4074 3623 4136 finem

953 4203 1081 4246 sue
1127 4184 1304 4245 artis
1354 4203 1718 4263 nunquam
1763 4184 2106 4256 venirent,
2176 4186 2248 4244 et
2297 4183 2606 4245 humana
2651 4184 2799 4244 vita
2845 4184 3129 4262 penitus
3178 4182 3542 4262 deperiret
3569 4174 3619 4243 Β.

957 4290 1289 4351 Rusti-:os
1344 4292 1635 4371 quidem
1682 4292 1896 4353 docet
1925 4291 2191 4370 Pagina
2238 4309 2448 4353 sacra
2509 4292 2677 4369 quia
2747 4294 2856 4352 est
2902 4293 3180 4370 tempus
3228 4288 3622 4351 seminandi

1287 4507 1379 4514 —.

1167 4694 1231 4745 rs]
1289 4715 1352 4725 —
1418 4688 1530 4742 sed
1581 4702 1759 4742 sacra
1815 4689 2120 4755 scriptura
2170 4703 2297 4740 non
2347 4690 2443 4740 est
2482 4688 2677 4741 omnis
2728 4687 3009 4741 doctrina
3048 4703 3165 4741 seu
3200 4701 3446 4740 omnem
3482 4686 3621 4738 doc-

956 4782 1191 4826 trinam.
1271 4779 1330 4840 b)
1374 4777 1474 4830 En
1509 4785 1720 4844 marge
1757 4779 1818 4830 et
1854 4777 2036 4830 d’une
2075 4779 2254 4830 autre
2290 4777 2488 4829 main:
2528 4777 2761 4829 salutis

1175 4930 1207 4990 'jv
1251 4930 1306 4982 S.
1347 4929 1524 4992 AUG„
1560 4931 1655 4981 De
1691 4944 1837 4981 vera
1874 4929 2200 4996 Religione,
2237 4937 2304 4979 VI
2340 4929 2403 4980 et
2441 4942 2532 4994 sq.
2574 4928 2646 4980 In
2689 4927 2869 4995 Oper.
2909 4926 3008 4989 111,
3048 4927 3151 4979 127
3184 4941 3271 4993 sq.

1171 5022 1207 5078 *st
1247 5018 1334 5070 ID.
1380 5017 1603 5071 Contra
1641 5019 1842 5085 Epist.
1881 5018 2234 5070 Manichaei
2267 5033 2452 5082 quam
2490 5019 2710 5069 vocant
2743 5017 3169 5078 Fundamenti,
3196 5015 3293 5067 IV.
3332 5015 3404 5067 In
3442 5013 3621 5081 Oper.

960 5118 1079 5170 vm,
1127 5110 1239 5158 125,
