4300 6117
805 1014 991 1068 IOHANNIS
1013 1013 1193 1067 DOMINICI

329 1240 446 1301 nantis
479 1239 678 1309 arbitrium,
711 1239 819 1299 talem
850 1237 947 1317 parit
981 1237 1159 1298 libertatis
1187 1239 1373 1315 aspectum
1392 1255 1419 1296 ».
1449 1268 1483 1277 --
1508 1235 1665 1296 Facilius

330 1348 464 1426 quippe
487 1349 550 1418 est,
576 1347 606 1407 si
630 1345 751 1407 dicere
776 1347 831 1406 ias
856 1347 918 1415 est.
959 1362 1081 1405 errare
1115 1345 1290 1415 naturam,
1326 1361 1435 1422 quam
1456 1342 1666 1403 dissimilem

330 1454 497 1533 princeps
521 1454 634 1533 possit
657 1451 813 1514 formare
837 1452 1104 1530 rempublicam.
1130 1448 1164 1511 Is
1189 1451 1282 1511 enim
1305 1452 1423 1530 potest
1452 1450 1542 1511 alios
1573 1450 1665 1510 bene

332 1571 463 1640 regere,
489 1560 605 1638 quise
629 1559 750 1620 studet
774 1559 840 1620 sub
858 1559 988 1620 decore
1005 1561 1163 1620 tractare
1178 1557 1319 1618 vetusti.
1336 1555 1514 1635 Equidem
1530 1557 1668 1618 dictum

332 1664 491 1728 Socratis
524 1667 615 1728 luit:
640 1664 709 1751 Qui
744 1666 935 1727 multarum
965 1683 1086 1727 rerum
1114 1666 1329 1744 potestatem
1363 1663 1481 1736 habet,
1512 1665 1666 1743 primum

331 1786 484 1854 purgare
508 1773 769 1834 conscienciam
792 1773 909 1842 debet,
935 1775 983 1842 ut,
1023 1772 1085 1850 qni
1119 1771 1251 1833 delicto
1276 1772 1420 1851 corrigit
1443 1771 1570 1840 aliena,
1595 1790 1667 1832 non

332 1881 500 1942 admittat
522 1880 681 1957 vitetque
705 1880 803 1959 qnod
825 1879 992 1941 vindicat.
1025 1878 1179 1940 Stultum
1203 1882 1257 1939 est
1281 1878 1373 1939 enim
1405 1880 1443 1939 ut
1470 1879 1558 1939 velit
1586 1879 1666 1957 quis

332 1987 411 2049 aliis
437 1988 623 2066 imperare,
650 2005 730 2048 cnm
753 1987 821 2048 sibi
845 1987 914 2066 ipsi
937 1988 1115 2065 imperare
1140 2004 1210 2046 non
1234 1985 1356 2065 possit.
1388 1983 1447 2046 Sic
1466 1987 1572 2054 enim
1596 1986 1667 2065 agi·

333 2098 392 2155 tur
427 2112 578 2155 censura
620 2097 655 2154 et
696 2095 747 2155 sic
790 2093 952 2173 exempla
997 2097 1180 2173 parantur,
1217 2111 1297 2153 cum
1326 2091 1433 2152 iudex
1456 2092 1544 2153 alios
1569 2091 1668 2171 quod

333 2202 453 2262 monet
476 2201 553 2278 ipse
574 2201 669 2261 iacit.
694 2199 749 2262 De
771 2201 872 2262 vultu
896 2203 967 2272 tuo,
993 2186 1136 2262 cuidam
1159 2199 1313 2278 principi
1337 2199 1472 2260 dictum
1495 2202 1559 2269 est,
1577 2199 1667 2260 iudi·

334 2309 428 2368 cium
457 2308 610 2386 prodeat
634 2305 654 2367 ¹.
688 2307 768 2369 Non
797 2312 916 2368 autem
947 2308 1056 2369 talem
1087 2307 1348 2368 conscienciam
1383 2305 1561 2377 formabit.
1598 2325 1667 2384 que

334 2414 467 2476 debeat
488 2411 616 2476 fideles
639 2427 765 2493 urgere
789 2414 837 2476 ad
860 2415 1036 2494 primam:
1061 2414 1203 2475 divinas
1226 2403 1240 2495 {i
1264 2412 1359 2493 leges
1383 2413 1545 2475 humanis
1569 2416 1667 2475 ante·

334 2539 477 2601 ponere.
502 2521 642 2600 spiritui
675 2522 830 2583 subdere
867 2540 1009 2583 carnem
1046 2524 1082 2583 et
1116 2521 1300 2600 opiniones
1335 2521 1500 2600 proprias
1537 2521 1668 2582 eternis

335 2629 526 2698 refrenare.
553 2629 620 2688 uisi
644 2646 713 2707 que
738 2632 837 2691 esta
861 2628 1012 2690 Domino
1035 2629 1210 2708 inspirata
1234 2629 1410 2690 catholica
1433 2628 1535 2698 fides,
1561 2646 1668 2705 quam

335 2734 434 2796 iuxta
458 2735 638 2813 eloquium
662 2734 774 2806 Pauli.
799 2736 921 2797 mundi
944 2735 1048 2798 huius
1072 2735 1294 2814 principatus
1318 2753 1388 2795 non
1411 2737 1519 2796 novit.

364 2859 366 2862 ·
439 2840 597 2921 Ideoque
620 2843 650 2902 si
681 2843 752 2903 alia
786 2843 931 2922 pericia.
957 2843 1093 2923 legibus
1131 2842 1294 2921 demptis.
1318 2842 1455 2902 animos
1489 2841 1738 2909 hominum10.

337 2947 385 3007 ad
408 2949 565 3028 regimen
593 2950 808 3010 nutritorum
832 2950 978 3029 expedit
1000 2949 1178 3020 decorari,
1203 2948 1277 3010 fide
1294 2949 1470 3010 communi
1484 2949 1670 3027 premissa,

338 3071 442 3115 sacra
465 3052 653 3135 Scriptura
678 3057 747 3117 erit
769 3056 896 3117 horum
914 3055 1076 3136 perlecta
1094 3057 1273 3136 magistra,
1291 3074 1360 3135 que
1377 3056 1500 3117 tribuit
1526 3055 1672 3133 singulis

338 3161 497 3223 remedia
521 3162 663 3224 casibus
688 3165 900 3243 opportuna.
926 3163 1016 3224 Utar
1038 3162 1095 3224 hic
1118 3182 1185 3243 pro
1208 3165 1360 3224 veritate
1394 3165 1567 3241 concepta
1590 3163 1673 3223 sub·

338 3267 429 3328 sidio
452 3267 655 3341 Ysidori‚
681 3271 774 3331 libro
797 3269 857 3331 De
881 3270 1061 3332 Summo
1085 3269 1227 3342 Bono,
1252 3271 1419 3331 dicentis:
1447 3267 1569 3354 «Quid
1592 3287 1673 3348 pro·

339 3374 419 3435 dest
454 3376 490 3435 in
518 3376 706 3438 mundanis
740 3377 918 3457 prolicere
953 3377 1125 3439 doctrinis
1162 3379 1198 3438 et
1225 3378 1432 3438 inanescere
1456 3377 1491 3436 in
1527 3376 1673 3448 divinis3

340 3481 476 3543 caduca
510 3484 611 3562 sequi
646 3485 814 3565 figmenta
850 3487 886 3546 et
920 3485 1067 3546 celestia
1090 3485 1262 3545 iastidere
1292 3485 1480 3545 misteria?
1515 3481 1675 3543 Cavendi

340 3588 444 3668 igitur
467 3593 551 3651 sunt
585 3592 673 3652 tales
707 3591 798 3662 libri.
829 3593 865 3652 et
899 3593 1047 3671 propter
1082 3610 1239 3652 amorem
1275 3594 1478 3652 sanctarum
1515 3589 1672 3668 Scriptu-

341 3711 461 3756 rarum
484 3697 630 3766 vitandi,
656 3699 717 3776 qui
741 3699 896 3760 exterius
920 3699 1130 3776 eloquencia
1154 3699 1347 3759 verborum
1382 3698 1496 3758 nitent
1527 3700 1563 3758 et
1585 3698 1673 3758 inte·

341 3802 413 3864 rius
437 3805 541 3864 vacui
564 3806 707 3866 virtutis
731 3807 922 3886 sapiencia·
937 3808 1100 3878 manent;
1126 3805 1269 3885 eloquia
1293 3808 1413 3867 autem
1444 3823 1549 3866 sacra
1580 3806 1673 3865 exte·

342 3909 414 3970 rius
437 3911 618 3992 incompta
642 3914 761 3974 verbis
786 3914 964 3993 apparent
980 3902 1028 3995 'iv'
1048 3913 1261 3974 intrinsecus
1285 3915 1404 3974 autem
1424 3913 1674 3992 mysteriorum

342 4018 523 4096 sapiencia
545 4018 680 4100 fulgent
695 4041 709 4072 r
724 4019 963 4081 ².-Roborat
986 4023 1106 4081 autem
1129 4020 1295 4080 universa
1319 4019 1384 4081 hec
1408 4020 1460 4080 ad
1483 4017 1673 4079 Volusia-

342 4142 433 4185 num
458 4127 665 4206 scriptitans
689 4125 994 4207 Augustinust.
1019 4127 1081 4187 ubi
1104 4127 1197 4188 inter
1222 4128 1342 4187 cetera
1359 4126 1461 4187 dicit:
1489 4124 1581 4187 «Hic
1598 4125 1673 4186 lan·

343 4319 554 4328 -—.-·-—-—

448 4485 480 4550 a)
499 4487 524 4537 11
542 4503 563 4554 y
582 4501 600 4537 a
619 4486 697 4538 dans
715 4487 745 4538 la
764 4487 941 4554 pagination
959 4487 999 4539 de
1018 4487 1043 4538 B
1061 4501 1123 4540 une
1142 4500 1261 4538 errenr.
1293 4487 1337 4538 Le
1354 4486 1429 4540 iolio
1449 4487 1484 4538 36
1496 4497 1528 4536 r⁰
1547 4488 1578 4538 et
1596 4486 1678 4538 3⁶v0

342 4590 382 4626 ne
401 4591 435 4628 se
454 4576 601 4627 trouvent
618 4590 674 4641 pas
695 4575 712 4626 a
732 4577 801 4627 leur
819 4575 916 4641 place.
935 4575 960 4626 Il
980 4575 1046 4628 taut
1064 4577 1123 4629 lire
1141 4577 1230 4638 35v0‚
1249 4577 1318 4642 puis
1337 4576 1418 4629 3710.

453 4749 473 4816 ¹)
492 4753 605 4803 Psulm.
624 4751 701 4814 XVI,
721 4753 746 4804 2.

453 4839 474 4904 ²)
493 4841 607 4892 lsmou,
631 4840 761 4894 Sentent.
783 4841 832 4904 ΠΙ,
847 4851 909 4902 xm,
929 4842 984 4894 2-3.
1004 4842 1039 4893 ln
1060 4840 1151 4907 Oper.
1170 4840 1219 4902 Vl,
1237 4841 1299 4893 686.
1317 4842 1361 4892 Le
1379 4842 1451 4893 titre
1469 4842 1509 4893 de
1530 4842 1622 4893 Liber
1640 4842 1678 4892 de
1787 4898 1791 4904 ,

345 4929 470 4982 Summo
487 4930 575 4981 Bono
593 4930 696 4982 donne
714 4945 772 4997 par
790 4930 941 4982 Dominici
959 4930 978 4982 ὲ
997 4933 1045 4983 cet
1064 4938 1200 4997 ouvrage
1219 4930 1367 4982 d'lsidore
1385 4931 1425 4982 de
1451 4929 1574 4992 Siville,
1593 4931 1681 4982 vient

345 5019 383 5072 de
402 5033 438 5071 ce
458 5019 530 5085 qu'il
548 5034 726 5072 commence
741 5035 798 5085 par
813 5035 863 5072 ces
876 5022 971 5072 mots:
993 5019 1172 5072 «Summum
1186 5021 1296 5072 bouum
1314 5021 1399 5071 Deus
1417 5022 1494 5071 est.»
1515 5019 1679 5071 D'ailleurs

345 5110 496 5175 quelques
524 5108 597 5160 Mas.
618 5110 658 5161 de
676 5109 817 5175 l'e'poque
841 5109 995 5175 portaient
1014 5109 1112 5161 aussi:
1142 5109 1229 5161 Libri
1254 5112 1317 5160 tres
1340 5111 1558 5160 sententiarum
1581 5111 1682 5160 sancti

346 5197 466 5259 Isidori,
484 5201 550 5250 sive
569 5200 606 5250 de
626 5196 750 5251 Summo
767 5198 862 5249 Bono.
882 5196 926 5249 Εἰ.
947 5213 994 5264 op.
1013 5201 1061 5249 etl.
1081 5198 1138 5250 col.
1160 5197 1221 5259 5³7,
1239 5199 1313 5249 note
1332 5199 1356 5248 1.

455 5283 475 5352 ³]
495 5286 525 5339 S.
540 5285 620 5340 AUG.
635 5287 687 5339 Aa
704 5287 905 5339 Volusianum.
927 5286 1006 5338 «Hic
1024 5286 1117 5338 etiam
1132 5286 1296 5338 laudabilis
1309 5285 1497 5351 reipublicae
1510 5285 1609 5337 salus:
1628 5301 1681 5338 ne-

1546 5405 1571 5446 ll
