<?xml version="1.0" encoding="UTF-8"?>
<!DOCTYPE html PUBLIC "-//W3C//DTD XHTML 1.0 Transitional//EN"
    "http://www.w3.org/TR/xhtml1/DTD/xhtml1-transitional.dtd">
<html xmlns="http://www.w3.org/1999/xhtml" xml:lang="en" lang="en">
 <head>
  <title>
</title>
<meta http-equiv="Content-Type" content="text/html;charset=utf-8" />
  <meta name='ocr-system' content='tesseract 3.04.00' />
  <meta name='ocr-capabilities' content='ocr_page ocr_carea ocr_par ocr_line ocrx_word'/>
</head>
<body>
  <div class='ocr_page' id='page_1' title='image "./luculanoctis00domigoog_0526.png"; bbox 0 0 4300 6117; ppageno 0'>
   <div class='ocr_carea' id='block_1_1' title="bbox 454 911 1292 976">
    <p class='ocr_par' dir='ltr' id='par_1_1' title="bbox 454 911 1292 976">
     <span class='ocr_line' id='line_1_1' title="bbox 454 911 1292 976; baseline 0.001 -3"><span class='ocrx_word' id='word_1_1' title='bbox 454 911 522 973; x_wconf 86' lang='lat'><strong>402</strong></span> <span class='ocrx_word' id='word_1_2' title='bbox 971 921 1131 976; x_wconf 89' lang='lat' dir='ltr'><strong>LUCULA</strong></span> <span class='ocrx_word' id='word_1_3' title='bbox 1153 918 1292 975; x_wconf 83' lang='lat' dir='ltr'><strong>NOCTIS</strong></span> 
     </span>
    </p>
   </div>
   <div class='ocr_carea' id='block_1_2' title="bbox 451 1144 1790 1977">
    <p class='ocr_par' dir='ltr' id='par_1_2' title="bbox 451 1144 1790 1977">
     <span class='ocr_line' id='line_1_2' title="bbox 454 1144 1787 1228; baseline 0.001 -22"><span class='ocrx_word' id='word_1_4' title='bbox 454 1145 855 1225; x_wconf 77' lang='lat' dir='ltr'><strong>AItquippeBricto,</strong></span> <span class='ocrx_word' id='word_1_5' title='bbox 879 1145 941 1208; x_wconf 93' lang='lat' dir='ltr'><strong>De</strong></span> <span class='ocrx_word' id='word_1_6' title='bbox 964 1145 1232 1209; x_wconf 89' lang='lat' dir='ltr'><strong>Curialibus</strong></span> <span class='ocrx_word' id='word_1_7' title='bbox 1256 1146 1391 1228; x_wconf 82' lang='lat' dir='ltr'><strong>Nugis</strong></span> <span class='ocrx_word' id='word_1_8' title='bbox 1415 1144 1787 1226; x_wconf 90' lang='lat' dir='ltr'><strong>philosophorum¹,</strong></span> 
     </span>
     <span class='ocr_line' id='line_1_3' title="bbox 455 1253 1790 1333; baseline 0 -19"><span class='ocrx_word' id='word_1_9' title='bbox 455 1253 554 1331; x_wconf 90' lang='lat' dir='ltr'><strong>quod</strong></span> <span class='ocrx_word' id='word_1_10' title='bbox 576 1253 735 1315; x_wconf 91' lang='lat' dir='ltr'><strong>deterius</strong></span> <span class='ocrx_word' id='word_1_11' title='bbox 761 1256 815 1314; x_wconf 90' lang='lat' dir='ltr'><strong>est</strong></span> <span class='ocrx_word' id='word_1_12' title='bbox 838 1272 880 1315; x_wconf 95' lang='lat' dir='ltr'><strong>eo</strong></span> <span class='ocrx_word' id='word_1_13' title='bbox 904 1253 1059 1315; x_wconf 89' lang='lat' dir='ltr'><strong>comedit</strong></span> <span class='ocrx_word' id='word_1_14' title='bbox 1083 1272 1147 1316; x_wconf 86' lang='lat' dir='ltr'><strong>sue</strong></span> <span class='ocrx_word' id='word_1_15' title='bbox 1171 1254 1317 1333; x_wconf 90' lang='lat' dir='ltr'><strong>quidam</strong></span> <span class='ocrx_word' id='word_1_16' title='bbox 1340 1254 1517 1324; x_wconf 85' lang='lat' dir='ltr'><strong>insistunt,</strong></span> <span class='ocrx_word' id='word_1_17' title='bbox 1540 1257 1580 1315; x_wconf 92' lang='lat' dir='ltr'><strong>ut</strong></span> <span class='ocrx_word' id='word_1_18' title='bbox 1603 1254 1640 1315; x_wconf 92' lang='lat' dir='ltr'><strong>in</strong></span> <span class='ocrx_word' id='word_1_19' title='bbox 1655 1271 1695 1316; x_wconf 89' lang='lat' dir='ltr'><strong>se</strong></span> <span class='ocrx_word' id='word_1_20' title='bbox 1711 1272 1790 1315; x_wconf 89' lang='lat' dir='ltr'><strong>cum</strong></span> 
     </span>
     <span class='ocr_line' id='line_1_4' title="bbox 452 1359 1790 1440; baseline -0.001 -19"><span class='ocrx_word' id='word_1_21' title='bbox 452 1378 544 1439; x_wconf 88' lang='lat' dir='ltr'><strong>opus</strong></span> <span class='ocrx_word' id='word_1_22' title='bbox 568 1359 689 1422; x_wconf 86' lang='lat' dir='ltr'><strong>redire</strong></span> <span class='ocrx_word' id='word_1_23' title='bbox 711 1379 783 1421; x_wconf 92' lang='lat' dir='ltr'><strong>non</strong></span> <span class='ocrx_word' id='word_1_24' title='bbox 806 1361 964 1439; x_wconf 81' lang='lat' dir='ltr'><strong>presenti</strong></span> <span class='ocrx_word' id='word_1_25' title='bbox 986 1362 1074 1423; x_wconf 91' lang='lat' dir='ltr'><strong>victi</strong></span> <span class='ocrx_word' id='word_1_26' title='bbox 1097 1379 1228 1440; x_wconf 89' lang='lat' dir='ltr'><strong>pueros</strong></span> <span class='ocrx_word' id='word_1_27' title='bbox 1260 1361 1397 1423; x_wconf 88' lang='lat' dir='ltr'><strong>tamdiu</strong></span> <span class='ocrx_word' id='word_1_28' title='bbox 1420 1361 1707 1424; x_wconf 87' lang='lat' dir='ltr'><strong>balbuciencium</strong></span> <span class='ocrx_word' id='word_1_29' title='bbox 1740 1361 1790 1420; x_wconf 90' lang='lat' dir='ltr'><strong>vi·</strong></span> 
     </span>
     <span class='ocr_line' id='line_1_5' title="bbox 454 1467 1788 1547; baseline 0.001 -19"><span class='ocrx_word' id='word_1_30' title='bbox 454 1467 513 1528; x_wconf 88' lang='lat' dir='ltr'><strong>cia</strong></span> <span class='ocrx_word' id='word_1_31' title='bbox 544 1467 685 1539; x_wconf 91' lang='lat' dir='ltr'><strong>imitari,</strong></span> <span class='ocrx_word' id='word_1_32' title='bbox 723 1471 762 1529; x_wconf 88' lang='lat' dir='ltr'><strong>ut</strong></span> <span class='ocrx_word' id='word_1_33' title='bbox 785 1468 1011 1547; x_wconf 88' lang='lat' dir='ltr'><strong>postmodum</strong></span> <span class='ocrx_word' id='word_1_34' title='bbox 1036 1487 1103 1531; x_wconf 88' lang='lat' dir='ltr'><strong>nec</strong></span> <span class='ocrx_word' id='word_1_35' title='bbox 1127 1487 1207 1531; x_wconf 89' lang='lat' dir='ltr'><strong>cum</strong></span> <span class='ocrx_word' id='word_1_36' title='bbox 1230 1468 1363 1530; x_wconf 93' lang='lat' dir='ltr'><strong>vellent</strong></span> <span class='ocrx_word' id='word_1_37' title='bbox 1396 1470 1496 1530; x_wconf 89' lang='lat' dir='ltr'><strong>recte</strong></span> <span class='ocrx_word' id='word_1_38' title='bbox 1528 1467 1629 1546; x_wconf 93' lang='lat' dir='ltr'><strong>loqui</strong></span> <span class='ocrx_word' id='word_1_39' title='bbox 1664 1469 1788 1546; x_wconf 89' lang='lat' dir='ltr'><strong>potue·</strong></span> 
     </span>
     <span class='ocr_line' id='line_1_6' title="bbox 455 1572 1790 1656; baseline 0.001 -21"><span class='ocrx_word' id='word_1_40' title='bbox 455 1576 535 1636; x_wconf 89' lang='lat' dir='ltr'><strong>rint.</strong></span> <span class='ocrx_word' id='word_1_41' title='bbox 561 1611 602 1620; x_wconf 95' lang='lat'><em>-</em></span> <span class='ocrx_word' id='word_1_42' title='bbox 626 1572 719 1636; x_wconf 91' lang='lat' dir='ltr'><strong>Usus</strong></span> <span class='ocrx_word' id='word_1_43' title='bbox 743 1575 845 1646; x_wconf 92' lang='lat' dir='ltr'><strong>enim,</strong></span> <span class='ocrx_word' id='word_1_44' title='bbox 876 1578 916 1637; x_wconf 93' lang='lat' dir='ltr'><strong>ut</strong></span> <span class='ocrx_word' id='word_1_45' title='bbox 937 1575 989 1637; x_wconf 92' lang='lat' dir='ltr'><strong>ait</strong></span> <span class='ocrx_word' id='word_1_46' title='bbox 1012 1575 1168 1654; x_wconf 87' lang='lat' dir='ltr'><strong>quidam,</strong></span> <span class='ocrx_word' id='word_1_47' title='bbox 1201 1587 1283 1656; x_wconf 83' lang='lat' dir='ltr'>egre</span> <span class='ocrx_word' id='word_1_48' title='bbox 1306 1575 1457 1638; x_wconf 77' lang='lat' dir='ltr'><strong>discitur</strong></span> <span class='ocrx_word' id='word_1_49' title='bbox 1480 1577 1545 1637; x_wconf 83' lang='lat' dir='ltr'><strong>et⁸</strong></span> <span class='ocrx_word' id='word_1_50' title='bbox 1568 1575 1790 1637; x_wconf 88' lang='lat' dir='ltr'><strong>consuetudo</strong></span> 
     </span>
     <span class='ocr_line' id='line_1_7' title="bbox 455 1680 1789 1762; baseline 0 -20"><span class='ocrx_word' id='word_1_51' title='bbox 455 1681 560 1743; x_wconf 90' lang='lat' dir='ltr'><strong>alteri</strong></span> <span class='ocrx_word' id='word_1_52' title='bbox 583 1684 622 1743; x_wconf 91' lang='lat' dir='ltr'><strong>ut</strong></span> <span class='ocrx_word' id='word_1_53' title='bbox 645 1682 818 1752; x_wconf 78' lang='lat' dir='ltr'><strong>consistit,</strong></span> <span class='ocrx_word' id='word_1_54' title='bbox 843 1701 950 1761; x_wconf 90' lang='lat' dir='ltr'><strong>quam</strong></span> <span class='ocrx_word' id='word_1_55' title='bbox 973 1683 1057 1745; x_wconf 91' lang='lat' dir='ltr'><strong>licet</strong></span> <span class='ocrx_word' id='word_1_56' title='bbox 1082 1682 1240 1762; x_wconf 83' lang='lat' dir='ltr'><strong>expellas</strong></span> <span class='ocrx_word' id='word_1_57' title='bbox 1263 1680 1441 1744; x_wconf 88' lang='lat' dir='ltr'><strong>furcatum</strong></span> <span class='ocrx_word' id='word_1_58' title='bbox 1473 1701 1587 1761; x_wconf 87' lang='lat' dir='ltr'><strong>usque</strong></span> <span class='ocrx_word' id='word_1_59' title='bbox 1617 1683 1789 1744; x_wconf 83' lang='lat' dir='ltr'><strong>recurret</strong></span> 
     </span>
     <span class='ocr_line' id='line_1_8' title="bbox 453 1786 1789 1869; baseline -0.001 -19"><span class='ocrx_word' id='word_1_60' title='bbox 453 1787 557 1850; x_wconf 91' lang='lat' dir='ltr'><strong>Unde</strong></span> <span class='ocrx_word' id='word_1_61' title='bbox 593 1790 628 1849; x_wconf 94' lang='lat' dir='ltr'><strong>et</strong></span> <span class='ocrx_word' id='word_1_62' title='bbox 666 1787 865 1851; x_wconf 90' lang='lat' dir='ltr'><strong>Etbicus</strong></span> <span class='ocrx_word' id='word_1_63' title='bbox 904 1789 1055 1869; x_wconf 84' lang='lat' dir='ltr'><strong>provide</strong></span> <span class='ocrx_word' id='word_1_64' title='bbox 1088 1789 1232 1868; x_wconf 90' lang='lat' dir='ltr'><strong>quidem</strong></span> <span class='ocrx_word' id='word_1_65' title='bbox 1270 1790 1305 1850; x_wconf 89' lang='lat' dir='ltr'><strong>et</strong></span> <span class='ocrx_word' id='word_1_66' title='bbox 1340 1790 1476 1851; x_wconf 78' lang='lat' dir='ltr'><strong>utiliter</strong></span> <span class='ocrx_word' id='word_1_67' title='bbox 1504 1808 1511 1850; x_wconf 93' lang='lat'><strong>:</strong></span> <span class='ocrx_word' id='word_1_68' title='bbox 1555 1807 1570 1841; x_wconf 69' lang='grc' dir='ltr'><strong><em>ι</em></strong></span> <span class='ocrx_word' id='word_1_69' title='bbox 1597 1786 1789 1868; x_wconf 82' lang='lat' dir='ltr'><strong>Optimam,</strong></span> 
     </span>
     <span class='ocr_line' id='line_1_9' title="bbox 451 1895 1790 1977; baseline -0.001 -20"><span class='ocrx_word' id='word_1_70' title='bbox 451 1895 576 1975; x_wconf 88' lang='lat' dir='ltr'><strong>inquit,</strong></span> <span class='ocrx_word' id='word_1_71' title='bbox 600 1895 744 1957; x_wconf 90' lang='lat' dir='ltr'><strong>vivendi</strong></span> <span class='ocrx_word' id='word_1_72' title='bbox 780 1897 1073 1959; x_wconf 85' lang='lat' dir='ltr'><strong>consuetudinem</strong></span> <span class='ocrx_word' id='word_1_73' title='bbox 1108 1899 1155 1959; x_wconf 88' lang='lat' dir='ltr'><strong>ab</strong></span> <span class='ocrx_word' id='word_1_74' title='bbox 1193 1897 1336 1958; x_wconf 89' lang='lat' dir='ltr'><strong>ineunte</strong></span> <span class='ocrx_word' id='word_1_75' title='bbox 1359 1898 1456 1958; x_wconf 89' lang='lat' dir='ltr'><strong>etate</strong></span> <span class='ocrx_word' id='word_1_76' title='bbox 1483 1897 1582 1977; x_wconf 83' lang='lat' dir='ltr'><strong>elige,</strong></span> <span class='ocrx_word' id='word_1_77' title='bbox 1611 1915 1690 1958; x_wconf 89' lang='lat' dir='ltr'><strong>eam</strong></span> <span class='ocrx_word' id='word_1_78' title='bbox 1723 1895 1790 1957; x_wconf 92' lang='lat' dir='ltr'><strong>tibi</strong></span> 
     </span>
    </p>
   </div>
   <div class='ocr_carea' id='block_1_3' title="bbox 450 2010 1789 3163">
    <p class='ocr_par' dir='ltr' id='par_1_3' title="bbox 450 2010 1789 3163">
     <span class='ocr_line' id='line_1_10' title="bbox 452 2010 1788 2091; baseline -0.001 -17"><span class='ocrx_word' id='word_1_79' title='bbox 452 2011 644 2074; x_wconf 87' lang='lat' dir='ltr'><strong>iocundam</strong></span> <span class='ocrx_word' id='word_1_80' title='bbox 668 2030 753 2073; x_wconf 90' lang='lat' dir='ltr'><strong>usus</strong></span> <span class='ocrx_word' id='word_1_81' title='bbox 777 2010 956 2074; x_wconf 80' lang='lat' dir='ltr'><strong>efficiet».</strong></span> <span class='ocrx_word' id='word_1_82' title='bbox 982 2045 1017 2054; x_wconf 97' lang='lat'>—</span> <span class='ocrx_word' id='word_1_83' title='bbox 1046 2012 1143 2075; x_wconf 87' lang='lat' dir='ltr'><strong>Dicit</strong></span> <span class='ocrx_word' id='word_1_84' title='bbox 1167 2012 1260 2075; x_wconf 91' lang='lat' dir='ltr'><strong>enim</strong></span> <span class='ocrx_word' id='word_1_85' title='bbox 1283 2011 1604 2078; x_wconf 89' lang='lat' dir='ltr'><strong>Crisostomus,</strong></span> <span class='ocrx_word' id='word_1_86' title='bbox 1630 2012 1666 2072; x_wconf 91' lang='lat' dir='ltr'><strong>in</strong></span> <span class='ocrx_word' id='word_1_87' title='bbox 1690 2030 1788 2091; x_wconf 93' lang='lat' dir='ltr'><strong>pro·</strong></span> 
     </span>
     <span class='ocr_line' id='line_1_11' title="bbox 453 2111 1788 2200; baseline -0.001 -20"><span class='ocrx_word' id='word_1_88' title='bbox 453 2111 552 2200; x_wconf 80' lang='lat' dir='ltr'><strong>logo</strong></span> <span class='ocrx_word' id='word_1_89' title='bbox 582 2137 719 2198; x_wconf 89' lang='lat' dir='ltr'><strong>super</strong></span> <span class='ocrx_word' id='word_1_90' title='bbox 740 2117 986 2181; x_wconf 84' lang='lat' dir='ltr'><strong>Mattheum</strong></span> <span class='ocrx_word' id='word_1_91' title='bbox 1010 2139 1017 2180; x_wconf 94' lang='lat'><strong>:</strong></span> <span class='ocrx_word' id='word_1_92' title='bbox 1044 2119 1364 2182; x_wconf 82' lang='lat' dir='ltr'><strong>‹Adolescentulis</strong></span> <span class='ocrx_word' id='word_1_93' title='bbox 1399 2120 1436 2180; x_wconf 91' lang='lat' dir='ltr'><strong>in</strong></span> <span class='ocrx_word' id='word_1_94' title='bbox 1469 2119 1556 2182; x_wconf 90' lang='lat' dir='ltr'><strong>ludo</strong></span> <span class='ocrx_word' id='word_1_95' title='bbox 1588 2119 1788 2180; x_wconf 86' lang='lat' dir='ltr'><strong>litterarum</strong></span> 
     </span>
     <span class='ocr_line' id='line_1_12' title="bbox 452 2225 1789 2306; baseline -0.001 -18"><span class='ocrx_word' id='word_1_96' title='bbox 452 2227 578 2306; x_wconf 90' lang='lat' dir='ltr'><strong>positis</strong></span> <span class='ocrx_word' id='word_1_97' title='bbox 610 2244 681 2287; x_wconf 90' lang='lat' dir='ltr'><strong>non</strong></span> <span class='ocrx_word' id='word_1_98' title='bbox 713 2229 788 2288; x_wconf 91' lang='lat' dir='ltr'><strong>tam</strong></span> <span class='ocrx_word' id='word_1_99' title='bbox 814 2227 959 2306; x_wconf 87' lang='lat' dir='ltr'><strong>placent</strong></span> <span class='ocrx_word' id='word_1_100' title='bbox 992 2227 1110 2289; x_wconf 93' lang='lat' dir='ltr'><strong>solida</strong></span> <span class='ocrx_word' id='word_1_101' title='bbox 1145 2246 1253 2306; x_wconf 93' lang='lat' dir='ltr'><strong>quam</strong></span> <span class='ocrx_word' id='word_1_102' title='bbox 1283 2227 1389 2306; x_wconf 90' lang='lat' dir='ltr'><strong>picta,</strong></span> <span class='ocrx_word' id='word_1_103' title='bbox 1425 2245 1569 2305; x_wconf 88' lang='lat' dir='ltr'><strong>quoque</strong></span> <span class='ocrx_word' id='word_1_104' title='bbox 1597 2226 1677 2305; x_wconf 90' lang='lat' dir='ltr'><strong>plus</strong></span> <span class='ocrx_word' id='word_1_105' title='bbox 1712 2225 1789 2304; x_wconf 90' lang='lat' dir='ltr'><strong>pul·</strong></span> 
     </span>
     <span class='ocr_line' id='line_1_13' title="bbox 450 2334 1788 2415; baseline 0 -21"><span class='ocrx_word' id='word_1_106' title='bbox 450 2352 515 2395; x_wconf 90' lang='lat' dir='ltr'><strong>cra</strong></span> <span class='ocrx_word' id='word_1_107' title='bbox 538 2352 646 2412; x_wconf 91' lang='lat' dir='ltr'><strong>quam</strong></span> <span class='ocrx_word' id='word_1_108' title='bbox 669 2334 770 2395; x_wconf 88' lang='lat' dir='ltr'><strong>utilia</strong></span> <span class='ocrx_word' id='word_1_109' title='bbox 805 2337 998 2407; x_wconf 89' lang='lat' dir='ltr'><strong>sectantur,</strong></span> <span class='ocrx_word' id='word_1_110' title='bbox 1022 2353 1089 2397; x_wconf 91' lang='lat' dir='ltr'><strong>nec</strong></span> <span class='ocrx_word' id='word_1_111' title='bbox 1120 2337 1192 2396; x_wconf 87' lang='lat' dir='ltr'><strong>tam</strong></span> <span class='ocrx_word' id='word_1_112' title='bbox 1228 2334 1373 2415; x_wconf 83' lang='lat' dir='ltr'><strong>agencia</strong></span> <span class='ocrx_word' id='word_1_113' title='bbox 1413 2335 1572 2414; x_wconf 80' lang='lat' dir='ltr'><strong>diligunt,</strong></span> <span class='ocrx_word' id='word_1_114' title='bbox 1602 2351 1709 2412; x_wconf 85' lang='lat' dir='ltr'><strong>quam</strong></span> <span class='ocrx_word' id='word_1_115' title='bbox 1733 2349 1788 2394; x_wconf 90' lang='lat' dir='ltr'><strong>so·</strong></span> 
     </span>
     <span class='ocr_line' id='line_1_14' title="bbox 451 2437 1786 2522; baseline -0.001 -20"><span class='ocrx_word' id='word_1_116' title='bbox 451 2442 590 2512; x_wconf 88' lang='lat' dir='ltr'><strong>nancia,</strong></span> <span class='ocrx_word' id='word_1_117' title='bbox 616 2441 726 2521; x_wconf 83' lang='lat' dir='ltr'><strong>magis</strong></span> <span class='ocrx_word' id='word_1_118' title='bbox 749 2442 906 2522; x_wconf 80' lang='lat' dir='ltr'><strong>gaudent</strong></span> <span class='ocrx_word' id='word_1_119' title='bbox 928 2439 1095 2504; x_wconf 91' lang='lat' dir='ltr'><strong>foliorum</strong></span> <span class='ocrx_word' id='word_1_120' title='bbox 1118 2442 1312 2504; x_wconf 87' lang='lat' dir='ltr'><strong>amenitate</strong></span> <span class='ocrx_word' id='word_1_121' title='bbox 1336 2441 1531 2522; x_wconf 82' lang='lat' dir='ltr'><strong>conspergi,</strong></span> <span class='ocrx_word' id='word_1_122' title='bbox 1563 2458 1671 2519; x_wconf 88' lang='lat' dir='ltr'><strong>quam</strong></span> <span class='ocrx_word' id='word_1_123' title='bbox 1694 2437 1786 2501; x_wconf 88' lang='lat' dir='ltr'><strong>fruc·</strong></span> 
     </span>
     <span class='ocr_line' id='line_1_15' title="bbox 451 2545 1787 2628; baseline -0.002 -19"><span class='ocrx_word' id='word_1_124' title='bbox 451 2551 552 2610; x_wconf 90' lang='lat' dir='ltr'><strong>tuum</strong></span> <span class='ocrx_word' id='word_1_125' title='bbox 574 2550 762 2610; x_wconf 85' lang='lat' dir='ltr'><strong>urbertate</strong></span> <span class='ocrx_word' id='word_1_126' title='bbox 785 2549 959 2610; x_wconf 81' lang='lat' dir='ltr'><strong>nutriri».</strong></span> <span class='ocrx_word' id='word_1_127' title='bbox 989 2584 1030 2592; x_wconf 90' lang='lat'><em>-</em></span> <span class='ocrx_word' id='word_1_128' title='bbox 1063 2548 1175 2610; x_wconf 94' lang='lat' dir='ltr'><strong>Racio</strong></span> <span class='ocrx_word' id='word_1_129' title='bbox 1199 2552 1263 2622; x_wconf 88' lang='lat' dir='ltr'><strong>est,</strong></span> <span class='ocrx_word' id='word_1_130' title='bbox 1295 2549 1378 2628; x_wconf 88' lang='lat' dir='ltr'><strong>quia</strong></span> <span class='ocrx_word' id='word_1_131' title='bbox 1407 2548 1506 2610; x_wconf 89' lang='lat' dir='ltr'><strong>iuxta</strong></span> <span class='ocrx_word' id='word_1_132' title='bbox 1535 2545 1787 2609; x_wconf 90' lang='lat' dir='ltr'><strong>Salomonis</strong></span> 
     </span>
     <span class='ocr_line' id='line_1_16' title="bbox 451 2653 1788 2736; baseline -0.003 -19"><span class='ocrx_word' id='word_1_133' title='bbox 451 2656 681 2728; x_wconf 87' lang='lat' dir='ltr'><strong>sentenciam,</strong></span> <span class='ocrx_word' id='word_1_134' title='bbox 706 2654 909 2718; x_wconf 86' lang='lat' dir='ltr'><strong>Proverb.</strong></span> <span class='ocrx_word' id='word_1_135' title='bbox 933 2655 1071 2718; x_wconf 87' lang='lat' dir='ltr'>XXII:</span> <span class='ocrx_word' id='word_1_136' title='bbox 1099 2654 1298 2718; x_wconf 83' lang='lat' dir='ltr'><strong>‹Stulticia</strong></span> <span class='ocrx_word' id='word_1_137' title='bbox 1323 2660 1378 2719; x_wconf 91' lang='lat' dir='ltr'><strong>est</strong></span> <span class='ocrx_word' id='word_1_138' title='bbox 1406 2656 1572 2736; x_wconf 81' lang='lat' dir='ltr'><strong>colligata</strong></span> <span class='ocrx_word' id='word_1_139' title='bbox 1606 2655 1643 2714; x_wconf 93' lang='lat' dir='ltr'><strong>in</strong></span> <span class='ocrx_word' id='word_1_140' title='bbox 1679 2653 1788 2715; x_wconf 88' lang='lat' dir='ltr'><strong>corde</strong></span> 
     </span>
     <span class='ocr_line' id='line_1_17' title="bbox 451 2761 1785 2844; baseline -0.003 -20"><span class='ocrx_word' id='word_1_141' title='bbox 451 2763 564 2842; x_wconf 89' lang='lat' dir='ltr'><strong>pueri,</strong></span> <span class='ocrx_word' id='word_1_142' title='bbox 603 2765 638 2824; x_wconf 91' lang='lat' dir='ltr'><strong>et</strong></span> <span class='ocrx_word' id='word_1_143' title='bbox 672 2763 774 2843; x_wconf 80' lang='lat' dir='ltr'><strong>virga</strong></span> <span class='ocrx_word' id='word_1_144' title='bbox 807 2763 995 2842; x_wconf 85' lang='lat' dir='ltr'><strong>discipline</strong></span> <span class='ocrx_word' id='word_1_145' title='bbox 1030 2761 1168 2844; x_wconf 82' lang='lat' dir='ltr'><strong>fugabit</strong></span> <span class='ocrx_word' id='word_1_146' title='bbox 1202 2781 1289 2824; x_wconf 91' lang='lat' dir='ltr'><strong>eam.</strong></span> <span class='ocrx_word' id='word_1_147' title='bbox 1321 2763 1389 2824; x_wconf 89' lang='lat' dir='ltr'><strong>Fili</strong></span> <span class='ocrx_word' id='word_1_148' title='bbox 1411 2763 1469 2836; x_wconf 89' lang='lat' dir='ltr'><strong>mi,</strong></span> <span class='ocrx_word' id='word_1_149' title='bbox 1493 2762 1625 2824; x_wconf 90' lang='lat' dir='ltr'><strong>inclina</strong></span> <span class='ocrx_word' id='word_1_150' title='bbox 1653 2778 1785 2832; x_wconf 88' lang='lat' dir='ltr'><strong>aurem,</strong></span> 
     </span>
     <span class='ocr_line' id='line_1_18' title="bbox 452 2866 1788 2948; baseline -0.002 -17"><span class='ocrx_word' id='word_1_151' title='bbox 452 2872 530 2932; x_wconf 89' lang='lat' dir='ltr'><strong>etc..</strong></span> <span class='ocrx_word' id='word_1_152' title='bbox 546 2869 588 2932; x_wconf 55' lang='grc' dir='ltr'><strong>»ἓ</strong></span> <span class='ocrx_word' id='word_1_153' title='bbox 615 2903 655 2912; x_wconf 93' lang='grc'><strong>-</strong></span> <span class='ocrx_word' id='word_1_154' title='bbox 681 2868 774 2932; x_wconf 88' lang='lat' dir='ltr'><strong>Hinc</strong></span> <span class='ocrx_word' id='word_1_155' title='bbox 797 2871 975 2948; x_wconf 83' lang='lat' dir='ltr'><strong>estquod,</strong></span> <span class='ocrx_word' id='word_1_156' title='bbox 992 2873 1032 2931; x_wconf 91' lang='lat' dir='ltr'><strong>ut</strong></span> <span class='ocrx_word' id='word_1_157' title='bbox 1051 2871 1172 2932; x_wconf 92' lang='lat' dir='ltr'><strong>verbis</strong></span> <span class='ocrx_word' id='word_1_158' title='bbox 1197 2869 1389 2932; x_wconf 89' lang='lat' dir='ltr'><strong>Salustii</strong></span> <span class='ocrx_word' id='word_1_159' title='bbox 1412 2871 1448 2930; x_wconf 92' lang='lat' dir='ltr'><strong>in</strong></span> <span class='ocrx_word' id='word_1_160' title='bbox 1472 2866 1788 2930; x_wconf 87' lang='lat' dir='ltr'><strong>Cathelinario</strong></span> 
     </span>
     <span class='ocr_line' id='line_1_19' title="bbox 452 2969 1787 3057; baseline -0.004 -18"><span class='ocrx_word' id='word_1_161' title='bbox 452 2980 559 3039; x_wconf 90' lang='lat' dir='ltr'><strong>utar:</strong></span> <span class='ocrx_word' id='word_1_162' title='bbox 586 2969 925 3057; x_wconf 75' lang='lat' dir='ltr'><strong>‹[Adolescentum]</strong></span> <span class='ocrx_word' id='word_1_163' title='bbox 947 2979 1056 3039; x_wconf 91' lang='lat' dir='ltr'><strong>animi</strong></span> <span class='ocrx_word' id='word_1_164' title='bbox 1080 2977 1204 3039; x_wconf 90' lang='lat' dir='ltr'><strong>molles</strong></span> <span class='ocrx_word' id='word_1_165' title='bbox 1241 2980 1277 3039; x_wconf 94' lang='lat' dir='ltr'><strong>et</strong></span> <span class='ocrx_word' id='word_1_166' title='bbox 1312 2980 1407 3039; x_wconf 92' lang='lat' dir='ltr'><strong>etate</strong></span> <span class='ocrx_word' id='word_1_167' title='bbox 1442 2975 1538 3048; x_wconf 82' lang='lat' dir='ltr'><strong>fluxi,</strong></span> <span class='ocrx_word' id='word_1_168' title='bbox 1564 2975 1656 3037; x_wconf 94' lang='lat' dir='ltr'><strong>dolis</strong></span> <span class='ocrx_word' id='word_1_169' title='bbox 1690 2973 1787 3034; x_wconf 85' lang='lat' dir='ltr'><strong>haud</strong></span> 
     </span>
     <span class='ocr_line' id='line_1_20' title="bbox 450 3080 1786 3163; baseline -0.004 -17"><span class='ocrx_word' id='word_1_170' title='bbox 450 3084 645 3146; x_wconf 78' lang='lat' dir='ltr'><strong>difficulter</strong></span> <span class='ocrx_word' id='word_1_171' title='bbox 669 3085 859 3163; x_wconf 88' lang='lat' dir='ltr'><strong>capiuntur</strong></span> <span class='ocrx_word' id='word_1_172' title='bbox 875 3083 917 3146; x_wconf 83' lang='lat'><strong>›³.</strong></span> <span class='ocrx_word' id='word_1_173' title='bbox 936 3119 967 3129; x_wconf 78' lang='lat'>-</span> <span class='ocrx_word' id='word_1_174' title='bbox 991 3083 1038 3146; x_wconf 89' lang='lat' dir='ltr'><strong>Et</strong></span> <span class='ocrx_word' id='word_1_175' title='bbox 1061 3085 1200 3157; x_wconf 87' lang='lat' dir='ltr'><strong>iterum,</strong></span> <span class='ocrx_word' id='word_1_176' title='bbox 1225 3085 1268 3144; x_wconf 92' lang='lat' dir='ltr'><strong>in</strong></span> <span class='ocrx_word' id='word_1_177' title='bbox 1291 3084 1460 3147; x_wconf 92' lang='lat' dir='ltr'><strong>eodem:</strong></span> <span class='ocrx_word' id='word_1_178' title='bbox 1488 3101 1502 3134; x_wconf 66' lang='grc' dir='ltr'><em>α</em></span> <span class='ocrx_word' id='word_1_179' title='bbox 1521 3081 1559 3144; x_wconf 93' lang='lat' dir='ltr'><strong>Si</strong></span> <span class='ocrx_word' id='word_1_180' title='bbox 1576 3082 1656 3161; x_wconf 91' lang='lat' dir='ltr'><strong>quis</strong></span> <span class='ocrx_word' id='word_1_181' title='bbox 1672 3080 1786 3142; x_wconf 90' lang='lat' dir='ltr'><strong>eciam</strong></span> 
     </span>
    </p>
   </div>
   <div class='ocr_carea' id='block_1_4' title="bbox 332 3175 1785 3271">
    <p class='ocr_par' dir='ltr' id='par_1_4' title="bbox 332 3175 1785 3271">
     <span class='ocr_line' id='line_1_21' title="bbox 332 3175 1785 3271; baseline -0.003 -18"><span class='ocrx_word' id='word_1_182' title='bbox 332 3190 366 3222; x_wconf 78' lang='lat'><strong>&#39;⁰</strong></span> <span class='ocrx_word' id='word_1_183' title='bbox 450 3211 474 3253; x_wconf 89' lang='lat' dir='ltr'><strong>a</strong></span> <span class='ocrx_word' id='word_1_184' title='bbox 497 3191 603 3271; x_wconf 91' lang='lat' dir='ltr'><strong>culpa</strong></span> <span class='ocrx_word' id='word_1_185' title='bbox 635 3209 770 3253; x_wconf 90' lang='lat' dir='ltr'><strong>vacuus</strong></span> <span class='ocrx_word' id='word_1_186' title='bbox 802 3193 839 3253; x_wconf 91' lang='lat' dir='ltr'><strong>in</strong></span> <span class='ocrx_word' id='word_1_187' title='bbox 872 3192 1072 3254; x_wconf 91' lang='lat' dir='ltr'><strong>amiciciam</strong></span> <span class='ocrx_word' id='word_1_188' title='bbox 1107 3210 1301 3271; x_wconf 89' lang='lat' dir='ltr'><strong>pravorum</strong></span> <span class='ocrx_word' id='word_1_189' title='bbox 1322 3191 1499 3264; x_wconf 90' lang='lat' dir='ltr'><strong>inciderit,</strong></span> <span class='ocrx_word' id='word_1_190' title='bbox 1535 3188 1745 3269; x_wconf 89' lang='lat' dir='ltr'><strong>quotidiano</strong></span> <span class='ocrx_word' id='word_1_191' title='bbox 1768 3175 1785 3270; x_wconf 69' lang='lat' dir='ltr'><strong>{i</strong></span> 
     </span>
    </p>
   </div>
   <div class='ocr_carea' id='block_1_5' title="bbox 449 3292 1787 4452">
    <p class='ocr_par' dir='ltr' id='par_1_5' title="bbox 449 3292 1787 4452">
     <span class='ocr_line' id='line_1_22' title="bbox 451 3292 1782 3380; baseline -0.005 -18"><span class='ocrx_word' id='word_1_192' title='bbox 451 3318 518 3362; x_wconf 90' lang='lat' dir='ltr'><strong>usu</strong></span> <span class='ocrx_word' id='word_1_193' title='bbox 540 3302 650 3378; x_wconf 89' lang='lat' dir='ltr'><strong>atque</strong></span> <span class='ocrx_word' id='word_1_194' title='bbox 672 3299 852 3362; x_wconf 88' lang='lat' dir='ltr'><strong>illecebris</strong></span> <span class='ocrx_word' id='word_1_195' title='bbox 876 3299 982 3361; x_wconf 91' lang='lat' dir='ltr'><strong>facile</strong></span> <span class='ocrx_word' id='word_1_196' title='bbox 1009 3318 1077 3380; x_wconf 90' lang='lat' dir='ltr'><strong>par</strong></span> <span class='ocrx_word' id='word_1_197' title='bbox 1101 3300 1298 3378; x_wconf 83' lang='lat' dir='ltr'><strong>stmilisque</strong></span> <span class='ocrx_word' id='word_1_198' title='bbox 1325 3299 1453 3360; x_wconf 90' lang='lat' dir='ltr'><strong>ceteris</strong></span> <span class='ocrx_word' id='word_1_199' title='bbox 1478 3296 1657 3359; x_wconf 90' lang='lat' dir='ltr'><strong>efficietur</strong></span> <span class='ocrx_word' id='word_1_200' title='bbox 1675 3292 1717 3356; x_wconf 70' lang='lat'><strong>³⁴.</strong></span> <span class='ocrx_word' id='word_1_201' title='bbox 1742 3325 1782 3336; x_wconf 91' lang='lat'><em>-</em></span> 
     </span>
     <span class='ocr_line' id='line_1_23' title="bbox 449 3403 1786 3484; baseline -0.003 -17"><span class='ocrx_word' id='word_1_202' title='bbox 449 3403 649 3469; x_wconf 86' lang='lat' dir='ltr'><strong>Tractabat</strong></span> <span class='ocrx_word' id='word_1_203' title='bbox 672 3408 765 3468; x_wconf 91' lang='lat' dir='ltr'><strong>enim</strong></span> <span class='ocrx_word' id='word_1_204' title='bbox 788 3407 834 3469; x_wconf 95' lang='lat' dir='ltr'><strong>de</strong></span> <span class='ocrx_word' id='word_1_205' title='bbox 857 3407 927 3478; x_wconf 92' lang='lat' dir='ltr'><strong>illo,</strong></span> <span class='ocrx_word' id='word_1_206' title='bbox 953 3407 1052 3468; x_wconf 90' lang='lat' dir='ltr'><strong>cuius</strong></span> <span class='ocrx_word' id='word_1_207' title='bbox 1076 3409 1215 3479; x_wconf 90' lang='lat' dir='ltr'><strong>natura,</strong></span> <span class='ocrx_word' id='word_1_208' title='bbox 1240 3424 1321 3467; x_wconf 90' lang='lat' dir='ltr'><strong>cum</strong></span> <span class='ocrx_word' id='word_1_209' title='bbox 1345 3405 1508 3484; x_wconf 88' lang='lat' dir='ltr'><strong>aquisitis</strong></span> <span class='ocrx_word' id='word_1_210' title='bbox 1533 3403 1691 3465; x_wconf 89' lang='lat' dir='ltr'><strong>moribus</strong></span> <span class='ocrx_word' id='word_1_211' title='bbox 1721 3421 1786 3482; x_wconf 91' lang='lat' dir='ltr'><strong>pu·</strong></span> 
     </span>
     <span class='ocr_line' id='line_1_24' title="bbox 452 3509 1787 3594; baseline -0.004 -19"><span class='ocrx_word' id='word_1_212' title='bbox 452 3526 574 3594; x_wconf 84' lang='lat' dir='ltr'><strong>gnans,</strong></span> <span class='ocrx_word' id='word_1_213' title='bbox 599 3517 797 3576; x_wconf 88' lang='lat' dir='ltr'><strong>monstrum</strong></span> <span class='ocrx_word' id='word_1_214' title='bbox 821 3514 1002 3593; x_wconf 90' lang='lat' dir='ltr'><strong>quoddam</strong></span> <span class='ocrx_word' id='word_1_215' title='bbox 1035 3514 1222 3584; x_wconf 92' lang='lat' dir='ltr'><strong>reddebat,</strong></span> <span class='ocrx_word' id='word_1_216' title='bbox 1248 3514 1283 3575; x_wconf 94' lang='lat' dir='ltr'><strong>et</strong></span> <span class='ocrx_word' id='word_1_217' title='bbox 1318 3515 1457 3574; x_wconf 89' lang='lat' dir='ltr'><strong>ceteros</strong></span> <span class='ocrx_word' id='word_1_218' title='bbox 1497 3509 1787 3573; x_wconf 89' lang='lat' dir='ltr'><strong>adolescentulos</strong></span> 
     </span>
     <span class='ocr_line' id='line_1_25' title="bbox 452 3616 1784 3700; baseline -0.005 -16"><span class='ocrx_word' id='word_1_219' title='bbox 452 3623 527 3684; x_wconf 90' lang='lat' dir='ltr'><strong>suis</strong></span> <span class='ocrx_word' id='word_1_220' title='bbox 552 3620 692 3683; x_wconf 88' lang='lat' dir='ltr'><strong>infectis</strong></span> <span class='ocrx_word' id='word_1_221' title='bbox 717 3622 901 3683; x_wconf 89' lang='lat' dir='ltr'><strong>inficiebat</strong></span> <span class='ocrx_word' id='word_1_222' title='bbox 925 3621 1106 3700; x_wconf 87' lang='lat' dir='ltr'><strong>exemplis.</strong></span> <span class='ocrx_word' id='word_1_223' title='bbox 1140 3620 1194 3682; x_wconf 95' lang='lat' dir='ltr'><strong>De</strong></span> <span class='ocrx_word' id='word_1_224' title='bbox 1229 3637 1300 3698; x_wconf 89' lang='lat' dir='ltr'><strong>quo</strong></span> <span class='ocrx_word' id='word_1_225' title='bbox 1329 3616 1500 3680; x_wconf 88' lang='lat' dir='ltr'><strong>Tullius</strong></span> <span class='ocrx_word' id='word_1_226' title='bbox 1530 3619 1590 3688; x_wconf 92' lang='lat' dir='ltr'><strong>ait,</strong></span> <span class='ocrx_word' id='word_1_227' title='bbox 1621 3616 1784 3678; x_wconf 90' lang='lat' dir='ltr'><strong>orando:</strong></span> 
     </span>
     <span class='ocr_line' id='line_1_26' title="bbox 454 3723 1786 3808; baseline -0.006 -18"><span class='ocrx_word' id='word_1_228' title='bbox 454 3747 471 3780; x_wconf 77' lang='lat'><strong>&lt;</strong></span> <span class='ocrx_word' id='word_1_229' title='bbox 491 3727 627 3790; x_wconf 84' lang='lat' dir='ltr'><strong>Habuit</strong></span> <span class='ocrx_word' id='word_1_230' title='bbox 650 3728 710 3790; x_wconf 94' lang='lat' dir='ltr'><strong>ille</strong></span> <span class='ocrx_word' id='word_1_231' title='bbox 732 3728 913 3808; x_wconf 86' lang='lat' dir='ltr'><strong>permulta</strong></span> <span class='ocrx_word' id='word_1_232' title='bbox 934 3747 1005 3790; x_wconf 93' lang='lat' dir='ltr'><strong>non</strong></span> <span class='ocrx_word' id='word_1_233' title='bbox 1029 3745 1199 3808; x_wconf 89' lang='lat' dir='ltr'><strong>expressa</strong></span> <span class='ocrx_word' id='word_1_234' title='bbox 1230 3727 1343 3808; x_wconf 80' lang='lat' dir='ltr'><strong>signa,</strong></span> <span class='ocrx_word' id='word_1_235' title='bbox 1368 3725 1433 3788; x_wconf 91' lang='lat' dir='ltr'><strong>sed</strong></span> <span class='ocrx_word' id='word_1_236' title='bbox 1466 3725 1682 3787; x_wconf 87' lang='lat' dir='ltr'><strong>adumbrata</strong></span> <span class='ocrx_word' id='word_1_237' title='bbox 1715 3723 1786 3782; x_wconf 90' lang='lat' dir='ltr'><strong>vir·</strong></span> 
     </span>
     <span class='ocr_line' id='line_1_27' title="bbox 453 3829 1786 3915; baseline -0.006 -17"><span class='ocrx_word' id='word_1_238' title='bbox 453 3838 577 3898; x_wconf 88' lang='lat' dir='ltr'><strong>tutum.</strong></span> <span class='ocrx_word' id='word_1_239' title='bbox 624 3834 802 3897; x_wconf 87' lang='lat' dir='ltr'><strong>Utebatur</strong></span> <span class='ocrx_word' id='word_1_240' title='bbox 828 3835 1030 3898; x_wconf 91' lang='lat' dir='ltr'><strong>bominibus</strong></span> <span class='ocrx_word' id='word_1_241' title='bbox 1066 3835 1247 3915; x_wconf 89' lang='lat' dir='ltr'><strong>improbis,</strong></span> <span class='ocrx_word' id='word_1_242' title='bbox 1273 3837 1308 3896; x_wconf 91' lang='lat' dir='ltr'><strong>et</strong></span> <span class='ocrx_word' id='word_1_243' title='bbox 1342 3834 1488 3913; x_wconf 92' lang='lat' dir='ltr'><strong>quidem</strong></span> <span class='ocrx_word' id='word_1_244' title='bbox 1522 3831 1665 3912; x_wconf 91' lang='lat' dir='ltr'><strong>optimis</strong></span> <span class='ocrx_word' id='word_1_245' title='bbox 1697 3829 1786 3891; x_wconf 84' lang='lat' dir='ltr'><strong>viris</strong></span> 
     </span>
     <span class='ocr_line' id='line_1_28' title="bbox 450 3937 1785 4020; baseline -0.005 -15"><span class='ocrx_word' id='word_1_246' title='bbox 450 3962 492 4005; x_wconf 88' lang='lat' dir='ltr'><strong>se</strong></span> <span class='ocrx_word' id='word_1_247' title='bbox 514 3943 676 4005; x_wconf 88' lang='lat' dir='ltr'><strong>deditum</strong></span> <span class='ocrx_word' id='word_1_248' title='bbox 704 3961 783 4005; x_wconf 86' lang='lat' dir='ltr'><strong>esse</strong></span> <span class='ocrx_word' id='word_1_249' title='bbox 813 3944 1013 4006; x_wconf 88' lang='lat' dir='ltr'><strong>simulabat.</strong></span> <span class='ocrx_word' id='word_1_250' title='bbox 1052 3941 1241 4020; x_wconf 88' lang='lat' dir='ltr'><strong>Nunquam</strong></span> <span class='ocrx_word' id='word_1_251' title='bbox 1270 3941 1343 4003; x_wconf 92' lang='lat' dir='ltr'><strong>tale</strong></span> <span class='ocrx_word' id='word_1_252' title='bbox 1377 3942 1574 4001; x_wconf 85' lang='lat' dir='ltr'><strong>monstrum</strong></span> <span class='ocrx_word' id='word_1_253' title='bbox 1607 3938 1645 3999; x_wconf 91' lang='lat' dir='ltr'><strong>in</strong></span> <span class='ocrx_word' id='word_1_254' title='bbox 1678 3937 1785 3999; x_wconf 89' lang='lat' dir='ltr'><strong>terris</strong></span> 
     </span>
     <span class='ocr_line' id='line_1_29' title="bbox 453 4045 1785 4129; baseline -0.006 -16"><span class='ocrx_word' id='word_1_255' title='bbox 453 4051 589 4113; x_wconf 87' lang='lat' dir='ltr'><strong>nullum</strong></span> <span class='ocrx_word' id='word_1_256' title='bbox 611 4048 723 4112; x_wconf 87' lang='lat' dir='ltr'><strong>fnisse</strong></span> <span class='ocrx_word' id='word_1_257' title='bbox 750 4052 847 4129; x_wconf 91' lang='lat' dir='ltr'><strong>puto,</strong></span> <span class='ocrx_word' id='word_1_258' title='bbox 877 4053 951 4112; x_wconf 88' lang='lat' dir='ltr'><strong>tam</strong></span> <span class='ocrx_word' id='word_1_259' title='bbox 982 4049 1171 4112; x_wconf 90' lang='lat' dir='ltr'><strong>contrariis</strong></span> <span class='ocrx_word' id='word_1_260' title='bbox 1206 4048 1430 4126; x_wconf 88' lang='lat' dir='ltr'><strong>diversisque</strong></span> <span class='ocrx_word' id='word_1_261' title='bbox 1453 4049 1489 4108; x_wconf 99' lang='lat' dir='ltr'><strong>et</strong></span> <span class='ocrx_word' id='word_1_262' title='bbox 1523 4045 1617 4107; x_wconf 90' lang='lat' dir='ltr'><strong>inter</strong></span> <span class='ocrx_word' id='word_1_263' title='bbox 1647 4062 1686 4106; x_wconf 91' lang='lat' dir='ltr'><strong>se</strong></span> <span class='ocrx_word' id='word_1_264' title='bbox 1721 4062 1785 4123; x_wconf 89' lang='lat' dir='ltr'><strong>pu·</strong></span> 
     </span>
     <span class='ocr_line' id='line_1_30' title="bbox 452 4151 1785 4238; baseline -0.005 -20"><span class='ocrx_word' id='word_1_265' title='bbox 452 4158 643 4238; x_wconf 81' lang='lat' dir='ltr'><strong>gnantibus</strong></span> <span class='ocrx_word' id='word_1_266' title='bbox 666 4160 794 4219; x_wconf 91' lang='lat' dir='ltr'><strong>nature</strong></span> <span class='ocrx_word' id='word_1_267' title='bbox 817 4157 946 4219; x_wconf 90' lang='lat' dir='ltr'><strong>studiis</strong></span> <span class='ocrx_word' id='word_1_268' title='bbox 970 4156 1300 4237; x_wconf 90' lang='lat' dir='ltr'><strong>cupiditatibusque</strong></span> <span class='ocrx_word' id='word_1_269' title='bbox 1323 4154 1527 4216; x_wconf 84' lang='lat' dir='ltr'><strong>conflatum.</strong></span> <span class='ocrx_word' id='word_1_270' title='bbox 1574 4151 1661 4236; x_wconf 86' lang='lat' dir='ltr'><strong>Quis</strong></span> <span class='ocrx_word' id='word_1_271' title='bbox 1691 4151 1785 4212; x_wconf 89' lang='lat' dir='ltr'><strong>enim</strong></span> 
     </span>
     <span class='ocr_line' id='line_1_31' title="bbox 453 4259 1784 4343; baseline -0.005 -16"><span class='ocrx_word' id='word_1_272' title='bbox 453 4265 667 4327; x_wconf 90' lang='lat' dir='ltr'><strong>clarioribus</strong></span> <span class='ocrx_word' id='word_1_273' title='bbox 690 4265 777 4327; x_wconf 91' lang='lat' dir='ltr'><strong>viris</strong></span> <span class='ocrx_word' id='word_1_274' title='bbox 802 4264 1018 4343; x_wconf 90' lang='lat' dir='ltr'><strong>quandoque</strong></span> <span class='ocrx_word' id='word_1_275' title='bbox 1039 4262 1256 4326; x_wconf 82' lang='lat' dir='ltr'><strong>iocundior?</strong></span> <span class='ocrx_word' id='word_1_276' title='bbox 1284 4263 1363 4341; x_wconf 90' lang='lat' dir='ltr'><strong>quis</strong></span> <span class='ocrx_word' id='word_1_277' title='bbox 1380 4261 1601 4341; x_wconf 90' lang='lat' dir='ltr'><strong>turpioribus</strong></span> <span class='ocrx_word' id='word_1_278' title='bbox 1618 4259 1784 4321; x_wconf 89' lang='lat' dir='ltr'><strong>coniunc-</strong></span> 
     </span>
     <span class='ocr_line' id='line_1_32' title="bbox 452 4365 1785 4452; baseline -0.006 -18"><span class='ocrx_word' id='word_1_279' title='bbox 452 4373 553 4435; x_wconf 78' lang='lat' dir='ltr'><strong>ciori</strong></span> <span class='ocrx_word' id='word_1_280' title='bbox 577 4372 656 4452; x_wconf 93' lang='lat' dir='ltr'><strong>quis</strong></span> <span class='ocrx_word' id='word_1_281' title='bbox 680 4372 768 4434; x_wconf 90' lang='lat' dir='ltr'><strong>civis</strong></span> <span class='ocrx_word' id='word_1_282' title='bbox 791 4371 986 4451; x_wconf 88' lang='lat' dir='ltr'><strong>aliquando</strong></span> <span class='ocrx_word' id='word_1_283' title='bbox 1009 4370 1163 4432; x_wconf 81' lang='lat' dir='ltr'><strong>meliori</strong></span> <span class='ocrx_word' id='word_1_284' title='bbox 1187 4369 1267 4448; x_wconf 89' lang='lat' dir='ltr'><strong>quis</strong></span> <span class='ocrx_word' id='word_1_285' title='bbox 1289 4369 1402 4432; x_wconf 89' lang='lat' dir='ltr'><strong>hostis</strong></span> <span class='ocrx_word' id='word_1_286' title='bbox 1431 4366 1567 4430; x_wconf 85' lang='lat' dir='ltr'><strong>civitati</strong></span> <span class='ocrx_word' id='word_1_287' title='bbox 1602 4365 1785 4428; x_wconf 82' lang='lat' dir='ltr'><strong>deteriori</strong></span> 
     </span>
    </p>
   </div>
   <div class='ocr_carea' id='block_1_6' title="bbox 559 4701 705 4764">
    <p class='ocr_par' dir='ltr' id='par_1_6' title="bbox 559 4701 705 4764">
     <span class='ocr_line' id='line_1_33' title="bbox 559 4701 705 4764; baseline 0.007 -13"><span class='ocrx_word' id='word_1_288' title='bbox 559 4701 705 4764; x_wconf 83' lang='lat' dir='ltr'><strong>a)-et.</strong></span> 
     </span>
    </p>
   </div>
   <div class='ocr_carea' id='block_1_7' title="bbox 452 4844 1785 5277">
    <p class='ocr_par' dir='ltr' id='par_1_7' title="bbox 452 4844 1785 5010">
     <span class='ocr_line' id='line_1_34' title="bbox 559 4844 1785 4919; baseline -0.007 -14"><span class='ocrx_word' id='word_1_289' title='bbox 559 4850 580 4919; x_wconf 90' lang='lat'><strong>¹)</strong></span> <span class='ocrx_word' id='word_1_290' title='bbox 600 4851 681 4905; x_wconf 88' lang='lat' dir='ltr'><strong>C&#39;est</strong></span> <span class='ocrx_word' id='word_1_291' title='bbox 699 4852 778 4904; x_wconf 87' lang='lat' dir='ltr'><strong>ainsi</strong></span> <span class='ocrx_word' id='word_1_292' title='bbox 802 4865 864 4917; x_wconf 86' lang='lat' dir='ltr'><strong>que</strong></span> <span class='ocrx_word' id='word_1_293' title='bbox 889 4865 924 4903; x_wconf 88' lang='lat' dir='ltr'><strong>se</strong></span> <span class='ocrx_word' id='word_1_294' title='bbox 949 4849 1059 4902; x_wconf 85' lang='lat' dir='ltr'><strong>trouve</strong></span> <span class='ocrx_word' id='word_1_295' title='bbox 1085 4845 1278 4914; x_wconf 89' lang='lat' dir='ltr'><strong>quelquefois</strong></span> <span class='ocrx_word' id='word_1_296' title='bbox 1301 4846 1429 4914; x_wconf 79' lang='lat' dir='ltr'><strong>designe</strong></span> <span class='ocrx_word' id='word_1_297' title='bbox 1453 4845 1484 4898; x_wconf 92' lang='lat' dir='ltr'><strong>le</strong></span> <span class='ocrx_word' id='word_1_298' title='bbox 1509 4845 1719 4912; x_wconf 82' lang='lat' dir='ltr'><strong>Polycraticus</strong></span> <span class='ocrx_word' id='word_1_299' title='bbox 1743 4844 1785 4896; x_wconf 84' lang='lat' dir='ltr'><strong>de</strong></span> 
     </span>
     <span class='ocr_line' id='line_1_35' title="bbox 452 4934 1555 5010; baseline -0.008 -16"><span class='ocrx_word' id='word_1_300' title='bbox 452 4941 530 4994; x_wconf 87' lang='lat' dir='ltr'><strong>Jean</strong></span> <span class='ocrx_word' id='word_1_301' title='bbox 548 4942 588 4994; x_wconf 86' lang='lat' dir='ltr'><strong>de</strong></span> <span class='ocrx_word' id='word_1_302' title='bbox 608 4941 781 5010; x_wconf 79' lang='lat' dir='ltr'><strong>salisbury.</strong></span> <span class='ocrx_word' id='word_1_303' title='bbox 801 4941 884 4993; x_wconf 90' lang='lat' dir='ltr'><strong>Nous</strong></span> <span class='ocrx_word' id='word_1_304' title='bbox 902 4939 1032 4991; x_wconf 87' lang='lat' dir='ltr'><strong>n&#39;avons</strong></span> <span class='ocrx_word' id='word_1_305' title='bbox 1048 4953 1091 5005; x_wconf 90' lang='lat' dir='ltr'><strong>pu</strong></span> <span class='ocrx_word' id='word_1_306' title='bbox 1110 4937 1272 4991; x_wconf 88' lang='lat' dir='ltr'><strong>retrouver</strong></span> <span class='ocrx_word' id='word_1_307' title='bbox 1289 4935 1320 4988; x_wconf 94' lang='lat' dir='ltr'><strong>le</strong></span> <span class='ocrx_word' id='word_1_308' title='bbox 1338 4943 1470 5003; x_wconf 81' lang='lat' dir='ltr'><strong>passage</strong></span> <span class='ocrx_word' id='word_1_309' title='bbox 1489 4934 1555 4987; x_wconf 78' lang='lat' dir='ltr'><strong>cite.</strong></span> 
     </span>
    </p>

    <p class='ocr_par' dir='ltr' id='par_1_8' title="bbox 560 5028 993 5097">
     <span class='ocr_line' id='line_1_36' title="bbox 560 5028 993 5097; baseline -0.014 -13"><span class='ocrx_word' id='word_1_310' title='bbox 560 5029 581 5097; x_wconf 60' lang='grc' dir='ltr'>ἢ</span> <span class='ocrx_word' id='word_1_311' title='bbox 601 5030 645 5084; x_wconf 78' lang='lat' dir='ltr'><strong>cf.</strong></span> <span class='ocrx_word' id='word_1_312' title='bbox 664 5031 820 5093; x_wconf 77' lang='lat' dir='ltr'><strong>Proverb,</strong></span> <span class='ocrx_word' id='word_1_313' title='bbox 838 5028 932 5090; x_wconf 84' lang='lat' dir='ltr'><strong>XXII,</strong></span> <span class='ocrx_word' id='word_1_314' title='bbox 950 5028 993 5080; x_wconf 80' lang='lat'><strong>15.</strong></span> 
     </span>
    </p>

    <p class='ocr_par' dir='ltr' id='par_1_9' title="bbox 561 5116 1049 5186">
     <span class='ocr_line' id='line_1_37' title="bbox 561 5116 1049 5186; baseline -0.012 -12"><span class='ocrx_word' id='word_1_315' title='bbox 561 5117 803 5186; x_wconf 76' lang='lat' dir='ltr'><strong>³)c.sa1.uusr.</strong></span> <span class='ocrx_word' id='word_1_316' title='bbox 825 5118 952 5181; x_wconf 73' lang='lat' dir='ltr'><strong>eculin,</strong></span> <span class='ocrx_word' id='word_1_317' title='bbox 972 5116 1049 5168; x_wconf 82' lang='lat' dir='ltr'><strong>xlv.</strong></span> 
     </span>
    </p>

    <p class='ocr_par' dir='ltr' id='par_1_10' title="bbox 559 5209 742 5277">
     <span class='ocr_line' id='line_1_38' title="bbox 559 5209 742 5277; baseline -0.011 -15"><span class='ocrx_word' id='word_1_318' title='bbox 559 5209 581 5277; x_wconf 88' lang='lat'><strong>⁴)</strong></span> <span class='ocrx_word' id='word_1_319' title='bbox 600 5211 653 5274; x_wconf 75' lang='lat' dir='ltr'><strong>ID,</strong></span> <span class='ocrx_word' id='word_1_320' title='bbox 672 5210 742 5262; x_wconf 74' lang='lat' dir='ltr'><strong>ibid.</strong></span> 
     </span>
    </p>
   </div>
   <div class='ocr_carea' id='block_1_8' title="bbox 1942 347 1967 804">
    <p class='ocr_par' dir='ltr' id='par_1_11' title="bbox 1942 347 1967 804">
     <span class='ocr_line' id='line_1_39' title="bbox 1942 347 1967 804; baseline 0 -396"><span class='ocrx_word' id='word_1_321' title='bbox 1942 347 1967 804; x_wconf 77' lang='lat' dir='ltr'><strong>l</strong></span> 
     </span>
    </p>
   </div>
   <div class='ocr_carea' id='block_1_9' title="bbox 0 0 2154 6117">
    <p class='ocr_par' dir='ltr' id='par_1_12' title="bbox 0 0 2154 6117">
     <span class='ocr_line' id='line_1_40' title="bbox 0 0 2154 6117; baseline 0 1"><span class='ocrx_word' id='word_1_322' title='bbox 0 0 2154 6117; x_wconf 95' lang='lat' dir='ltr'><strong> </strong></span> 
     </span>
    </p>
   </div>
  </div>
 </body>
</html>
