4300 6117
820 916 1007 970 IOHANNIS
1029 916 1211 971 DOMINICl
1661 908 1681 971 3

349 1011 425 1020 --ο

348 1142 427 1202 tate
451 1143 602 1211 tenetur,
634 1138 882 1220 Harpalicen¹,
909 1141 1120 1202 incredibile
1144 1143 1351 1213 monstrum,
1376 1143 1441 1203 sed
1462 1161 1586 1203 verum
1611 1142 1683 1203 vic·

348 1247 533 1317 toriosum,
573 1248 751 1309 ministrat
782 1248 915 1310 victum
938 1250 1014 1312 sine
1047 1248 1236 1328 triumpho,
1275 1251 1311 1310 et
1343 1267 1414 1314 non
1438 1249 1552 1310 solum
1573 1250 1683 1328 peda-

344 1365 476 1434 gogum
499 1373 601 1415 suum
625 1357 736 1433 rogat,
760 1357 800 1416 ut
822 1357 957 1436 migret,
984 1357 1049 1417 sed
1071 1356 1188 1437 ipsum
1208 1356 1409 1435 proclamat
1426 1374 1557 1427 cecum,
1582 1356 1683 1435 sequi

347 1462 578 1541 contempnit,
618 1480 663 1522 ne
686 1463 939 1542 precipitatum
971 1482 994 1524 a
1017 1462 1212 1543 precipicio
1235 1465 1366 1541 surgat,
1406 1463 1496 1524 alios
1528 1464 1683 1524 invitans

349 1566 483 1629 docere
507 1568 605 1646 quod
626 1568 767 1648 ignorat
790 1571 826 1631 et
848 1570 963 1631 nescit
987 1589 1056 1649 que
1081 1568 1248 1630 nesciat2.
1295 1568 1371 1630 Has
1395 1573 1493 1631 recte
1516 1571 1683 1631 tenebras

348 1674 615 1752 perhorrendas
637 1675 697 1735 lux
720 1676 893 1747 veritatis,
922 1679 958 1738 et
980 1678 1009 1737 si
1034 1677 1251 1755 quandoque
1275 1676 1397 1737 visitet
1420 1679 1456 1737 et
1478 1677 1682 1756 profundat,

347 1798 421 1841 non
445 1784 564 1842 tamen
585 1782 750 1854 illustrat,
786 1784 871 1861 quia
903 1784 1050 1844 tenebre
1073 1783 1251 1862 opinionis
1283 1800 1397 1862 opace
1429 1783 1684 1845 obstinacionis

347 1888 503 1949 obscure
538 1890 574 1949 et
604 1889 802 1968 pertinacie
832 1890 1010 1951 obdurate
1042 1908 1123 1951 eam
1148 1908 1219 1957 non
1253 1889 1568 1968 comprehendunt.
1609 1889 1684 1950 Hos

349 2012 432 2054 reor
466 1995 664 2056 detestatos
697 2014 763 2076 per
795 1997 1039 2076 evangelicum
1061 1998 1191 2067 vatem,
1235 2015 1258 2057 a
1282 1994 1418 2075 Spiritu
1442 1995 1583 2068 Sancto,
1624 1996 1685 2058 ubi

349 2118 411 2162 eos
436 2103 562 2162 narrat
587 2103 785 2164 «adorasse
809 2103 1080 2185 vespertiliones
1105 2105 1140 2164 et
1164 2101 1337 2182 talpas»³‚
1365 2105 1474 2182 atque
1501 2122 1568 2183 pro
1594 2105 1685 2164 cete·

350 2225 472 2268 rorum
496 2209 618 2279 tutela,
643 2210 690 2270 de
704 2208 1008 2289 horum-quolibet
1025 2229 1106 2272 cum
1121 2212 1293 2291 precepto
1311 2211 1458 2271 dixisse:
1486 2209 1685 2295 «Quiescite

350 2326 436 2393 ergo
461 2316 508 2375 ab
531 2314 682 2388 homine,
722 2317 822 2378 cuius
855 2318 1001 2395 spiritus
1035 2318 1073 2377 in
1106 2318 1252 2378 naribus
1279 2318 1364 2388 eius,
1406 2318 1490 2396 quia
1525 2317 1686 2378 excelsus

352 2423 539 2500 reputatus
565 2424 620 2483 est
642 2421 772 2501 ipse»⁴.

457 2526 532 2589 Ista
555 2529 676 2608 inepte
694 2530 852 2602 dixerim,
878 2531 1036 2591 virorum
1055 2532 1198 2610 optime,
1222 2530 1328 2592 michi
1359 2550 1501 2611 semper
1520 2533 1561 2592 ut
1583 2533 1687 2611 pater
1723 2528 1754 2590 4.

352 2635 676 2713 quamplurimum²
714 2638 928 2708 venerande,
984 2639 1153 2717 quoniam
1189 2639 1226 2698 in
1267 2638 1511 2718 penetralibus
1558 2638 1685 2699 mentis

352 2741 538 2802 cuiusdam
561 2743 661 2815 lucis,
686 2746 726 2804 ut
749 2745 868 2817 credo,
893 2745 1056 2806 aculeum
1079 2746 1198 2807 sencio
1221 2746 1279 2806 vel
1301 2745 1490 2816 stimulum,
1519 2742 1600 2806 meb
1638 2744 1687 2805 ad

352 2847 622 2927 dampnandum
645 2851 860 2911 secularium
892 2852 1076 2913 literarum
1101 2852 1266 2923 studium,
1301 2872 1322 2913 a
1346 2852 1508 2931 pluribus
1539 2871 1610 2913 non
1632 2869 1686 2913 so·

354 2954 538 3016 lummodo
573 2958 861 3019 commendatum
871 2956 891 3031 ⁵,
924 2959 1127 3019 sedeciam
1151 2977 1173 3019 a
1196 2959 1253 3019 vic
1288 2960 1433 3038 spiritus
1456 2959 1585 3021 obnixe
1605 2977 1687 3037 pro·

352 3064 497 3135 tectum,
535 3064 761 3141 frequencius
785 3064 1034 3143 impellentem.
1060 3064 1120 3127 Me
1144 3066 1297 3145 denique
1322 3066 1435 3127 eciam
1464 3065 1569 3127 michi
1592 3066 1688 3145 igno·

354 3171 493 3230 rantem
517 3188 595 3232 esse
617 3182 747 3251 negare
771 3191 842 3233 non
864 3190 1024 3251 possum;
1048 3173 1087 3234 id
1111 3173 1239 3234 ceteris
1263 3175 1317 3234 est
1338 3173 1567 3254 propatulum
1588 3173 1686 3234 satis.

355 3273 447 3337 Hinc
473 3276 579 3337 timeo
604 3277 641 3337 in
665 3297 704 3339 re
720 3279 783 3339 tali
809 3268 828 3360 ΙΙ
854 3297 926 3339 non
947 3297 1076 3358 parum
1093 3297 1225 3341 errare.
1250 3278 1322 3341 Eos
1339 3298 1435 3352 vero,
1459 3280 1519 3359 qui
1538 3278 1687 3359 prefatis
1787 3275 1886 3337 B1v0

356 3382 461 3444 dictis
484 3384 572 3444 meis
589 3387 782 3463 opponunt,
807 3387 903 3446 lama
926 3404 997 3447 non
1013 3386 1243 3448 mediocriter
1259 3380 1442 3448 celebrati
1465 3388 1502 3448 in
1525 3389 1687 3465 utroque.

356 3486 448 3551 Hinc
474 3490 589 3551 titubo
610 3492 731 3571 magis,
756 3509 821 3553 nec
845 3493 896 3554 sic
921 3495 1041 3554 tamen
1064 3493 1183 3554 adhuc
1204 3494 1329 3573 langor
1352 3494 1479 3554 mentis
1499 3512 1556 3554 me
1572 3493 1687 3572 quies·

356 3614 437 3657 cere
461 3595 614 3675 pacifice
638 3599 730 3660 sinit.

462 3700 632 3766 Lustrato
655 3706 762 3785 igitur
786 3709 865 3767 cetu
889 3707 1047 3768 virorum
1069 3708 1270 3780 illustrium,
1301 3707 1430 3786 quibus
1453 3709 1577 3768 nostra
1600 3709 1687 3769 tem·
1724 3702 1753 3764 5.

357 3827 447 3888 pora
471 3808 611 3883 florent,
651 3813 686 3873 te
709 3831 776 3892 pre
799 3814 927 3875 ceteris
950 3815 1105 3876 iudicem
1129 3814 1363 3886 dirimentem,
1404 3815 1531 3876 ducem
1556 3815 1687 3876 condu-

358 4022 569 4043 -——=--

464 4178 496 4235 a)
516 4193 550 4224 =
570 4178 745 4245 plurimum.
795 4182 827 4243 b)
852 4197 887 4227 :
912 4196 1031 4247 meque.
1082 4185 1111 4245 c)
1130 4183 1226 4237 eciam
1251 4199 1270 4237 a
1296 4183 1336 4247 vi,
1368 4184 1458 4236 d'une
1486 4184 1574 4237 autre
1600 4184 1692 4247 main,

359 4266 393 4330 d)
407 4283 441 4312 =
460 4267 644 4320 celebratur.

466 4440 487 4507 ¹)
506 4443 551 4496 cf.
571 4444 690 4496 Vmon„
727 4445 803 4498 Aen.
822 4446 844 4509 1,
863 4446 924 4510 320,
942 4447 1004 4499 321.
1041 4448 1174 4516 Passage
1192 4463 1280 4501 assez
1299 4450 1419 4503 obscur.

468 4537 489 4604 ²)
507 4540 648 4595 Allnsion
667 4558 707 4595 an
731 4552 862 4611 passage
886 4544 951 4597 tres
977 4560 1079 4598 connu
1104 4546 1144 4598 de
1168 4545 1291 4599 Sidoine
1310 4548 1508 4614 Apolliuaire.
1535 4550 1634 4601 Carni.
1653 4558 1693 4601 tx.

359 4627 496 4682 342-343ε

759 4732 772 4756 ι
782 4718 872 4760 Verum
888 4719 909 4760 si
925 4720 1009 4771 cupias
1022 4720 1133 4773 probare,
1148 4723 1214 4763 tanta

760 4789 845 4831 Nullus
860 4792 912 4842 sclt,
926 4792 1077 4842 mihicrede,
1092 4795 1181 4845 quauta
1196 4794 1278 4835 nescit.
1288 4808 1300 4831 »

470 4892 491 4962 ⁸)
510 4898 582 4949 Isau
609 4908 639 4959 11,
657 4899 701 4952 20.

468 4983 670 5050 tmmn

469 5070 490 5138 ⁶)
509 5075 662 5128 Dominici
680 5077 802 5131 insinuo
820 5078 901 5131 donc
919 5080 992 5146 qu'il
1010 5080 1059 5132 n'a
1078 5081 1143 5147 pris
1163 5081 1193 5133 la
1212 5082 1317 5148 plume
1335 5098 1395 5149 que
1414 5098 1468 5135 sur
1480 5084 1526 5135 les
1538 5082 1694 5136 instances

363 5160 405 5214 de
423 5163 487 5215 tout
506 5180 549 5217 nn
566 5174 691 5233 groupe.
