4300 6117
817 962 1004 1016 IOHANNIS
1024 963 1207 1017 n0M1N1cl
1660 955 1682 1017 9

344 1186 683 1257 enimBrittanicus,
723 1185 1091 1248 inPolicratico
1122 1185 1283 1258 librol,
1321 1188 1372 1249 sic
1396 1188 1498 1250 dicit:
1549 1184 1680 1250 «Tunc

343 1296 459 1355 totum
475 1293 671 1372 reipublice
695 1310 826 1371 corpus
842 1294 896 1354 sui
919 1294 1123 1372 integritate
1147 1294 1289 1373 vigebit,
1321 1296 1406 1355 tunc
1430 1295 1563 1373 optime
1587 1314 1679 1357 com·

344 1401 538 1479 posicionis
558 1400 679 1478 specie
694 1400 952 1469 venustabitur,
978 1402 1013 1461 et
1030 1400 1201 1479 elegantis
1215 1400 1491 1479 pulchritudinis
1513 1402 1680 1463 decorem

342 1508 478 1578 induet,
504 1507 533 1568 si
558 1506 726 1586 singula
749 1525 914 1586 queque
937 1507 1073 1569 locum
1096 1526 1214 1569 suum
1238 1510 1412 1569 teneant
1435 1509 1589 1569 sortita
1614 1510 1678 1570 de·

345 1614 493 1686 centei,
519 1615 550 1675 si
572 1614 682 1675 fuerit
704 1612 905 1675 officiorum
928 1632 1000 1675 non
1023 1613 1194 1686 confusio,
1220 1616 1284 1675 sed
1309 1612 1575 1676 distribuciovt
1605 1613 1678 1676 Sed

343 1738 452 1799 quam
478 1720 664 1782 confusum
684 1719 860 1799 turpeque
885 1721 1095 1791 diceremus,
1120 1722 1151 1783 si
1166 1720 1298 1782 fuerit²
1322 1740 1452 1803 corpus
1476 1721 1676 1793 humanum,

343 1828 375 1888 si
398 1830 529 1889 nonin
553 1828 673 1907 capite
696 1827 803 1898 visus,
828 1829 895 1889 sed
918 1829 984 1889 sub
1008 1828 1141 1907 plantis
1164 1828 1310 1889 lateret!
1350 1827 1465 1913 Quam
1489 1829 1678 1890 ridiculum

345 1931 423 1995 esth
446 1936 586 2005 intueri,
614 1953 698 2016 ymo
731 1933 1005 2005 abhominabile,
1038 1936 1188 1996 multum
1227 1938 1384 1997 erectam
1412 1936 1596 2006 cervicem,
1633 1954 1677 1997 ne

344 2042 462 2102 dicam
486 2042 633 2121 quidem
657 2042 780 2103 oculos
803 2061 874 2102 non
897 2041 1099 2114 habentem,
1140 2043 1207 2103 sed
1230 2061 1296 2103 nec
1318 2042 1398 2121 ipsa
1426 2055 1560 2122 organa
1582 2044 1678 2104 unde

343 2150 458 2227 possit
480 2149 599 2209 anima
623 2149 740 2210 latens
763 2147 980 2210 fructuosius
1004 2149 1200 2229 speculari!
1225 2148 1340 2234 Quam
1364 2150 1626 2229 imprudentem
1642 2153 1679 2211 et

343 2255 516 2317 insulsum
538 2256 649 2316 turba
671 2256 832 2335 quelibet
855 2256 1036 2317 estimabit
1058 2256 1167 2326 illum,
1199 2258 1260 2335 qui
1285 2257 1388 2336 erigit
1410 2257 1593 2336 speculam
1614 2274 1678 2318 seu

342 2363 505 2423 custodie
529 2364 656 2423 turrim
680 2362 900 2434 altissimam,
940 2364 1018 2424 sine
1041 2364 1217 2434 fenestris,
1257 2364 1332 2424 sine
1357 2364 1491 2424 rimulis
1520 2364 1674 2442 quidem,

343 2469 443 2530 cuius
466 2469 627 2530 homines
652 2470 748 2531 nullo
772 2470 880 2531 modo
895 2471 1040 2531 valeant
1057 2471 1254 2549 quidquam
1278 2471 1326 2531 ad
1343 2473 1452 2541 extra,
1478 2489 1542 2531 nec
1558 2470 1675 2549 ipsum

341 2575 458 2636 celum
481 2566 499 2658 l(
525 2577 667 2637 videre!
1770 2572 1800 2633 B
1816 2570 1869 2631 2νο

448 2681 496 2743 Et
519 2683 608 2761 quid
632 2685 713 2744 sunt
734 2684 926 2762 principes,
961 2684 1013 2744 rei
1037 2685 1182 2763 publice
1205 2686 1366 2745 tenentes
1397 2684 1567 2755 habenas,
1606 2683 1675 2745 nisi
1711 2679 1741 2739 5.

342 2789 439 2849 velut
478 2792 586 2868 caput
622 2791 734 2869 ipsius
769 2793 938 2863 erectum,
979 2792 1110 2870 inquo
1139 2792 1254 2853 tocius
1277 2792 1502 2870 presidencie
1536 2790 1674 2869 limpidi

343 2896 434 2957 oculi
459 2897 527 2958 sibi
550 2898 744 2958 vendicant
778 2898 943 2958 meritum
970 2897 1110 2959 locum?
1149 2897 1222 2959 Sed
1245 2899 1407 2959 fortassis
1432 2899 1592 2960 dicturus
1622 2899 1676 2958 est

342 3003 535 3081 quispiam:
574 3002 720 3064 Habent
755 3005 936 3083 sapientes
975 3007 1010 3065 et
1045 3006 1223 3076 doctores,
1268 3022 1420 3083 quorum
1459 3006 1606 3066 consilia
1639 3005 1676 3063 in

341 3110 644 3188 oportunitatibus
682 3115 835 3189 querunt
871 3114 906 3172 et
940 3113 1137 3173 secuudum
1164 3111 1227 3173 illa
1248 3113 1457 3191 procedunt.
1505 3111 1584 3173 Hoc
1622 3113 1676 3173 est

343 3217 439 3294 quod
463 3217 629 3277 dicebam
652 3218 768 3278 visum
792 3219 858 3279 sub
881 3219 1007 3297 planta
1029 3220 1152 3279 latere.
1193 3218 1271 3280 Hoc
1297 3222 1350 3280 est
1373 3218 1537 3281 confiteri
1560 3219 1675 3280 tocius

342 3323 503 3402 corporis
536 3324 588 3384 rei
621 3325 764 3403 publice
796 3324 874 3385 fore
905 3325 1070 3387 intuitum
1095 3327 1332 3397 tenebrosum,
1374 3345 1418 3387 ex
1440 3344 1521 3404 quo,
1558 3326 1675 3405 prima

446 3783 479 3843 a)
498 3808 531 3816 -
551 3780 577 3832 si
596 3778 696 3833 tuerit.
733 3781 765 3843 b)
784 3797 819 3827 =
838 3782 929 3833 esset.

341 3972 415 4026 tium
433 3990 503 4027 cum
523 3975 656 4040 quadam
675 3975 787 4027 coloris
806 3975 959 4029 suavitate
983 3984 1035 4026 vn.
1054 3975 1149 4027 781.›.
1177 4002 1203 4011 —
1231 3975 1270 4028 Et
1285 3977 1365 4029 cette
1390 3977 1478 4028 autre
1503 3976 1673 4041 definition,

341 4064 409 4116 ibid.
427 4064 478 4127 xl,
496 4073 580 4116 xxn:
603 4064 824 4117 ‹Pulchritudo
842 4080 906 4117 uon
924 4065 1014 4128 mole,
1032 4064 1090 4116 sed
1108 4065 1316 4117 membrorum
1335 4065 1489 4131 parilitate
1508 4081 1543 4118 ac
1557 4065 1673 4119 dimen-

340 4152 427 4205 sione
445 4154 598 4206 constat».
635 4154 671 4205 In
692 4152 782 4220 Oper.
802 4164 855 4214 vn,
874 4154 935 4207 335.

446 4239 467 4306 ¹)
487 4242 569 4295 C'est
588 4243 668 4295 ainsi
687 4257 748 4309 que
766 4243 919 4295 Dominici
938 4244 1101 4310 designera
1113 4243 1354 4296 ordinairemeut
1367 4244 1444 4296 Jean
1458 4244 1499 4296 de
1512 4242 1673 4311 Salisbury

341 4325 531 4397 [Bruanium
549 4348 589 4385 ou
607 4328 739 4400 BrtetoJ
759 4360 790 4368 -
810 4334 854 4385 Le
873 4333 1083 4398 Polyerutteus
1100 4335 1164 4385 sive
1182 4334 1219 4384 de
1235 4333 1334 4400 Nugis
1346 4333 1505 4384 curialium
1525 4333 1600 4385 dont
1612 4332 1672 4385 Do·

340 4421 442 4473 minici
467 4422 563 4473 citera
589 4421 647 4473 des
665 4422 793 4474 extraits
812 4421 831 4473 h
849 4422 990 4474 diverses
1010 4421 1154 4488 reprises,
1177 4423 1225 4474 est
1243 4421 1334 4473 dedic
1353 4421 1371 4473 t
1389 4418 1521 4474 Thomas
1540 4421 1672 4484 Becket;

340 4509 412 4562 c’est
429 4510 449 4561 a
467 4510 498 4562 la
516 4508 574 4563 fois
593 4526 654 4564 une
677 4511 772 4563 satire
797 4512 853 4563 des
873 4526 984 4563 moeurs
1003 4511 1117 4563 deson
1135 4511 1235 4577 temps
1261 4512 1292 4563 et
1310 4511 1565 4577 principalement
1583 4510 1623 4564 de
1642 4510 1672 4563 la

339 4613 412 4651 oour
430 4599 470 4652 de
488 4599 584 4652 Henri
601 4600 638 4663 11,
657 4615 701 4654 en
717 4602 818 4653 meme
836 4602 938 4667 temps
962 4600 1055 4667 qu'un
1073 4609 1209 4668 ouvrage
1220 4600 1260 4652 de
1272 4600 1421 4667 polilique
1440 4602 1469 4652 et
1487 4599 1527 4651 de
1545 4601 1672 4652 morale.

340 4686 490 4740 Dominici
515 4688 610 4741 citera
636 4704 750 4742 encore
774 4690 814 4741 de
841 4690 917 4742 Jean
941 4689 981 4741 de
1007 4689 1168 4756 Salisbury
1186 4690 1216 4741 le
1235 4689 1443 4756 Metalogieus,
1461 4689 1591 4755 critique
1616 4688 1672 4742 des

338 4775 411 4829 faux
430 4777 631 4844 philosophos
650 4778 723 4844 qu¹il
743 4779 866 4845 appelle
881 4777 1092 4842 Comitium&
1112 4777 1311 4829 l'Enthetleus
1329 4780 1366 4829 de
1385 4780 1524 4845 dogmate
1537 4779 1673 4843 philoso-

336 4867 477 4931 phorum,
494 4867 605 4933 poeme
623 4868 663 4919 de
684 4868 755 4920 1800
771 4882 854 4929 vers,
873 4867 964 4920 dedic
983 4866 1065 4919 aussi
1083 4864 1248 4919 aThomas
1266 4866 1390 4927 Becket,
1409 4867 1516 4919 contre
1534 4867 1580 4918 les
1599 4865 1672 4919 faux

340 4954 538 5021 philosophos
557 4955 601 5008 du
617 4957 728 5023 temps.
764 4956 799 5008 A.
819 4956 985 5019 Momm,
1004 4971 1057 5008 sur
1076 4956 1154 5007 Jean
1173 4955 1214 5007 de
1230 4954 1392 5024 Salisbury
1410 4957 1471 5007 Les
1483 4954 1615 5008 sources
1635 4958 1673 5008 de

340 5043 493 5097 lHislolre
511 5046 548 5097 de
566 5046 695 5105 Mance,
717 5046 753 5108 11,
771 5045 814 5097 No
832 5044 914 5108 203⁹,
932 5059 961 5112 p.
980 5045 1107 5097 254255.

445 5130 607 5198 ⁷)HORAT.
636 5134 705 5186 Art.
720 5137 811 5201 poet..
830 5135 873 5188 92.

445 5218 466 5286 ³)
487 5221 531 5274 Cf.
551 5223 704 5288 Polyerut.
723 5224 745 5286 1,
764 5238 830 5290 cap.
849 5233 891 5275 IV.
