4300 6117
462 813 527 875 220
958 824 1118 879 LUCULA
1140 824 1279 879 NOCTIS

461 1046 515 1109 Da
551 1048 759 1121 hominem,
789 1050 849 1127 qui
894 1068 1075 1128 nunquam
1115 1050 1206 1112 vidit
1243 1068 1357 1129 neque
1403 1049 1540 1130 aliquid
1583 1051 1723 1112 audivit
1756 1051 1804 1112 de

460 1154 539 1233 igne
563 1158 598 1216 et
624 1156 760 1216 fumum
782 1156 963 1217 intueatur
985 1175 1007 1217 a
1031 1158 1192 1229 remotis,
1219 1160 1254 1219 et
1276 1160 1359 1236 pete
1377 1158 1430 1218 'ab
1453 1157 1515 1218 illo
1538 1158 1627 1236 quid
1649 1158 1696 1219 sit
1713 1158 1802 1237 ignis

460 1260 659 1323 secundum
696 1264 947 1337 substanciam,
973 1264 1186 1343 qualitatem
1224 1265 1453 1326 intrinsecam
1481 1266 1517 1325 et
1541 1264 1802 1326 extrinsecam?

459 1366 506 1430 Et
530 1387 609 1430 cum
636 1370 786 1431 forsitan
811 1372 1038 1449 responderit
1064 1390 1144 1433 esse
1168 1371 1350 1450 quoddam
1373 1371 1557 1432 flabellum
1580 1374 1643 1432 aut
1665 1371 1801 1433 tolleris

459 1478 578 1536 actum
602 1476 661 1537 vel
685 1480 838 1557 ventum,
864 1477 947 1556 quia
971 1478 1039 1539 hiis
1071 1480 1224 1558 agitatos
1253 1478 1447 1557 aliquando
1475 1478 1511 1538 in
1535 1478 1801 1540 similitudinem

459 1584 545 1643 fumi
568 1584 736 1662 pulveres
760 1585 851 1646 vidit
872 1586 909 1645 in
944 1584 1060 1647 celum
1098 1588 1249 1658 erectos,
1274 1585 1427 1665 amplius
1461 1603 1532 1646 non
1566 1584 1676 1647 habet
1714 1585 1802 1664 quid

459 1690 565 1762 dicat,
591 1691 659 1751 nisi
684 1691 769 1769 quia
791 1692 929 1770 aliquid
955 1696 1009 1754 est
1022 1693 1151 1773 agendi
1166 1694 1332 1773 potencia
1348 1694 1493 1772 grande.
1511 1691 1670 1754 Ostende
1686 1692 1800 1764 alteri,

460 1798 520 1875 qui
559 1799 670 1877 pedes
706 1817 777 1860 non
811 1800 903 1861 vidit
937 1800 1119 1872 humanos,
1164 1802 1200 1861 et
1246 1800 1345 1861 dicat
1384 1799 1562 1861 hominem
1599 1800 1649 1861 ibi
1679 1796 1800 1861 tuisse.

459 1901 577 1988 Quere
612 1905 761 1968 ulterius
791 1908 838 1967 ab
873 1907 976 1987 ipso:
1013 1906 1080 1968 fuit
1102 1907 1281 1968 masculus
1315 1909 1379 1967 aut
1402 1904 1562 1968 femina?
1584 1906 1709 1985 longus
1744 1906 1803 1967 vel

458 2013 607 2074 brevis?
631 2014 775 2092 sapiens
799 2017 861 2075 aut
884 2014 1042 2075 stultus?
1067 2015 1273 2094 decrepitus
1298 2032 1361 2074 seu
1384 2013 1529 2074 iuvenili
1556 2016 1653 2074 etate
1675 2014 1802 2075 robus·

458 2123 526 2191 tus,
551 2138 659 2181 sanus
676 2121 751 2182 sive
768 2121 987 2203 languidus?
1011 2122 1128 2183 nudus
1141 2122 1199 2182 vel
1215 2123 1339 2193 tectus,
1358 2122 1443 2182 etc?
1466 2119 1513 2181 Et
1532 2120 1601 2181 erit
1615 2120 1802 2181 silencium

459 2228 644 2305 responsio
661 2246 728 2289 sua
742 2233 766 2289 ².
783 2228 858 2300 Ast,
884 2230 914 2290 si
930 2229 1165 2308 prescivisset
1180 2228 1358 2289 hominem
1373 2228 1580 2307 sapientem,
1595 2228 1662 2288 sibi
1677 2230 1802 2288 notum

460 2337 495 2395 et
516 2352 648 2406 carum,
676 2336 761 2397 inde
784 2336 917 2397 debere
952 2336 1115 2407 transire,
1142 2353 1248 2413 quem
1282 2336 1375 2396 forte
1409 2335 1641 2396 desiderabat
1663 2334 1801 2405 videre,

459 2441 536 2502 viso
560 2443 718 2521 vestigio,
744 2446 826 2522 post
848 2444 965 2523 ipsum
994 2443 1114 2522 dirigit
1146 2441 1264 2512 calleS,
1289 2442 1500 2503 recordatus
1528 2442 1575 2503 de
1604 2441 1672 2502 viri
1694 2460 1802 2503 vene·

460 2548 584 2609 rabilis
607 2550 732 2621 torma,
757 2550 891 2621 habitu,
916 2550 1021 2611 simul
1044 2553 1081 2611 et
1104 2550 1233 2629 gracia.

394 2655 444 2717 10.
566 2655 640 2717 Isto
665 2658 771 2718 modo
795 2658 876 2719 dico
900 2657 947 2718 de
970 2656 1047 2718 Deo
1071 2657 1107 2717 in
1124 2656 1308 2727 creaturis,
1330 2656 1406 2717 sive
1428 2656 1591 2717 scienciis
1616 2654 1801 2733 requisito,

460 2763 557 2841 quod
580 2763 611 2824 si
636 2781 788 2842 querens
813 2783 894 2826 eum
916 2765 1032 2843 primo
1056 2764 1156 2826 novit
1178 2764 1270 2824 sicut
1293 2763 1385 2824 tides
1414 2761 1599 2832 catholica,
1624 2779 1694 2839 que
1722 2762 1803 2822 sola

459 2870 505 2930 de
527 2868 604 2931 Deo
627 2871 842 2949 inpermixta
863 2889 950 2932 vera
974 2872 1163 2941 ministrat,
1188 2870 1303 2931 Deum
1325 2870 1362 2930 in
1386 2871 1493 2930 rebus
1529 2868 1659 2929 creatis
1693 2886 1801 2929 vene·

459 2979 525 3048 tur,
551 2976 667 3055 ipsum
691 2978 871 3057 reperiet;
896 2980 970 3050 sed,
996 2978 1026 3039 si
1049 2979 1192 3057 ignarus
1220 2996 1285 3056 per
1314 2978 1498 3037 creaturas
1522 2975 1711 3047 discurrat,
1736 2977 1803 3036 aut

459 3082 589 3144 sciolus
624 3084 661 3143 in
696 3086 869 3146 creaturis
906 3088 1057 3165 propter
1094 3085 1279 3165 proprium
1314 3083 1538 3144 commodum
1573 3084 1734 3143 moratur
1761 3084 1802 3143 et

458 3189 667 3261 delectatur,
694 3210 759 3253 nec
783 3210 909 3253 aurum
933 3193 1098 3272 reperiet,
1124 3209 1240 3270 neque
1263 3190 1434 3252 letabitur
1455 3190 1502 3251 de
1526 3191 1679 3268 reperto.
1703 3186 1801 3248 Nun·

459 3315 566 3375 quam
588 3294 726 3360 Turcus
749 3298 807 3360 vel
828 3295 1012 3371 Tartarus,
1037 3299 1096 3359 vel
1120 3296 1339 3359 Sarracenus
1363 3297 1482 3377 legens
1509 3294 1691 3367 Senecam,
1715 3290 1800 3355 Tul-

458 3404 543 3465 lium
566 3406 624 3466 vel
647 3405 877 3477 Aristotilem
903 3408 971 3468 erit
995 3425 1060 3485 per
1089 3406 1278 3467 lectionem
1313 3405 1413 3465 illam
1436 3405 1485 3464 ad
1518 3402 1629 3464 fidem
1656 3402 1799 3464 verissi-

458 3530 552 3572 mam
567 3530 786 3574 accessurus.
812 3512 894 3583 Sed,
918 3515 949 3574 si
965 3515 1045 3592 quis
1061 3515 1133 3574 iam
1148 3512 1317 3574 didicerit
1331 3511 1502 3573 mundum
1518 3512 1668 3590 propter
1684 3510 1800 3571 celum

458 3618 699 3698 linquendum,
724 3618 839 3681 Deum
868 3622 1003 3682 cunctis
1031 3621 1230 3699 precordiis
1258 3619 1484 3698 diligendum,
1511 3619 1622 3696 ipsius
1650 3617 1801 3697 gloriam

457 3727 604 3805 proprie
636 3728 782 3788 utilitati
812 3729 1098 3806 premittendam,
1123 3729 1273 3807 propter
1307 3728 1466 3788 nostram
1499 3724 1651 3786 salutem
1684 3723 1801 3785 Deum

458 3833 691 3906 incarnatum,
718 3853 798 3895 cum
826 3835 972 3913 reliquis
1006 3835 1218 3896 veritatibus
1251 3832 1463 3895 necessariis
1496 3832 1545 3893 ad
1576 3832 1737 3903 salutem,
1763 3833 1802 3892 et

458 3941 596 4030 venerit
630 3942 679 4001 ad
714 3942 928 4003 secularium
962 3942 1222 4022 scripturarum
1256 3940 1455 4012 lectionem,
1479 3940 1613 4019 poterit
1646 3936 1801 4000 iocunde

458 4047 596 4126 aliquid
619 4048 669 4109 ibi
693 4048 739 4109 de
762 4047 839 4110 Deo
862 4049 995 4120 videre,
1021 4051 1057 4110 et
1080 4050 1197 4109 visum
1221 4048 1270 4109 ad
1292 4048 1450 4109 divinam
1482 4047 1626 4107 laudem
1657 4062 1799 4107 conser-

458 4172 554 4216 vare.
579 4154 636 4215 Da
659 4155 750 4216 tales
774 4156 969 4227 studentes,
995 4159 1031 4217 et
1055 4156 1137 4217 nolo
1162 4157 1208 4216 de
1233 4157 1353 4216 cetero
1376 4154 1412 4214 in
1435 4152 1667 4234 philosophos
1683 4152 1799 4212 excla-

459 4263 578 4323 mare!
1636 4244 1638 4251 ¹

393 4362 443 4424 11·
567 4367 641 4430 Sub
670 4370 733 4430 tali
757 4371 883 4431 ordine
910 4370 989 4449 lego
1012 4370 1169 4450 primam
1200 4367 1472 4450 phylosophiam
1493 4385 1516 4428 a
1539 4366 1616 4428 Deo
1644 4366 1800 4427 humano

458 4477 578 4555 generi
603 4476 739 4537 datam.
763 4474 805 4537 In
819 4477 996 4557 principio
1012 4478 1106 4537 enim
1123 4474 1315 4548 Geneseos,
1340 4476 1402 4537 ubi
1417 4477 1499 4536 sunt
1519 4472 1799 4554 profundissima

178 4576 299 4637 L65vo
326 4574 445 4636 Β49νο
458 4584 629 4665 mysteria
643 4576 669 4655 b,
704 4584 960 4644 inenarrabilia
984 4586 1020 4645 et
1042 4584 1272 4644 invariabilia
1295 4572 1312 4665 {l
1333 4584 1569 4652 sacramenta,
1594 4582 1756 4641 notatur:
1777 4568 1796 4660 Η

459 4688 575 4751 Homo
591 4690 708 4770 primo
725 4691 773 4750 ad
785 4691 984 4771 ymaginem
995 4689 1062 4751 Dei
1079 4692 1195 4752 iactus
1208 4687 1226 4761 ¹,
1251 4690 1287 4749 in
1307 4708 1378 4768 quo
1395 4689 1554 4768 signatur
1565 4687 1724 4748 divinum
1737 4685 1800 4746 de·

565 5001 597 5060 a)
619 5026 650 5034 —
671 5014 734 5051 sua.
773 4999 805 5061 b)
827 5026 854 5034 -
877 4999 1035 5067 mysteria.

566 5122 587 5189 ¹)
607 5123 651 5176 Ct.
673 5124 790 5188 Genea,
808 5124 830 5187 1,
848 5123 964 5177 26-27.
