<?xml version="1.0" encoding="UTF-8"?>
<!DOCTYPE html PUBLIC "-//W3C//DTD XHTML 1.0 Transitional//EN"
    "http://www.w3.org/TR/xhtml1/DTD/xhtml1-transitional.dtd">
<html xmlns="http://www.w3.org/1999/xhtml" xml:lang="en" lang="en">
 <head>
  <title>
</title>
<meta http-equiv="Content-Type" content="text/html;charset=utf-8" />
  <meta name='ocr-system' content='tesseract 3.04.00' />
  <meta name='ocr-capabilities' content='ocr_page ocr_carea ocr_par ocr_line ocrx_word'/>
</head>
<body>
  <div class='ocr_page' id='page_1' title='image "./luculanoctis00domigoog_0254.png"; bbox 0 0 4300 6117; ppageno 0'>
   <div class='ocr_carea' id='block_1_1' title="bbox 450 910 1279 974">
    <p class='ocr_par' dir='ltr' id='par_1_1' title="bbox 450 910 1279 974">
     <span class='ocr_line' id='line_1_1' title="bbox 450 910 1279 974; baseline -0.002 0"><span class='ocrx_word' id='word_1_1' title='bbox 450 910 514 974; x_wconf 86' lang='lat'><strong>13⁰</strong></span> <span class='ocrx_word' id='word_1_2' title='bbox 958 918 1117 973; x_wconf 82' lang='lat' dir='ltr'><strong>LUCULA</strong></span> <span class='ocrx_word' id='word_1_3' title='bbox 1139 915 1279 972; x_wconf 78' lang='lat' dir='ltr'>NOCTIS</span> 
     </span>
    </p>
   </div>
   <div class='ocr_carea' id='block_1_2' title="bbox 447 1139 1787 1864">
    <p class='ocr_par' dir='ltr' id='par_1_2' title="bbox 447 1139 1787 1864">
     <span class='ocr_line' id='line_1_2' title="bbox 448 1139 1784 1223; baseline -0.004 -18"><span class='ocrx_word' id='word_1_4' title='bbox 448 1143 496 1207; x_wconf 92' lang='lat' dir='ltr'><strong>Et</strong></span> <span class='ocrx_word' id='word_1_5' title='bbox 519 1143 605 1205; x_wconf 90' lang='lat' dir='ltr'><strong>mihi</strong></span> <span class='ocrx_word' id='word_1_6' title='bbox 628 1143 872 1223; x_wconf 80' lang='lat' dir='ltr'><strong>indignabitur</strong></span> <span class='ocrx_word' id='word_1_7' title='bbox 894 1142 1164 1222; x_wconf 86' lang='lat' dir='ltr'><strong>Xpistianorum</strong></span> <span class='ocrx_word' id='word_1_8' title='bbox 1188 1140 1295 1212; x_wconf 85' lang='lat' dir='ltr'><strong>scola,</strong></span> <span class='ocrx_word' id='word_1_9' title='bbox 1331 1141 1450 1203; x_wconf 90' lang='lat' dir='ltr'><strong>dicam</strong></span> <span class='ocrx_word' id='word_1_10' title='bbox 1473 1158 1520 1201; x_wconf 89' lang='lat' dir='ltr'><strong>an</strong></span> <span class='ocrx_word' id='word_1_11' title='bbox 1541 1139 1784 1211; x_wconf 88' lang='lat' dir='ltr'><strong>Ethnicorum,</strong></span> 
     </span>
     <span class='ocr_line' id='line_1_3' title="bbox 450 1246 1786 1331; baseline -0.005 -17"><span class='ocrx_word' id='word_1_12' title='bbox 450 1253 535 1331; x_wconf 89' lang='lat' dir='ltr'><strong>quia</strong></span> <span class='ocrx_word' id='word_1_13' title='bbox 559 1251 641 1314; x_wconf 90' lang='lat' dir='ltr'><strong>dico</strong></span> <span class='ocrx_word' id='word_1_14' title='bbox 665 1268 788 1312; x_wconf 91' lang='lat' dir='ltr'><strong>eorum</strong></span> <span class='ocrx_word' id='word_1_15' title='bbox 812 1249 954 1311; x_wconf 90' lang='lat' dir='ltr'><strong>codices</strong></span> <span class='ocrx_word' id='word_1_16' title='bbox 978 1266 1050 1311; x_wconf 92' lang='lat' dir='ltr'><strong>non</strong></span> <span class='ocrx_word' id='word_1_17' title='bbox 1072 1248 1285 1311; x_wconf 90' lang='lat' dir='ltr'><strong>habendos!</strong></span> <span class='ocrx_word' id='word_1_18' title='bbox 1308 1246 1497 1328; x_wconf 89' lang='lat' dir='ltr'><strong>Negligunt</strong></span> <span class='ocrx_word' id='word_1_19' title='bbox 1534 1264 1649 1318; x_wconf 90' lang='lat' dir='ltr'><strong>sacra,</strong></span> <span class='ocrx_word' id='word_1_20' title='bbox 1680 1263 1786 1325; x_wconf 88' lang='lat' dir='ltr'><strong>squa-</strong></span> 
     </span>
     <span class='ocr_line' id='line_1_4' title="bbox 449 1353 1786 1436; baseline -0.004 -17"><span class='ocrx_word' id='word_1_21' title='bbox 449 1360 523 1421; x_wconf 82' lang='lat' dir='ltr'><strong>lent</strong></span> <span class='ocrx_word' id='word_1_22' title='bbox 545 1357 629 1419; x_wconf 88' lang='lat' dir='ltr'>libri</span> <span class='ocrx_word' id='word_1_23' title='bbox 651 1355 789 1428; x_wconf 87' lang='lat' dir='ltr'><strong>iideles,</strong></span> <span class='ocrx_word' id='word_1_24' title='bbox 814 1359 850 1418; x_wconf 94' lang='lat' dir='ltr'><strong>et</strong></span> <span class='ocrx_word' id='word_1_25' title='bbox 873 1355 1022 1436; x_wconf 78' lang='lat' dir='ltr'><strong>gentiles</strong></span> <span class='ocrx_word' id='word_1_26' title='bbox 1045 1355 1171 1417; x_wconf 90' lang='lat' dir='ltr'><strong>sericis</strong></span> <span class='ocrx_word' id='word_1_27' title='bbox 1195 1355 1281 1417; x_wconf 90' lang='lat' dir='ltr'><strong>tecti</strong></span> <span class='ocrx_word' id='word_1_28' title='bbox 1304 1373 1394 1416; x_wconf 90' lang='lat' dir='ltr'><strong>auro</strong></span> <span class='ocrx_word' id='word_1_29' title='bbox 1418 1358 1637 1434; x_wconf 79' lang='lat' dir='ltr'><strong>argentoque</strong></span> <span class='ocrx_word' id='word_1_30' title='bbox 1660 1353 1786 1414; x_wconf 91' lang='lat' dir='ltr'><strong>muniti</strong></span> 
     </span>
     <span class='ocr_line' id='line_1_5' title="bbox 449 1459 1787 1545; baseline -0.004 -17"><span class='ocrx_word' id='word_1_31' title='bbox 449 1468 489 1528; x_wconf 90' lang='lat' dir='ltr'><strong>ut</strong></span> <span class='ocrx_word' id='word_1_32' title='bbox 524 1464 679 1545; x_wconf 80' lang='lat' dir='ltr'><strong>preciosi</strong></span> <span class='ocrx_word' id='word_1_33' title='bbox 713 1464 939 1542; x_wconf 68' lang='lat' dir='ltr'><strong>loquuntur,a</strong></span> <span class='ocrx_word' id='word_1_34' title='bbox 966 1464 1001 1525; x_wconf 94' lang='lat' dir='ltr'><strong>et</strong></span> <span class='ocrx_word' id='word_1_35' title='bbox 1037 1481 1160 1524; x_wconf 90' lang='lat' dir='ltr'><strong>omnes</strong></span> <span class='ocrx_word' id='word_1_36' title='bbox 1196 1462 1293 1524; x_wconf 89' lang='lat' dir='ltr'><strong>scole</strong></span> <span class='ocrx_word' id='word_1_37' title='bbox 1315 1461 1604 1541; x_wconf 87' lang='lat' dir='ltr'><strong>Xpistianorum,</strong></span> <span class='ocrx_word' id='word_1_38' title='bbox 1643 1459 1787 1522; x_wconf 89' lang='lat' dir='ltr'><strong>nomine</strong></span> 
     </span>
     <span class='ocr_line' id='line_1_6' title="bbox 447 1567 1785 1650; baseline -0.004 -16"><span class='ocrx_word' id='word_1_39' title='bbox 447 1571 572 1645; x_wconf 90' lang='lat' dir='ltr'><strong>solum,</strong></span> <span class='ocrx_word' id='word_1_40' title='bbox 595 1573 792 1650; x_wconf 88' lang='lat' dir='ltr'><strong>personant</strong></span> <span class='ocrx_word' id='word_1_41' title='bbox 815 1569 877 1632; x_wconf 92' lang='lat' dir='ltr'><strong>diu</strong></span> <span class='ocrx_word' id='word_1_42' title='bbox 900 1572 1089 1648; x_wconf 90' lang='lat' dir='ltr'><strong>noctuque,</strong></span> <span class='ocrx_word' id='word_1_43' title='bbox 1117 1567 1217 1631; x_wconf 83' lang='lat' dir='ltr'><strong>feriis</strong></span> <span class='ocrx_word' id='word_1_44' title='bbox 1241 1586 1312 1630; x_wconf 92' lang='lat' dir='ltr'><strong>non</strong></span> <span class='ocrx_word' id='word_1_45' title='bbox 1335 1568 1511 1638; x_wconf 86' lang='lat' dir='ltr'><strong>admissis,</strong></span> <span class='ocrx_word' id='word_1_46' title='bbox 1538 1568 1651 1629; x_wconf 84' lang='lat' dir='ltr'><strong>verba</strong></span> <span class='ocrx_word' id='word_1_47' title='bbox 1675 1567 1785 1646; x_wconf 87' lang='lat' dir='ltr'><strong>genti·</strong></span> 
     </span>
     <span class='ocr_line' id='line_1_7' title="bbox 447 1667 1785 1758; baseline -0.004 -18"><span class='ocrx_word' id='word_1_48' title='bbox 447 1679 542 1752; x_wconf 90' lang='lat' dir='ltr'><strong>lium,</strong></span> <span class='ocrx_word' id='word_1_49' title='bbox 575 1677 704 1758; x_wconf 86' lang='lat' dir='ltr'><strong>Xpisto</strong></span> <span class='ocrx_word' id='word_1_50' title='bbox 727 1677 841 1739; x_wconf 90' lang='lat' dir='ltr'><strong>solum</strong></span> <span class='ocrx_word' id='word_1_51' title='bbox 865 1676 992 1738; x_wconf 88' lang='lat' dir='ltr'><strong>diebus</strong></span> <span class='ocrx_word' id='word_1_52' title='bbox 1017 1676 1233 1755; x_wconf 88' lang='lat' dir='ltr'><strong>quibusdam</strong></span> <span class='ocrx_word' id='word_1_53' title='bbox 1256 1675 1394 1737; x_wconf 80' lang='lat' dir='ltr'><strong>festivis</strong></span> <span class='ocrx_word' id='word_1_54' title='bbox 1418 1667 1640 1754; x_wconf 85' lang='lat' dir='ltr'><strong>simplicibus</strong></span> <span class='ocrx_word' id='word_1_55' title='bbox 1662 1673 1785 1736; x_wconf 89' lang='lat' dir='ltr'><strong>mulie·</strong></span> 
     </span>
     <span class='ocr_line' id='line_1_8' title="bbox 448 1780 1786 1864; baseline -0.004 -16"><span class='ocrx_word' id='word_1_56' title='bbox 448 1787 548 1848; x_wconf 91' lang='lat' dir='ltr'><strong>ribus</strong></span> <span class='ocrx_word' id='word_1_57' title='bbox 590 1787 783 1864; x_wconf 88' lang='lat' dir='ltr'><strong>utcumque</strong></span> <span class='ocrx_word' id='word_1_58' title='bbox 822 1785 871 1846; x_wconf 91' lang='lat' dir='ltr'><strong>ad</strong></span> <span class='ocrx_word' id='word_1_59' title='bbox 913 1783 1039 1846; x_wconf 88' lang='lat' dir='ltr'><strong>horam</strong></span> <span class='ocrx_word' id='word_1_60' title='bbox 1073 1783 1251 1845; x_wconf 88' lang='lat' dir='ltr'><strong>modicam</strong></span> <span class='ocrx_word' id='word_1_61' title='bbox 1285 1782 1483 1863; x_wconf 89' lang='lat' dir='ltr'><strong>predicato,</strong></span> <span class='ocrx_word' id='word_1_62' title='bbox 1520 1781 1618 1860; x_wconf 90' lang='lat' dir='ltr'><strong>quod</strong></span> <span class='ocrx_word' id='word_1_63' title='bbox 1652 1781 1683 1842; x_wconf 91' lang='lat' dir='ltr'><strong>si</strong></span> <span class='ocrx_word' id='word_1_64' title='bbox 1717 1780 1786 1843; x_wconf 89' lang='lat' dir='ltr'><strong>hoc</strong></span> 
     </span>
    </p>
   </div>
   <div class='ocr_carea' id='block_1_3' title="bbox 333 1888 1787 3149">
    <p class='ocr_par' dir='ltr' id='par_1_3' title="bbox 449 1888 1785 1970">
     <span class='ocr_line' id='line_1_9' title="bbox 449 1888 1785 1970; baseline -0.004 -16"><span class='ocrx_word' id='word_1_65' title='bbox 449 1893 580 1955; x_wconf 83' lang='lat' dir='ltr'><strong>malum</strong></span> <span class='ocrx_word' id='word_1_66' title='bbox 604 1910 684 1954; x_wconf 89' lang='lat' dir='ltr'><strong>cum</strong></span> <span class='ocrx_word' id='word_1_67' title='bbox 707 1891 840 1953; x_wconf 89' lang='lat' dir='ltr'><strong>sanctis</strong></span> <span class='ocrx_word' id='word_1_68' title='bbox 864 1890 1022 1970; x_wconf 81' lang='lat' dir='ltr'><strong>obiurgo,</strong></span> <span class='ocrx_word' id='word_1_69' title='bbox 1057 1908 1121 1952; x_wconf 91' lang='lat' dir='ltr'><strong>cur</strong></span> <span class='ocrx_word' id='word_1_70' title='bbox 1143 1890 1242 1951; x_wconf 87' lang='lat' dir='ltr'><strong>velut</strong></span> <span class='ocrx_word' id='word_1_71' title='bbox 1265 1889 1402 1951; x_wconf 88' lang='lat' dir='ltr'><strong>emulus</strong></span> <span class='ocrx_word' id='word_1_72' title='bbox 1425 1888 1587 1950; x_wconf 90' lang='lat' dir='ltr'><strong>veritatis</strong></span> <span class='ocrx_word' id='word_1_73' title='bbox 1617 1888 1785 1950; x_wconf 85' lang='lat' dir='ltr'><strong>dentibus</strong></span> 
     </span>
    </p>

    <p class='ocr_par' dir='ltr' id='par_1_4' title="bbox 333 1985 1786 2721">
     <span class='ocr_line' id='line_1_10' title="bbox 333 1985 1786 2078; baseline -0.004 -16"><span class='ocrx_word' id='word_1_74' title='bbox 333 2004 360 2036; x_wconf 80' lang='lat'><strong>¹⁰</strong></span> <span class='ocrx_word' id='word_1_75' title='bbox 448 2001 589 2062; x_wconf 90' lang='lat' dir='ltr'><strong>laceror</strong></span> <span class='ocrx_word' id='word_1_76' title='bbox 632 1998 869 2059; x_wconf 76' lang='lat' dir='ltr'><strong>invidorum?</strong></span> <span class='ocrx_word' id='word_1_77' title='bbox 914 1996 1116 2059; x_wconf 86' lang='lat' dir='ltr'><strong>Multantur</strong></span> <span class='ocrx_word' id='word_1_78' title='bbox 1159 1995 1288 2076; x_wconf 87' lang='lat' dir='ltr'><strong>iragris</strong></span> <span class='ocrx_word' id='word_1_79' title='bbox 1325 1985 1366 2078; x_wconf 67' lang='lat' dir='ltr'><strong>¹ss</strong></span> <span class='ocrx_word' id='word_1_80' title='bbox 1411 1995 1460 2058; x_wconf 91' lang='lat' dir='ltr'><strong>ad</strong></span> <span class='ocrx_word' id='word_1_81' title='bbox 1493 1993 1786 2075; x_wconf 87' lang='lat' dir='ltr'><strong>philosophorum</strong></span> 
     </span>
     <span class='ocr_line' id='line_1_11' title="bbox 448 2097 1786 2188; baseline -0.006 -18"><span class='ocrx_word' id='word_1_82' title='bbox 448 2097 632 2188; x_wconf 61' lang='lat' dir='ltr'><strong>gignasiab</strong></span> <span class='ocrx_word' id='word_1_83' title='bbox 672 2105 897 2185; x_wconf 88' lang='lat' dir='ltr'><strong>negligentes,</strong></span> <span class='ocrx_word' id='word_1_84' title='bbox 928 2104 1032 2166; x_wconf 90' lang='lat' dir='ltr'><strong>minis</strong></span> <span class='ocrx_word' id='word_1_85' title='bbox 1067 2106 1257 2174; x_wconf 86' lang='lat' dir='ltr'><strong>terrentur,</strong></span> <span class='ocrx_word' id='word_1_86' title='bbox 1282 2103 1499 2165; x_wconf 88' lang='lat' dir='ltr'><strong>inducuntur</strong></span> <span class='ocrx_word' id='word_1_87' title='bbox 1530 2102 1725 2182; x_wconf 81' lang='lat' dir='ltr'><strong>promissis.</strong></span> <span class='ocrx_word' id='word_1_88' title='bbox 1750 2103 1786 2163; x_wconf 92' lang='lat' dir='ltr'><strong>et</strong></span> 
     </span>
     <span class='ocr_line' id='line_1_12' title="bbox 448 2209 1786 2291; baseline -0.004 -15"><span class='ocrx_word' id='word_1_89' title='bbox 448 2214 652 2276; x_wconf 83' lang='lat' dir='ltr'><strong>alliciuntur</strong></span> <span class='ocrx_word' id='word_1_90' title='bbox 667 2212 889 2274; x_wconf 90' lang='lat' dir='ltr'><strong>sermonibus</strong></span> <span class='ocrx_word' id='word_1_91' title='bbox 906 2211 1059 2284; x_wconf 87' lang='lat' dir='ltr'><strong>blandis,</strong></span> <span class='ocrx_word' id='word_1_92' title='bbox 1076 2211 1199 2272; x_wconf 88' lang='lat' dir='ltr'><strong>liberis</strong></span> <span class='ocrx_word' id='word_1_93' title='bbox 1216 2210 1382 2283; x_wconf 85' lang='lat' dir='ltr'><strong>dimissis,</strong></span> <span class='ocrx_word' id='word_1_94' title='bbox 1397 2227 1516 2291; x_wconf 85' lang='lat' dir='ltr'><strong>ymmo</strong></span> <span class='ocrx_word' id='word_1_95' title='bbox 1533 2211 1661 2271; x_wconf 89' lang='lat' dir='ltr'><strong>crebro</strong></span> <span class='ocrx_word' id='word_1_96' title='bbox 1676 2209 1786 2288; x_wconf 91' lang='lat' dir='ltr'><strong>impe·</strong></span> 
     </span>
     <span class='ocr_line' id='line_1_13' title="bbox 448 2315 1785 2400; baseline -0.005 -17"><span class='ocrx_word' id='word_1_97' title='bbox 448 2321 544 2394; x_wconf 90' lang='lat' dir='ltr'><strong>ditis,</strong></span> <span class='ocrx_word' id='word_1_98' title='bbox 568 2320 782 2400; x_wconf 85' lang='lat' dir='ltr'><strong>quicumque</strong></span> <span class='ocrx_word' id='word_1_99' title='bbox 805 2317 1048 2398; x_wconf 77' lang='lat' dir='ltr'><strong>velintXpisti</strong></span> <span class='ocrx_word' id='word_1_100' title='bbox 1070 2318 1198 2379; x_wconf 90' lang='lat' dir='ltr'><strong>audire</strong></span> <span class='ocrx_word' id='word_1_101' title='bbox 1220 2317 1410 2379; x_wconf 85' lang='lat' dir='ltr'><strong>doctrinan</strong></span> <span class='ocrx_word' id='word_1_102' title='bbox 1434 2319 1470 2378; x_wconf 90' lang='lat' dir='ltr'><strong>et</strong></span> <span class='ocrx_word' id='word_1_103' title='bbox 1481 2334 1553 2378; x_wconf 91' lang='lat' dir='ltr'><strong>non</strong></span> <span class='ocrx_word' id='word_1_104' title='bbox 1567 2316 1636 2379; x_wconf 89' lang='lat' dir='ltr'><strong>hoc</strong></span> <span class='ocrx_word' id='word_1_105' title='bbox 1651 2315 1785 2377; x_wconf 89' lang='lat' dir='ltr'><strong>malum</strong></span> 
     </span>
     <span class='ocr_line' id='line_1_14' title="bbox 450 2421 1784 2505; baseline -0.004 -15"><span class='ocrx_word' id='word_1_106' title='bbox 450 2425 673 2490; x_wconf 80' lang='lat' dir='ltr'><strong>infidelitatis</strong></span> <span class='ocrx_word' id='word_1_107' title='bbox 687 2427 839 2488; x_wconf 90' lang='lat' dir='ltr'><strong>obscure</strong></span> <span class='ocrx_word' id='word_1_108' title='bbox 857 2425 950 2487; x_wconf 90' lang='lat' dir='ltr'><strong>inter</strong></span> <span class='ocrx_word' id='word_1_109' title='bbox 964 2423 1173 2505; x_wconf 86' lang='lat' dir='ltr'><strong>Xpistianos</strong></span> <span class='ocrx_word' id='word_1_110' title='bbox 1189 2425 1318 2486; x_wconf 91' lang='lat' dir='ltr'><strong>saltem</strong></span> <span class='ocrx_word' id='word_1_111' title='bbox 1332 2423 1487 2503; x_wconf 87' lang='lat' dir='ltr'><strong>publicis</strong></span> <span class='ocrx_word' id='word_1_112' title='bbox 1500 2423 1621 2484; x_wconf 86' lang='lat' dir='ltr'><strong>verbis</strong></span> <span class='ocrx_word' id='word_1_113' title='bbox 1637 2421 1784 2484; x_wconf 79' lang='lat' dir='ltr'><strong>deflere.</strong></span> 
     </span>
     <span class='ocr_line' id='line_1_15' title="bbox 450 2529 1785 2614; baseline -0.004 -18"><span class='ocrx_word' id='word_1_114' title='bbox 450 2533 594 2614; x_wconf 83' lang='lat' dir='ltr'><strong>Nephas</strong></span> <span class='ocrx_word' id='word_1_115' title='bbox 616 2536 671 2596; x_wconf 91' lang='lat' dir='ltr'><strong>est</strong></span> <span class='ocrx_word' id='word_1_116' title='bbox 693 2533 781 2595; x_wconf 89' lang='lat' dir='ltr'><strong>talia</strong></span> <span class='ocrx_word' id='word_1_117' title='bbox 797 2533 976 2595; x_wconf 84' lang='lat' dir='ltr'><strong>tollerare.</strong></span> <span class='ocrx_word' id='word_1_118' title='bbox 999 2530 1138 2593; x_wconf 89' lang='lat' dir='ltr'><strong>Horum</strong></span> <span class='ocrx_word' id='word_1_119' title='bbox 1151 2531 1338 2611; x_wconf 87' lang='lat' dir='ltr'><strong>paciencia</strong></span> <span class='ocrx_word' id='word_1_120' title='bbox 1354 2529 1550 2592; x_wconf 83' lang='lat' dir='ltr'><strong>infidelitas</strong></span> <span class='ocrx_word' id='word_1_121' title='bbox 1567 2532 1622 2591; x_wconf 90' lang='lat' dir='ltr'><strong>est</strong></span> <span class='ocrx_word' id='word_1_122' title='bbox 1636 2532 1673 2591; x_wconf 90' lang='lat' dir='ltr'><strong>et</strong></span> <span class='ocrx_word' id='word_1_123' title='bbox 1687 2530 1785 2591; x_wconf 90' lang='lat' dir='ltr'><strong>zelus</strong></span> 
     </span>
     <span class='ocr_line' id='line_1_16' title="bbox 450 2640 1046 2721; baseline -0.003 -19"><span class='ocrx_word' id='word_1_124' title='bbox 450 2641 629 2721; x_wconf 90' lang='lat' dir='ltr'><strong>religionis</strong></span> <span class='ocrx_word' id='word_1_125' title='bbox 653 2640 889 2721; x_wconf 90' lang='lat' dir='ltr'><strong>impaciencia</strong></span> <span class='ocrx_word' id='word_1_126' title='bbox 912 2641 1046 2701; x_wconf 88' lang='lat' dir='ltr'><strong>sancta.</strong></span> 
     </span>
    </p>

    <p class='ocr_par' dir='ltr' id='par_1_5' title="bbox 404 2743 1787 3149">
     <span class='ocr_line' id='line_1_17' title="bbox 404 2743 1786 2826; baseline -0.001 -20"><span class='ocrx_word' id='word_1_127' title='bbox 404 2743 433 2806; x_wconf 90' lang='grc'><strong>5.</strong></span> <span class='ocrx_word' id='word_1_128' title='bbox 537 2747 714 2809; x_wconf 86' lang='lat' dir='ltr'><strong>Minorem</strong></span> <span class='ocrx_word' id='word_1_129' title='bbox 737 2764 823 2809; x_wconf 87' lang='lat' dir='ltr'><strong>vero</strong></span> <span class='ocrx_word' id='word_1_130' title='bbox 846 2745 1144 2826; x_wconf 88' lang='lat' dir='ltr'><strong>proposicionem,</strong></span> <span class='ocrx_word' id='word_1_131' title='bbox 1180 2745 1326 2815; x_wconf 90' lang='lat' dir='ltr'><strong>scilicet,</strong></span> <span class='ocrx_word' id='word_1_132' title='bbox 1363 2744 1462 2823; x_wconf 93' lang='lat' dir='ltr'><strong>quod</strong></span> <span class='ocrx_word' id='word_1_133' title='bbox 1493 2743 1786 2823; x_wconf 88' lang='lat' dir='ltr'><strong>philosophorum</strong></span> 
     </span>
     <span class='ocr_line' id='line_1_18' title="bbox 449 2849 1787 2930; baseline -0.005 -12"><span class='ocrx_word' id='word_1_134' title='bbox 449 2855 608 2918; x_wconf 86' lang='lat' dir='ltr'><strong>studium</strong></span> <span class='ocrx_word' id='word_1_135' title='bbox 630 2854 678 2916; x_wconf 89' lang='lat' dir='ltr'><strong>ad</strong></span> <span class='ocrx_word' id='word_1_136' title='bbox 701 2853 960 2917; x_wconf 87' lang='lat' dir='ltr'><strong>beatitudinem</strong></span> <span class='ocrx_word' id='word_1_137' title='bbox 983 2871 1049 2914; x_wconf 88' lang='lat' dir='ltr'><strong>nec</strong></span> <span class='ocrx_word' id='word_1_138' title='bbox 1072 2852 1211 2914; x_wconf 89' lang='lat' dir='ltr'><strong>inducit</strong></span> <span class='ocrx_word' id='word_1_139' title='bbox 1233 2869 1300 2913; x_wconf 89' lang='lat' dir='ltr'><strong>nec</strong></span> <span class='ocrx_word' id='word_1_140' title='bbox 1323 2851 1453 2930; x_wconf 87' lang='lat' dir='ltr'><strong>dirigit,</strong></span> <span class='ocrx_word' id='word_1_141' title='bbox 1476 2850 1543 2912; x_wconf 90' lang='lat' dir='ltr'><strong>sed</strong></span> <span class='ocrx_word' id='word_1_142' title='bbox 1573 2849 1787 2929; x_wconf 90' lang='lat' dir='ltr'><strong>plerumque</strong></span> 
     </span>
     <span class='ocr_line' id='line_1_19' title="bbox 451 2956 1785 3040; baseline -0.004 -16"><span class='ocrx_word' id='word_1_143' title='bbox 451 2961 599 3034; x_wconf 89' lang='lat' dir='ltr'><strong>obstitit,</strong></span> <span class='ocrx_word' id='word_1_144' title='bbox 624 2960 916 3040; x_wconf 88' lang='lat' dir='ltr'><strong>insequentibus</strong></span> <span class='ocrx_word' id='word_1_145' title='bbox 941 2961 995 3022; x_wconf 93' lang='lat' dir='ltr'><strong>est</strong></span> <span class='ocrx_word' id='word_1_146' title='bbox 1018 2958 1255 3039; x_wconf 88' lang='lat' dir='ltr'><strong>probandum,</strong></span> <span class='ocrx_word' id='word_1_147' title='bbox 1280 2959 1365 3037; x_wconf 90' lang='lat' dir='ltr'><strong>quia</strong></span> <span class='ocrx_word' id='word_1_148' title='bbox 1387 2957 1424 3018; x_wconf 92' lang='lat' dir='ltr'><strong>in</strong></span> <span class='ocrx_word' id='word_1_149' title='bbox 1446 2956 1515 3018; x_wconf 90' lang='lat' dir='ltr'><strong>hoc</strong></span> <span class='ocrx_word' id='word_1_150' title='bbox 1542 2957 1785 3036; x_wconf 89' lang='lat' dir='ltr'><strong>responsionis</strong></span> 
     </span>
     <span class='ocr_line' id='line_1_20' title="bbox 452 3065 1308 3149; baseline -0.004 -19"><span class='ocrx_word' id='word_1_151' title='bbox 452 3069 629 3149; x_wconf 89' lang='lat' dir='ltr'><strong>presentis</strong></span> <span class='ocrx_word' id='word_1_152' title='bbox 653 3071 731 3130; x_wconf 90' lang='lat' dir='ltr'><strong>tota</strong></span> <span class='ocrx_word' id='word_1_153' title='bbox 754 3067 930 3130; x_wconf 91' lang='lat' dir='ltr'><strong>catholica</strong></span> <span class='ocrx_word' id='word_1_154' title='bbox 953 3070 1120 3129; x_wconf 86' lang='lat' dir='ltr'><strong>versatur</strong></span> <span class='ocrx_word' id='word_1_155' title='bbox 1143 3065 1308 3127; x_wconf 88' lang='lat' dir='ltr'><strong>intencio.</strong></span> 
     </span>
    </p>
   </div>
   <div class='ocr_carea' id='block_1_4' title="bbox 457 3284 665 3293">
    <p class='ocr_par' dir='ltr' id='par_1_6' title="bbox 457 3284 665 3293">
     <span class='ocr_line' id='line_1_21' title="bbox 457 3284 665 3293; baseline -0.005 -1"><span class='ocrx_word' id='word_1_156' title='bbox 457 3284 665 3293; x_wconf 80' lang='lat'><strong>——--—-—-</strong></span> 
     </span>
    </p>
   </div>
   <div class='ocr_carea' id='block_1_5' title="bbox 563 3463 1128 3533">
    <p class='ocr_par' dir='ltr' id='par_1_7' title="bbox 563 3463 1128 3533">
     <span class='ocr_line' id='line_1_22' title="bbox 563 3463 1128 3533; baseline -0.002 -18"><span class='ocrx_word' id='word_1_157' title='bbox 563 3466 596 3527; x_wconf 90' lang='lat' dir='ltr'><strong>a)</strong></span> <span class='ocrx_word' id='word_1_158' title='bbox 614 3480 649 3510; x_wconf 92' lang='lat'><strong><em>=</em></strong></span> <span class='ocrx_word' id='word_1_159' title='bbox 668 3464 819 3532; x_wconf 90' lang='lat' dir='ltr'><strong>leguntur.</strong></span> <span class='ocrx_word' id='word_1_160' title='bbox 856 3463 888 3526; x_wconf 84' lang='lat' dir='ltr'><strong>b)</strong></span> <span class='ocrx_word' id='word_1_161' title='bbox 908 3480 941 3510; x_wconf 90' lang='lat'><strong><em>=</em></strong></span> <span class='ocrx_word' id='word_1_162' title='bbox 960 3463 1128 3533; x_wconf 78' lang='lat' dir='ltr'><strong>gymnasia.</strong></span> 
     </span>
    </p>
   </div>
   <div class='ocr_carea' id='block_1_6' title="bbox 403 3636 1787 4067">
    <p class='ocr_par' dir='ltr' id='par_1_8' title="bbox 403 3636 1787 3977">
     <span class='ocr_line' id='line_1_23' title="bbox 403 3636 1787 3709; baseline -0.001 -19"><span class='ocrx_word' id='word_1_163' title='bbox 403 3685 405 3690; x_wconf 92' lang='lat'><em>.</em></span> <span class='ocrx_word' id='word_1_164' title='bbox 455 3644 616 3709; x_wconf 67' lang='lat' dir='ltr'><strong>orspsisset</strong></span> <span class='ocrx_word' id='word_1_165' title='bbox 634 3642 859 3708; x_wconf 80' lang='lat' dir='ltr'><strong>laudassetqae,</strong></span> <span class='ocrx_word' id='word_1_166' title='bbox 884 3645 946 3694; x_wconf 83' lang='lat' dir='ltr'><strong>tam</strong></span> <span class='ocrx_word' id='word_1_167' title='bbox 969 3640 1114 3706; x_wconf 60' lang='lat' dir='ltr'><strong>Mestum</strong></span> <span class='ocrx_word' id='word_1_168' title='bbox 1134 3643 1169 3703; x_wconf 83' lang='lat' dir='ltr'><strong>et,</strong></span> <span class='ocrx_word' id='word_1_169' title='bbox 1187 3643 1279 3706; x_wconf 81' lang='lat' dir='ltr'><strong>atque</strong></span> <span class='ocrx_word' id='word_1_170' title='bbox 1301 3642 1412 3693; x_wconf 85' lang='lat' dir='ltr'><strong>tratum</strong></span> <span class='ocrx_word' id='word_1_171' title='bbox 1426 3636 1537 3703; x_wconf 76' lang='lat' dir='ltr'><strong>fuisse,</strong></span> <span class='ocrx_word' id='word_1_172' title='bbox 1557 3640 1590 3689; x_wconf 83' lang='lat' dir='ltr'><strong>ut</strong></span> <span class='ocrx_word' id='word_1_173' title='bbox 1608 3639 1674 3702; x_wconf 84' lang='lat' dir='ltr'><strong>ejas</strong></span> <span class='ocrx_word' id='word_1_174' title='bbox 1690 3651 1787 3705; x_wconf 86' lang='lat' dir='ltr'><strong>opera</strong></span> 
     </span>
     <span class='ocr_line' id='line_1_24' title="bbox 455 3724 1787 3798; baseline -0.005 -14"><span class='ocrx_word' id='word_1_175' title='bbox 455 3734 555 3784; x_wconf 79' lang='lat' dir='ltr'><strong>omnia</strong></span> <span class='ocrx_word' id='word_1_176' title='bbox 586 3731 709 3785; x_wconf 81' lang='lat' dir='ltr'><strong>abolere</strong></span> <span class='ocrx_word' id='word_1_177' title='bbox 739 3735 937 3784; x_wconf 83' lang='lat' dir='ltr'><strong>conaretur».</strong></span> <span class='ocrx_word' id='word_1_178' title='bbox 972 3731 1103 3798; x_wconf 73' lang='lat' dir='ltr'><strong>D&#39;apres</strong></span> <span class='ocrx_word' id='word_1_179' title='bbox 1128 3729 1272 3793; x_wconf 83' lang='lat' dir='ltr'><strong>Suetone,</strong></span> <span class='ocrx_word' id='word_1_180' title='bbox 1298 3729 1330 3782; x_wconf 86' lang='lat' dir='ltr'><strong>C.</strong></span> <span class='ocrx_word' id='word_1_181' title='bbox 1356 3728 1444 3782; x_wconf 86' lang='lat' dir='ltr'><strong>Caes.</strong></span> <span class='ocrx_word' id='word_1_182' title='bbox 1472 3727 1622 3795; x_wconf 87' lang='lat' dir='ltr'><strong>Galigula,</strong></span> <span class='ocrx_word' id='word_1_183' title='bbox 1649 3740 1717 3792; x_wconf 88' lang='lat' dir='ltr'><strong>cap.</strong></span> <span class='ocrx_word' id='word_1_184' title='bbox 1741 3724 1787 3788; x_wconf 75' lang='lat'><strong>34,</strong></span> 
     </span>
     <span class='ocr_line' id='line_1_25' title="bbox 455 3817 1786 3888; baseline -0.003 -16"><span class='ocrx_word' id='word_1_185' title='bbox 455 3820 555 3873; x_wconf 85' lang='lat' dir='ltr'><strong>aurait</strong></span> <span class='ocrx_word' id='word_1_186' title='bbox 583 3834 622 3873; x_wconf 89' lang='lat' dir='ltr'><strong>eu</strong></span> <span class='ocrx_word' id='word_1_187' title='bbox 646 3820 676 3874; x_wconf 88' lang='lat' dir='ltr'><strong>la</strong></span> <span class='ocrx_word' id='word_1_188' title='bbox 704 3822 805 3874; x_wconf 78' lang='lat' dir='ltr'><strong>meme</strong></span> <span class='ocrx_word' id='word_1_189' title='bbox 831 3821 948 3888; x_wconf 77' lang='lat' dir='ltr'><strong>penses</strong></span> <span class='ocrx_word' id='word_1_190' title='bbox 974 3840 987 3865; x_wconf 72' lang='grc' dir='ltr'>ι</span> <span class='ocrx_word' id='word_1_191' title='bbox 1004 3825 1011 3874; x_wconf 88' lang='grc'><strong>“.</strong></span> <span class='ocrx_word' id='word_1_192' title='bbox 1030 3861 1036 3874; x_wconf 92' lang='grc'>,</span> <span class='ocrx_word' id='word_1_193' title='bbox 1056 3860 1063 3873; x_wconf 97' lang='grc'><strong><em>.</em></strong></span> <span class='ocrx_word' id='word_1_194' title='bbox 1082 3860 1088 3872; x_wconf 95' lang='grc'>.</span> <span class='ocrx_word' id='word_1_195' title='bbox 1107 3824 1142 3874; x_wconf 85' lang='lat' dir='ltr'><strong>ut</strong></span> <span class='ocrx_word' id='word_1_196' title='bbox 1159 3820 1319 3872; x_wconf 86' lang='lat' dir='ltr'><strong>verbosum</strong></span> <span class='ocrx_word' id='word_1_197' title='bbox 1337 3821 1367 3871; x_wconf 86' lang='lat' dir='ltr'><strong>tn</strong></span> <span class='ocrx_word' id='word_1_198' title='bbox 1386 3819 1514 3870; x_wconf 80' lang='lat' dir='ltr'><strong>historia</strong></span> <span class='ocrx_word' id='word_1_199' title='bbox 1533 3817 1786 3885; x_wconf 77' lang='lat' dir='ltr'><strong>negligentemque</strong></span> 
     </span>
     <span class='ocr_line' id='line_1_26' title="bbox 455 3910 641 3977; baseline -0.005 -15"><span class='ocrx_word' id='word_1_200' title='bbox 455 3910 641 3977; x_wconf 78' lang='lat' dir='ltr'><strong>carpebat».</strong></span> 
     </span>
    </p>

    <p class='ocr_par' dir='ltr' id='par_1_9' title="bbox 562 3995 821 4067">
     <span class='ocr_line' id='line_1_27' title="bbox 562 3995 821 4067; baseline -0.008 -17"><span class='ocrx_word' id='word_1_201' title='bbox 562 3995 583 4063; x_wconf 86' lang='lat'><strong>¹)</strong></span> <span class='ocrx_word' id='word_1_202' title='bbox 601 3998 684 4051; x_wconf 87' lang='lat' dir='ltr'><strong>Pour</strong></span> <span class='ocrx_word' id='word_1_203' title='bbox 697 3995 821 4067; x_wconf 83' lang='lat' dir='ltr'><strong>flagris.</strong></span> 
     </span>
    </p>
   </div>
   <div class='ocr_carea' id='block_1_7' title="bbox 0 0 2159 6116">
    <p class='ocr_par' dir='ltr' id='par_1_10' title="bbox 0 0 2159 6116">
     <span class='ocr_line' id='line_1_28' title="bbox 0 0 2159 6116; baseline 0 0"><span class='ocrx_word' id='word_1_204' title='bbox 0 0 2159 6116; x_wconf 95' lang='lat' dir='ltr'><strong> </strong></span> 
     </span>
    </p>
   </div>
  </div>
 </body>
</html>
