4300 6117
438 853 504 915 282
941 860 1103 913 LUCULA
1123 857 1265 911 NOCTIS

204 1084 278 1147 83νο
300 1082 421 1146 Β67νο
438 1084 618 1163 perplexis
652 1084 957 1164 geometricalium
969 1074 983 1166 ll
1009 1082 1206 1163 figurarum
1238 1083 1366 1144 studiis
1399 1082 1658 1161 incurvumque
1675 1072 1690 1164 ΙΙ
1717 1082 1776 1143 de-

440 1193 558 1265 clino;
583 1194 729 1253 cunctos
754 1210 841 1252 sane
864 1190 1027 1252 rethores
1051 1209 1132 1252 cum
1155 1191 1228 1252 suis
1253 1189 1433 1251 coloribus
1457 1192 1494 1250 et
1522 1189 1776 1251 enthimatibus

439 1300 645 1361 indistincte
679 1301 864 1377 pretereo;
894 1316 1017 1359 omnes
1053 1297 1272 1378 dyalecticos
1300 1315 1381 1358 cum
1404 1297 1478 1358 suis
1506 1296 1718 1377 syllogismis
1741 1298 1778 1357 et

439 1405 643 1484 sophisticis
661 1405 955 1467 cavillacionibus
972 1404 1135 1484 indignos
1152 1403 1219 1465 hac
1235 1404 1423 1482 questione
1438 1403 1614 1465 discerno.
1633 1439 1675 1446 —
1690 1398 1777 1464 Tre·

440 1515 538 1575 mant
555 1513 681 1575 cinici
695 1531 796 1574 suam
812 1512 940 1591 iugiter
954 1530 1077 1573 amare
1094 1512 1274 1589 sapiencie
1292 1510 1512 1583 nuditatem
1538 1513 1692 1589 querant
1706 1529 1774 1589 pa·

439 1617 715 1700 repatethici¹
738 1620 909 1680 latentem
923 1618 958 1679 in
972 1618 1152 1697 profundo
1166 1618 1265 1696 putei
1278 1618 1477 1679 veritatem.
1501 1616 1576 1697 Ego
1600 1635 1774 1679 summam

440 1747 462 1789 a
486 1731 522 1790 te
545 1727 735 1789 veritatem
759 1744 879 1805 quero,
917 1726 1014 1787 illam
1051 1726 1229 1793 videlicet,
1266 1742 1337 1803 qne
1374 1724 1420 1786 de
1458 1727 1556 1786 terra
1581 1727 1662 1785 orta
1685 1727 1740 1785 est
1754 1723 1775 1796 ²,

441 1854 512 1897 non
536 1834 607 1895 iam
631 1834 667 1895 in
690 1836 799 1912 puteo
823 1833 1026 1912 ignobiliter
1048 1833 1259 1903 latitantem,
1292 1832 1357 1893 sed
1382 1831 1428 1892 de
1451 1831 1546 1893 omni
1569 1832 1694 1892 mundi
1716 1850 1775 1910 po·

441 1944 572 2005 testate
596 1940 785 2002 manifeste
816 1944 1033 2020 regnantem.
1072 1938 1167 2023 Quid
1198 1940 1291 2000 enim
1321 1938 1407 1999 mihi
1436 1939 1696 2000 insanieucium
1727 1936 1777 1998 ta·

441 2049 569 2112 bulosa
594 2049 814 2110 commenta!
854 2046 949 2131 Quid
972 2047 1058 2109 mihi
1083 2050 1299 2111 tumencium
1322 2050 1565 2129 tragediarum
1590 2048 1778 2110 coturnata

443 2156 671 2219 discrimina!
719 2155 893 2217 Desinant
922 2156 1138 2217 comicorum
1170 2158 1274 2218 turbe
1304 2141 1443 2217 venena
1476 2155 1667 2218 libidinum
1702 2173 1779 2216 cre·

442 2264 611 2343 pantibus
639 2264 762 2325 buccis
793 2260 941 2324 effluere
945 2306 996 2323 .....
1033 2260 1158 2335 Cesset
1185 2264 1413 2325 satiricorum
1446 2263 1569 2342 vulgus
1605 2281 1690 2323 suos
1723 2280 1779 2323 ex-

443 2370 652 2433 clamatorie
687 2369 979 2431 denunciacionis
1014 2371 1147 2431 amaris
1183 2370 1338 2449 dapibus
1372 2370 1551 2432 onerare!
1586 2369 1666 2431 Non
1696 2368 1780 2429 mihi

442 2475 599 2540 Tulliani
633 2481 796 2538 oratores
832 2479 1004 2538 accurata
1037 2477 1159 2556 lepide
1194 2478 1409 2540 urbanitatis
1449 2478 1622 2539 trutinent
1643 2477 1779 2538 verba!

442 2585 522 2647 Non
545 2584 810 2646 Demosthenici
833 2584 995 2646 rethores
1020 2585 1185 2663 capciose
1209 2585 1357 2646 suadele
1391 2587 1601 2663 argumenta
1635 2586 1781 2645 versuta

445 2692 683 2771 componant!
710 2689 850 2752 Cedant
872 2691 909 2751 in
932 2710 1016 2753 suas
1048 2694 1225 2762 tenebras,
1262 2710 1384 2753 omnes
1420 2695 1561 2753 terrene
1601 2692 1782 2769 sapiencie

443 2798 582 2862 fecibus
606 2798 774 2860 delibuti!
798 2797 856 2858 Nil
879 2798 986 2860 michi
1003 2798 1189 2860 conterant
1203 2798 1396 2878 sulphureo
1413 2799 1604 2879 caliginose
1618 2797 1782 2860 doctrine

445 2906 639 2986 splendore
663 2906 812 2985 togati..i
835 2904 955 2984 Xpisti
978 2924 1034 2967 me
1058 2905 1268 2985 simplicitas
1292 2904 1431 2978 doceat.
1455 2924 1543 2968 vera
1567 2905 1781 2984 sapientium

446 3014 630 3075 rusticitas
666 3012 909 3092 ambiguitatis
943 3032 1021 3074 mee
1056 3013 1236 3074 vinculum
1268 3013 1394 3085 solvat,
1434 3013 1528 3091 quia,
1557 3013 1657 3073 iuxta
1680 3011 1783 3073 Pauli

447 3139 582 3193 vocem,
609 3120 778 3199 «placuit
799 3118 875 3181 Deo
900 3138 965 3199 per
988 3120 1182 3182 stulticiam
1209 3119 1472 3199 predicacionis
1509 3120 1628 3182 salvos
1661 3117 1782 3181 lacere

448 3227 636 3315 credentes
652 3226 693 3288 »3.
718 3226 855 3290 Littera
880 3239 963 3307 ergo
988 3244 1057 3305 que
1090 3226 1232 3298 occidit,
1256 3226 1451 3300 abscedat;
1477 3224 1631 3305 Spiritus
1668 3226 1783 3288 vivifi·

449 3338 550 3397 cator
573 3335 765 3397 assistat».
805 3334 882 3396 Hec
907 3334 1034 3396 Petrus
1047 3333 1068 3395 '¹.

401 3431 432 3493 6·
561 3440 681 3525 Quare
718 3441 784 3504 hec
822 3445 950 3521 patens
988 3442 1123 3503 veritas
1162 3441 1356 3503 ventilatur
1384 3443 1451 3503 sub
1475 3441 1614 3504 dubio?
1659 3440 1784 3503 Nonne

448 3550 582 3627 ubique
610 3551 797 3621 terrarum,
823 3548 1101 3627 prudentissime
1136 3547 1222 3609 felix
1257 3552 1292 3609 et
1325 3548 1530 3610 venerande
1564 3567 1682 3620 senex,
1708 3550 1785 3628 ipse

449 3655 570 3717 vidisti
593 3674 660 3734 per
676 3675 746 3727 eos,
766 3658 835 3735 qui,
855 3656 1072 3718 tumentibus
1087 3657 1221 3723 buccis.
1238 3656 1389 3736 grandia
1405 3655 1584 3717 mundane
1604 3657 1786 3735 sapiencie

450 3764 640 3843 evangeliis
664 3764 774 3826 mixta
798 3764 973 3825 trutinant
997 3764 1149 3842 populis,
1175 3764 1351 3824 neminem
1374 3763 1556 3824 hominum
1580 3781 1786 3843 quanquam

450 3871 661 3933 catervatim
684 3870 733 3932 ad
757 3890 879 3933 eorum
903 3870 1130 3932 audienciam
1154 3873 1269 3941 ruant,
1294 3871 1371 3931 sola
1390 3871 1584 3932 verborum
1599 3872 1786 3949 pruridiue

455 4138 666 4147 —-.-——--

449 4320 551 4385 vique
564 4320 604 4371 de
617 4318 764 4371 Corintho
777 4316 807 4385 (†
821 4316 909 4382 1286).
928 4319 1031 4371 Avant
1046 4319 1098 4381 lui.
1116 4334 1159 4371 nn
1173 4321 1292 4372 certain
1304 4320 1488 4383 Eustratius‚
1501 4320 1734 4387 mttropolitain
1747 4322 1787 4373 de

449 4408 542 4460 Nicie
569 4424 610 4461 en
635 4409 713 4471 1117,
739 4408 823 4460 avait
849 4408 995 4474 composti
1020 4424 1063 4460 un
1081 4410 1303 4462 commentaire
1321 4410 1361 4462 de
1379 4410 1533 4475 l’Ethique
1551 4407 1571 4462 ὰ
1589 4410 1787 4477 Nicomaque,

450 4498 527 4550 mais
547 4513 587 4550 en
606 4506 687 4565 grec.
713 4498 737 4548 Il
756 4498 927 4563 reapparut
945 4514 985 4549 au
1003 4499 1104 4563 temps
1123 4498 1163 4550 de
1180 4499 1402 4551 l’Hnmanisme
1417 4501 1449 4552 et
1466 4498 1513 4552 lut
1530 4500 1674 4565 imprime'
1693 4500 1712 4553 a
1730 4501 1787 4552 Ve-

450 4588 525 4651 nise,
551 4586 628 4639 1536.
656 4586 699 4639 cI.
726 4587 903 4649 FABRICIUS,
928 4587 1070 4639 Biblioth.
1094 4597 1215 4655 graecu,
1234 4590 1419 4657 *Hambnrgi
1443 4588 1633 4652 MDccxw,
1658 4590 1713 4642 lib.
1738 4589 1787 4653 111,

451 4692 519 4743 cap¹
538 4686 580 4740 vl,
599 4692 628 4743 p.
649 4678 734 4729 151².

560 4773 580 4838 ¹)
599 4777 681 4829 Pour
696 4778 900 4841 peripatetici.

561 4870 645 4939 ⁹)cl.
667 4874 782 4925 Psalm.
800 4874 959 4937 LXXXIV,
980 4874 1022 4927 12,

560 4967 580 5036 ³)
600 4971 630 5024 S.
649 4971 756 5035 Psoi..
776 4972 789 5023 1
808 4974 850 5023 au
870 4972 946 5034 eor„
965 4972 986 5035 Ι,
1005 4972 1049 5024 21.

558 5066 580 5134 4)
598 5070 693 5120 PETR.
711 5070 796 5121 ΒΑΜ.
816 5071 915 5133 Liber,
934 5072 989 5135 qut
1006 5070 1182 5135 appellatur
1197 5072 1347 5123 Dominus
1370 5071 1538 5133 Vobiscum,
1558 5086 1625 5138 cap.
1644 5080 1675 5123 Π.
1705 5070 1790 5140 Quod

452 5160 560 5209 sanctu
578 5158 759 5223 simplicitas
777 5160 882 5211 mnndi
898 5160 1095 5224 Philosophia
1108 5162 1179 5224 jure
1194 5157 1382 5225 praefertur.
1411 5159 1447 5211 In
1468 5160 1558 5225 oper.
1578 5160 1613 5223 11,
1633 5160 1696 5214 253.
