<?xml version="1.0" encoding="UTF-8"?>
<!DOCTYPE html PUBLIC "-//W3C//DTD XHTML 1.0 Transitional//EN"
    "http://www.w3.org/TR/xhtml1/DTD/xhtml1-transitional.dtd">
<html xmlns="http://www.w3.org/1999/xhtml" xml:lang="en" lang="en">
 <head>
  <title>
</title>
<meta http-equiv="Content-Type" content="text/html;charset=utf-8" />
  <meta name='ocr-system' content='tesseract 3.04.00' />
  <meta name='ocr-capabilities' content='ocr_page ocr_carea ocr_par ocr_line ocrx_word'/>
</head>
<body>
  <div class='ocr_page' id='page_1' title='image "./luculanoctis00domigoog_0367.png"; bbox 0 0 4300 6117; ppageno 0'>
   <div class='ocr_carea' id='block_1_1' title="bbox 847 993 1716 1057">
    <p class='ocr_par' dir='ltr' id='par_1_1' title="bbox 847 993 1716 1057">
     <span class='ocr_line' id='line_1_1' title="bbox 847 993 1716 1057; baseline 0.006 -6"><span class='ocrx_word' id='word_1_1' title='bbox 847 998 1037 1053; x_wconf 82' lang='lat' dir='ltr'>IOHANNIS</span> <span class='ocrx_word' id='word_1_2' title='bbox 1059 1000 1243 1055; x_wconf 86' lang='lat' dir='ltr'><strong>DOMINICI</strong></span> <span class='ocrx_word' id='word_1_3' title='bbox 1651 993 1716 1057; x_wconf 86' lang='lat'>243</span> 
     </span>
    </p>
   </div>
   <div class='ocr_carea' id='block_1_2' title="bbox 373 1219 1994 2912">
    <p class='ocr_par' dir='ltr' id='par_1_2' title="bbox 373 1219 1718 1839">
     <span class='ocr_line' id='line_1_2' title="bbox 376 1219 1718 1301; baseline 0.006 -21"><span class='ocrx_word' id='word_1_4' title='bbox 376 1219 507 1301; x_wconf 78' lang='lat' dir='ltr'>ydolis,</span> <span class='ocrx_word' id='word_1_5' title='bbox 532 1221 579 1282; x_wconf 90' lang='lat' dir='ltr'>de</span> <span class='ocrx_word' id='word_1_6' title='bbox 601 1239 734 1293; x_wconf 89' lang='lat' dir='ltr'>amore,</span> <span class='ocrx_word' id='word_1_7' title='bbox 760 1222 806 1283; x_wconf 91' lang='lat' dir='ltr'>de</span> <span class='ocrx_word' id='word_1_8' title='bbox 830 1241 917 1284; x_wconf 89' lang='lat' dir='ltr'>cura</span> <span class='ocrx_word' id='word_1_9' title='bbox 929 1223 1145 1285; x_wconf 87' lang='lat' dir='ltr'>secularium</span> <span class='ocrx_word' id='word_1_10' title='bbox 1164 1242 1294 1297; x_wconf 91' lang='lat' dir='ltr'>rerum,</span> <span class='ocrx_word' id='word_1_11' title='bbox 1313 1224 1379 1285; x_wconf 91' lang='lat' dir='ltr'>hec</span> <span class='ocrx_word' id='word_1_12' title='bbox 1392 1225 1554 1287; x_wconf 85' lang='lat' dir='ltr'>radimus</span> <span class='ocrx_word' id='word_1_13' title='bbox 1572 1246 1602 1288; x_wconf 70' lang='lat' dir='ltr'>s,</span> <span class='ocrx_word' id='word_1_14' title='bbox 1615 1260 1659 1267; x_wconf 96' lang='lat'><strong>—</strong></span> <span class='ocrx_word' id='word_1_15' title='bbox 1670 1225 1718 1288; x_wconf 90' lang='lat' dir='ltr'>Et</span> 
     </span>
     <span class='ocr_line' id='line_1_3' title="bbox 375 1327 1718 1410; baseline 0.005 -23"><span class='ocrx_word' id='word_1_16' title='bbox 375 1327 506 1406; x_wconf 88' lang='lat' dir='ltr'>positis</span> <span class='ocrx_word' id='word_1_17' title='bbox 530 1328 746 1407; x_wconf 89' lang='lat' dir='ltr'>quibusdam</span> <span class='ocrx_word' id='word_1_18' title='bbox 775 1328 939 1409; x_wconf 78' lang='lat' dir='ltr'><strong>Apostoli</strong></span> <span class='ocrx_word' id='word_1_19' title='bbox 973 1329 1103 1403; x_wconf 84' lang='lat' dir='ltr'>verbis,</span> <span class='ocrx_word' id='word_1_20' title='bbox 1130 1348 1320 1410; x_wconf 85' lang='lat' dir='ltr'><strong>exponens,</strong></span> <span class='ocrx_word' id='word_1_21' title='bbox 1356 1331 1429 1393; x_wconf 91' lang='lat' dir='ltr'>ait:</span> <span class='ocrx_word' id='word_1_22' title='bbox 1456 1330 1617 1394; x_wconf 76' lang='lat' dir='ltr'>«Nonne</span> <span class='ocrx_word' id='word_1_23' title='bbox 1652 1334 1718 1395; x_wconf 91' lang='lat' dir='ltr'>tibi</span> 
     </span>
     <span class='ocr_line' id='line_1_4' title="bbox 378 1435 1716 1519; baseline 0.001 -24"><span class='ocrx_word' id='word_1_24' title='bbox 378 1435 533 1507; x_wconf 85' lang='lat' dir='ltr'>videtur,</span> <span class='ocrx_word' id='word_1_25' title='bbox 559 1436 627 1497; x_wconf 89' lang='lat' dir='ltr'>sub</span> <span class='ocrx_word' id='word_1_26' title='bbox 645 1436 725 1498; x_wconf 87' lang='lat' dir='ltr'>aliis</span> <span class='ocrx_word' id='word_1_27' title='bbox 741 1437 872 1509; x_wconf 87' lang='lat' dir='ltr'>verbis,</span> <span class='ocrx_word' id='word_1_28' title='bbox 898 1436 1019 1499; x_wconf 83' lang='lat' dir='ltr'>dicere</span> <span class='ocrx_word' id='word_1_29' title='bbox 1036 1458 1043 1499; x_wconf 96' lang='lat'><strong>:</strong></span> <span class='ocrx_word' id='word_1_30' title='bbox 1071 1458 1086 1491; x_wconf 69' lang='lat' dir='ltr'>s</span> <span class='ocrx_word' id='word_1_31' title='bbox 1102 1435 1155 1499; x_wconf 90' lang='lat' dir='ltr'>Ne</span> <span class='ocrx_word' id='word_1_32' title='bbox 1172 1438 1269 1518; x_wconf 89' lang='lat' dir='ltr'>legas</span> <span class='ocrx_word' id='word_1_33' title='bbox 1286 1437 1526 1519; x_wconf 89' lang='lat' dir='ltr'>philosophos,</span> <span class='ocrx_word' id='word_1_34' title='bbox 1543 1443 1716 1503; x_wconf 69' lang='lat' dir='ltr'>oratores,</span> 
     </span>
     <span class='ocr_line' id='line_1_5' title="bbox 378 1542 1718 1628; baseline 0.004 -24"><span class='ocrx_word' id='word_1_35' title='bbox 378 1545 515 1622; x_wconf 86' lang='lat' dir='ltr'>poetas,</span> <span class='ocrx_word' id='word_1_36' title='bbox 540 1560 606 1605; x_wconf 91' lang='lat' dir='ltr'>nec</span> <span class='ocrx_word' id='word_1_37' title='bbox 630 1544 665 1604; x_wconf 91' lang='lat' dir='ltr'>in</span> <span class='ocrx_word' id='word_1_38' title='bbox 690 1562 814 1605; x_wconf 91' lang='lat' dir='ltr'>eorum</span> <span class='ocrx_word' id='word_1_39' title='bbox 837 1543 991 1606; x_wconf 88' lang='lat' dir='ltr'>lectione</span> <span class='ocrx_word' id='word_1_40' title='bbox 1013 1545 1222 1624; x_wconf 86' lang='lat' dir='ltr'>requiescas</span> <span class='ocrx_word' id='word_1_41' title='bbox 1241 1542 1289 1605; x_wconf 87' lang='lat'>»¹.</span> <span class='ocrx_word' id='word_1_42' title='bbox 1308 1576 1347 1585; x_wconf 95' lang='lat'><strong>—</strong></span> <span class='ocrx_word' id='word_1_43' title='bbox 1363 1544 1440 1607; x_wconf 93' lang='lat' dir='ltr'>Hec</span> <span class='ocrx_word' id='word_1_44' title='bbox 1457 1546 1516 1618; x_wconf 90' lang='lat' dir='ltr'>ibi,</span> <span class='ocrx_word' id='word_1_45' title='bbox 1539 1566 1605 1628; x_wconf 94' lang='lat' dir='ltr'>per</span> <span class='ocrx_word' id='word_1_46' title='bbox 1620 1548 1718 1627; x_wconf 91' lang='lat' dir='ltr'>quod</span> 
     </span>
     <span class='ocr_line' id='line_1_6' title="bbox 373 1650 1717 1729; baseline 0.005 -19"><span class='ocrx_word' id='word_1_47' title='bbox 373 1652 479 1729; x_wconf 86' lang='lat' dir='ltr'>patet</span> <span class='ocrx_word' id='word_1_48' title='bbox 501 1650 716 1712; x_wconf 90' lang='lat' dir='ltr'>Ieronimum</span> <span class='ocrx_word' id='word_1_49' title='bbox 740 1669 821 1713; x_wconf 91' lang='lat' dir='ltr'>cum</span> <span class='ocrx_word' id='word_1_50' title='bbox 844 1650 956 1713; x_wconf 92' lang='lat' dir='ltr'>Paulo</span> <span class='ocrx_word' id='word_1_51' title='bbox 979 1671 1050 1713; x_wconf 93' lang='lat' dir='ltr'>non</span> <span class='ocrx_word' id='word_1_52' title='bbox 1074 1651 1189 1714; x_wconf 87' lang='lat' dir='ltr'>solum</span> <span class='ocrx_word' id='word_1_53' title='bbox 1213 1653 1420 1714; x_wconf 88' lang='lat' dir='ltr'>diuturnum</span> <span class='ocrx_word' id='word_1_54' title='bbox 1443 1672 1555 1726; x_wconf 90' lang='lat' dir='ltr'>usum,</span> <span class='ocrx_word' id='word_1_55' title='bbox 1581 1656 1647 1717; x_wconf 87' lang='lat' dir='ltr'>sed</span> <span class='ocrx_word' id='word_1_56' title='bbox 1680 1658 1717 1718; x_wconf 90' lang='lat' dir='ltr'>et</span> 
     </span>
     <span class='ocr_line' id='line_1_7' title="bbox 380 1758 1189 1839; baseline 0.004 -21"><span class='ocrx_word' id='word_1_57' title='bbox 380 1758 579 1836; x_wconf 78' lang='lat' dir='ltr'>quamlibet</span> <span class='ocrx_word' id='word_1_58' title='bbox 602 1758 792 1820; x_wconf 91' lang='lat' dir='ltr'>lectionem</span> <span class='ocrx_word' id='word_1_59' title='bbox 815 1759 940 1820; x_wconf 90' lang='lat' dir='ltr'>talium</span> <span class='ocrx_word' id='word_1_60' title='bbox 963 1758 1159 1839; x_wconf 90' lang='lat' dir='ltr'>denegasse</span> <span class='ocrx_word' id='word_1_61' title='bbox 1169 1758 1189 1821; x_wconf 67' lang='lat'>2.</span> 
     </span>
    </p>

    <p class='ocr_par' dir='ltr' id='par_1_3' title="bbox 374 1863 1994 2912">
     <span class='ocr_line' id='line_1_8' title="bbox 488 1863 1784 1947; baseline 0.008 -22"><span class='ocrx_word' id='word_1_62' title='bbox 488 1863 683 1926; x_wconf 89' lang='lat' dir='ltr'>Racionem</span> <span class='ocrx_word' id='word_1_63' title='bbox 709 1868 830 1927; x_wconf 91' lang='lat' dir='ltr'>autem</span> <span class='ocrx_word' id='word_1_64' title='bbox 852 1866 1010 1947; x_wconf 78' lang='lat' dir='ltr'>assignat</span> <span class='ocrx_word' id='word_1_65' title='bbox 1043 1863 1237 1947; x_wconf 78' lang='lat' dir='ltr'>Gregorius</span> <span class='ocrx_word' id='word_1_66' title='bbox 1262 1867 1307 1928; x_wconf 93' lang='lat' dir='ltr'>in</span> <span class='ocrx_word' id='word_1_67' title='bbox 1344 1865 1622 1940; x_wconf 69' lang='lat' dir='ltr'>litoralibus,</span> <span class='ocrx_word' id='word_1_68' title='bbox 1662 1869 1784 1937; x_wconf 79' lang='lat' dir='ltr'>cli-16.</span> 
     </span>
     <span class='ocr_line' id='line_1_9' title="bbox 379 1970 1712 2056; baseline 0.003 -23"><span class='ocrx_word' id='word_1_69' title='bbox 379 1989 487 2035; x_wconf 90' lang='lat' dir='ltr'>cens:</span> <span class='ocrx_word' id='word_1_70' title='bbox 515 1991 530 2024; x_wconf 64' lang='grc' dir='ltr'><strong><em>ι</em></strong></span> <span class='ocrx_word' id='word_1_71' title='bbox 551 1970 666 2033; x_wconf 91' lang='lat' dir='ltr'>Huius</span> <span class='ocrx_word' id='word_1_72' title='bbox 690 1974 813 2035; x_wconf 92' lang='lat' dir='ltr'>mundi</span> <span class='ocrx_word' id='word_1_73' title='bbox 836 1974 1020 2052; x_wconf 88' lang='lat' dir='ltr'>sapiencia</span> <span class='ocrx_word' id='word_1_74' title='bbox 1043 1976 1115 2036; x_wconf 90' lang='lat' dir='ltr'>est:</span> <span class='ocrx_word' id='word_1_75' title='bbox 1142 1992 1205 2035; x_wconf 90' lang='lat' dir='ltr'>cor</span> <span class='ocrx_word' id='word_1_76' title='bbox 1231 1974 1560 2037; x_wconf 84' lang='lat' dir='ltr'>machinacionibus</span> <span class='ocrx_word' id='word_1_77' title='bbox 1583 1979 1712 2056; x_wconf 90' lang='lat' dir='ltr'>tegere,</span> 
     </span>
     <span class='ocr_line' id='line_1_10' title="bbox 375 2080 1714 2162; baseline 0.001 -18"><span class='ocrx_word' id='word_1_78' title='bbox 375 2100 522 2144; x_wconf 88' lang='lat' dir='ltr'>sensum</span> <span class='ocrx_word' id='word_1_79' title='bbox 545 2081 666 2141; x_wconf 86' lang='lat' dir='ltr'>verbis</span> <span class='ocrx_word' id='word_1_80' title='bbox 697 2080 828 2152; x_wconf 89' lang='lat' dir='ltr'>velare,</span> <span class='ocrx_word' id='word_1_81' title='bbox 863 2098 933 2160; x_wconf 89' lang='lat' dir='ltr'>que</span> <span class='ocrx_word' id='word_1_82' title='bbox 956 2082 1048 2142; x_wconf 83' lang='lat' dir='ltr'>falsa</span> <span class='ocrx_word' id='word_1_83' title='bbox 1077 2081 1150 2142; x_wconf 91' lang='lat' dir='ltr'>sint</span> <span class='ocrx_word' id='word_1_84' title='bbox 1184 2099 1272 2142; x_wconf 84' lang='lat' dir='ltr'>vera</span> <span class='ocrx_word' id='word_1_85' title='bbox 1303 2083 1504 2153; x_wconf 84' lang='lat' dir='ltr'>ostendere,</span> <span class='ocrx_word' id='word_1_86' title='bbox 1530 2101 1600 2162; x_wconf 90' lang='lat' dir='ltr'>que</span> <span class='ocrx_word' id='word_1_87' title='bbox 1627 2102 1714 2145; x_wconf 84' lang='lat' dir='ltr'>vera</span> 
     </span>
     <span class='ocr_line' id='line_1_11' title="bbox 376 2186 1714 2270; baseline 0.001 -18"><span class='ocrx_word' id='word_1_88' title='bbox 376 2190 450 2252; x_wconf 91' lang='lat' dir='ltr'>sint</span> <span class='ocrx_word' id='word_1_89' title='bbox 480 2187 573 2250; x_wconf 78' lang='lat' dir='ltr'>falsa</span> <span class='ocrx_word' id='word_1_90' title='bbox 604 2188 861 2248; x_wconf 89' lang='lat' dir='ltr'>demonstrare.</span> <span class='ocrx_word' id='word_1_91' title='bbox 907 2186 1011 2249; x_wconf 91' lang='lat' dir='ltr'>Hanc</span> <span class='ocrx_word' id='word_1_92' title='bbox 1046 2188 1108 2266; x_wconf 90' lang='lat' dir='ltr'>qui</span> <span class='ocrx_word' id='word_1_93' title='bbox 1142 2188 1268 2260; x_wconf 89' lang='lat' dir='ltr'>sciunt,</span> <span class='ocrx_word' id='word_1_94' title='bbox 1299 2193 1438 2250; x_wconf 90' lang='lat' dir='ltr'>ceteros</span> <span class='ocrx_word' id='word_1_95' title='bbox 1473 2191 1714 2270; x_wconf 89' lang='lat' dir='ltr'>superbiendo</span> 
     </span>
     <span class='ocr_line' id='line_1_12' title="bbox 380 2294 1715 2383; baseline -0.001 -23"><span class='ocrx_word' id='word_1_96' title='bbox 380 2297 603 2377; x_wconf 85' lang='lat' dir='ltr'>despiciunt;</span> <span class='ocrx_word' id='word_1_97' title='bbox 628 2296 690 2373; x_wconf 91' lang='lat' dir='ltr'>qui</span> <span class='ocrx_word' id='word_1_98' title='bbox 712 2296 884 2366; x_wconf 86' lang='lat' dir='ltr'>nesciunt,</span> <span class='ocrx_word' id='word_1_99' title='bbox 910 2294 1063 2357; x_wconf 90' lang='lat' dir='ltr'>subiecti</span> <span class='ocrx_word' id='word_1_100' title='bbox 1087 2297 1123 2356; x_wconf 95' lang='lat' dir='ltr'>et</span> <span class='ocrx_word' id='word_1_101' title='bbox 1145 2295 1261 2356; x_wconf 86' lang='lat' dir='ltr'>timidi</span> <span class='ocrx_word' id='word_1_102' title='bbox 1284 2296 1321 2356; x_wconf 92' lang='lat' dir='ltr'>in</span> <span class='ocrx_word' id='word_1_103' title='bbox 1344 2296 1423 2357; x_wconf 90' lang='lat' dir='ltr'>aliis</span> <span class='ocrx_word' id='word_1_104' title='bbox 1447 2298 1562 2383; x_wconf 89' lang='lat' dir='ltr'>ipsam</span> <span class='ocrx_word' id='word_1_105' title='bbox 1585 2298 1715 2359; x_wconf 90' lang='lat' dir='ltr'>miran-</span> 
     </span>
     <span class='ocr_line' id='line_1_13' title="bbox 374 2402 1714 2482; baseline 0 -15"><span class='ocrx_word' id='word_1_106' title='bbox 374 2409 446 2468; x_wconf 84' lang='lat' dir='ltr'>tur.</span> <span class='ocrx_word' id='word_1_107' title='bbox 471 2404 549 2465; x_wconf 91' lang='lat' dir='ltr'>Hec</span> <span class='ocrx_word' id='word_1_108' title='bbox 573 2403 642 2465; x_wconf 90' lang='lat' dir='ltr'>sibi</span> <span class='ocrx_word' id='word_1_109' title='bbox 666 2402 947 2480; x_wconf 86' lang='lat' dir='ltr'>obsequentibus</span> <span class='ocrx_word' id='word_1_110' title='bbox 970 2402 1125 2481; x_wconf 88' lang='lat' dir='ltr'>precipit</span> <span class='ocrx_word' id='word_1_111' title='bbox 1154 2402 1329 2463; x_wconf 91' lang='lat' dir='ltr'>honorum</span> <span class='ocrx_word' id='word_1_112' title='bbox 1364 2404 1518 2465; x_wconf 90' lang='lat' dir='ltr'>culmina</span> <span class='ocrx_word' id='word_1_113' title='bbox 1553 2421 1714 2482; x_wconf 85' lang='lat' dir='ltr'>querere,</span> 
     </span>
     <span class='ocr_line' id='line_1_14' title="bbox 374 2499 1994 2592; baseline -0.001 -17"><span class='ocrx_word' id='word_1_114' title='bbox 374 2513 514 2592; x_wconf 90' lang='lat' dir='ltr'>adepta</span> <span class='ocrx_word' id='word_1_115' title='bbox 550 2510 759 2589; x_wconf 87' lang='lat' dir='ltr'>temporalis</span> <span class='ocrx_word' id='word_1_116' title='bbox 793 2510 904 2589; x_wconf 90' lang='lat' dir='ltr'>glorie</span> <span class='ocrx_word' id='word_1_117' title='bbox 921 2499 935 2591; x_wconf 89' lang='grc' dir='ltr'>ΙΙ</span> <span class='ocrx_word' id='word_1_118' title='bbox 960 2510 1121 2569; x_wconf 88' lang='lat' dir='ltr'>vanitate</span> <span class='ocrx_word' id='word_1_119' title='bbox 1156 2510 1322 2588; x_wconf 90' lang='lat' dir='ltr'>gaudere,</span> <span class='ocrx_word' id='word_1_120' title='bbox 1358 2510 1517 2591; x_wconf 89' lang='lat' dir='ltr'>irrogata</span> <span class='ocrx_word' id='word_1_121' title='bbox 1554 2513 1600 2573; x_wconf 89' lang='lat' dir='ltr'>ab</span> <span class='ocrx_word' id='word_1_122' title='bbox 1635 2512 1715 2574; x_wconf 89' lang='lat' dir='ltr'>aliis</span> <span class='ocrx_word' id='word_1_123' title='bbox 1730 2513 1759 2575; x_wconf 93' lang='lat' dir='ltr'>L</span> <span class='ocrx_word' id='word_1_124' title='bbox 1774 2514 1850 2577; x_wconf 66' lang='grc' dir='ltr'>72νο</span> <span class='ocrx_word' id='word_1_125' title='bbox 1873 2512 1903 2573; x_wconf 90' lang='grc' dir='ltr'>Β</span> <span class='ocrx_word' id='word_1_126' title='bbox 1919 2511 1994 2575; x_wconf 68' lang='lat'><strong>56&#39;0</strong></span> 
     </span>
     <span class='ocr_line' id='line_1_15' title="bbox 379 2604 1716 2697; baseline -0.001 -15"><span class='ocrx_word' id='word_1_127' title='bbox 379 2621 475 2682; x_wconf 89' lang='lat' dir='ltr'>mala</span> <span class='ocrx_word' id='word_1_128' title='bbox 498 2618 744 2697; x_wconf 90' lang='lat' dir='ltr'>multipliciter</span> <span class='ocrx_word' id='word_1_129' title='bbox 768 2617 931 2688; x_wconf 81' lang='lat' dir='ltr'>reddere,</span> <span class='ocrx_word' id='word_1_130' title='bbox 957 2604 1037 2677; x_wconf 78' lang='lat' dir='ltr'>cum</span> <span class='ocrx_word' id='word_1_131' title='bbox 1059 2617 1154 2677; x_wconf 87' lang='lat' dir='ltr'>vires</span> <span class='ocrx_word' id='word_1_132' title='bbox 1180 2619 1375 2696; x_wconf 88' lang='lat' dir='ltr'>suppetunt</span> <span class='ocrx_word' id='word_1_133' title='bbox 1408 2618 1514 2680; x_wconf 91' lang='lat' dir='ltr'>nullis</span> <span class='ocrx_word' id='word_1_134' title='bbox 1549 2620 1716 2681; x_wconf 89' lang='lat' dir='ltr'>resisten-</span> 
     </span>
     <span class='ocr_line' id='line_1_16' title="bbox 379 2723 1716 2805; baseline -0.001 -16"><span class='ocrx_word' id='word_1_135' title='bbox 379 2728 475 2789; x_wconf 88' lang='lat' dir='ltr'>tibus</span> <span class='ocrx_word' id='word_1_136' title='bbox 501 2727 640 2796; x_wconf 88' lang='lat' dir='ltr'>cedere,</span> <span class='ocrx_word' id='word_1_137' title='bbox 667 2744 746 2786; x_wconf 90' lang='lat' dir='ltr'>cum</span> <span class='ocrx_word' id='word_1_138' title='bbox 769 2723 911 2785; x_wconf 84' lang='lat' dir='ltr'>virtutis</span> <span class='ocrx_word' id='word_1_139' title='bbox 934 2723 1155 2802; x_wconf 90' lang='lat' dir='ltr'>possibilitas</span> <span class='ocrx_word' id='word_1_140' title='bbox 1181 2724 1292 2795; x_wconf 86' lang='lat' dir='ltr'>deest,</span> <span class='ocrx_word' id='word_1_141' title='bbox 1318 2724 1496 2803; x_wconf 91' lang='lat' dir='ltr'>quidquid</span> <span class='ocrx_word' id='word_1_142' title='bbox 1529 2743 1595 2805; x_wconf 92' lang='lat' dir='ltr'>per</span> <span class='ocrx_word' id='word_1_143' title='bbox 1617 2727 1716 2787; x_wconf 90' lang='lat' dir='ltr'>mali·</span> 
     </span>
     <span class='ocr_line' id='line_1_17' title="bbox 375 2828 1639 2912; baseline -0.001 -18"><span class='ocrx_word' id='word_1_144' title='bbox 375 2835 471 2895; x_wconf 90' lang='lat' dir='ltr'>ciam</span> <span class='ocrx_word' id='word_1_145' title='bbox 495 2833 640 2912; x_wconf 87' lang='lat' dir='ltr'>explere</span> <span class='ocrx_word' id='word_1_146' title='bbox 664 2850 736 2892; x_wconf 91' lang='lat' dir='ltr'>non</span> <span class='ocrx_word' id='word_1_147' title='bbox 758 2830 864 2901; x_wconf 86' lang='lat' dir='ltr'>valet,</span> <span class='ocrx_word' id='word_1_148' title='bbox 889 2830 957 2891; x_wconf 90' lang='lat' dir='ltr'>hoc</span> <span class='ocrx_word' id='word_1_149' title='bbox 981 2831 1018 2891; x_wconf 93' lang='lat' dir='ltr'>in</span> <span class='ocrx_word' id='word_1_150' title='bbox 1040 2828 1196 2910; x_wconf 79' lang='lat' dir='ltr'>pacifica</span> <span class='ocrx_word' id='word_1_151' title='bbox 1218 2831 1380 2892; x_wconf 91' lang='lat' dir='ltr'>bonitate</span> <span class='ocrx_word' id='word_1_152' title='bbox 1403 2832 1571 2894; x_wconf 90' lang='lat' dir='ltr'>simulare</span> <span class='ocrx_word' id='word_1_153' title='bbox 1591 2830 1639 2893; x_wconf 79' lang='lat'>»³.</span> 
     </span>
    </p>
   </div>
   <div class='ocr_carea' id='block_1_3' title="bbox 385 3028 595 3037">
    <p class='ocr_par' dir='ltr' id='par_1_4' title="bbox 385 3028 595 3037">
     <span class='ocr_line' id='line_1_18' title="bbox 385 3028 595 3037; baseline -0.01 0"><span class='ocrx_word' id='word_1_154' title='bbox 385 3028 595 3037; x_wconf 78' lang='lat'>——-</span> 
     </span>
    </p>
   </div>
   <div class='ocr_carea' id='block_1_4' title="bbox 300 3199 1718 5143">
    <p class='ocr_par' dir='ltr' id='par_1_5' title="bbox 385 3199 1717 3361">
     <span class='ocr_line' id='line_1_19' title="bbox 488 3199 1717 3269; baseline -0.001 -14"><span class='ocrx_word' id='word_1_155' title='bbox 488 3202 509 3269; x_wconf 86' lang='lat'>¹)</span> <span class='ocrx_word' id='word_1_156' title='bbox 528 3203 558 3256; x_wconf 87' lang='lat' dir='ltr'>S.</span> <span class='ocrx_word' id='word_1_157' title='bbox 577 3201 844 3255; x_wconf 75' lang='lat' dir='ltr'>EUSEB.H1ERON.</span> <span class='ocrx_word' id='word_1_158' title='bbox 881 3201 980 3266; x_wconf 80' lang='lat' dir='ltr'>Epist.</span> <span class='ocrx_word' id='word_1_159' title='bbox 997 3200 1067 3251; x_wconf 84' lang='lat' dir='ltr'>XXI</span> <span class='ocrx_word' id='word_1_160' title='bbox 1092 3202 1135 3252; x_wconf 86' lang='lat' dir='ltr'>ud</span> <span class='ocrx_word' id='word_1_161' title='bbox 1159 3202 1339 3264; x_wconf 84' lang='lat' dir='ltr'>Damasum,</span> <span class='ocrx_word' id='word_1_162' title='bbox 1366 3202 1404 3253; x_wconf 85' lang='lat' dir='ltr'>de</span> <span class='ocrx_word' id='word_1_163' title='bbox 1421 3201 1541 3253; x_wconf 84' lang='lat' dir='ltr'>duobus</span> <span class='ocrx_word' id='word_1_164' title='bbox 1555 3199 1642 3265; x_wconf 80' lang='lat' dir='ltr'>filiis.</span> <span class='ocrx_word' id='word_1_165' title='bbox 1681 3202 1717 3254; x_wconf 93' lang='lat' dir='ltr'>In</span> 
     </span>
     <span class='ocr_line' id='line_1_20' title="bbox 385 3292 675 3361; baseline -0.017 -13"><span class='ocrx_word' id='word_1_166' title='bbox 385 3295 477 3361; x_wconf 78' lang='lat' dir='ltr'>oper.</span> <span class='ocrx_word' id='word_1_167' title='bbox 498 3294 521 3357; x_wconf 88' lang='lat'>1,</span> <span class='ocrx_word' id='word_1_168' title='bbox 538 3293 594 3346; x_wconf 86' lang='lat' dir='ltr'>col.</span> <span class='ocrx_word' id='word_1_169' title='bbox 613 3292 675 3345; x_wconf 83' lang='lat'><strong>385.</strong></span> 
     </span>
    </p>

    <p class='ocr_par' dir='ltr' id='par_1_6' title="bbox 373 3379 1718 4964">
     <span class='ocr_line' id='line_1_21' title="bbox 485 3379 1718 3449; baseline -0.001 -15"><span class='ocrx_word' id='word_1_170' title='bbox 485 3380 506 3449; x_wconf 85' lang='lat'>²)</span> <span class='ocrx_word' id='word_1_171' title='bbox 525 3382 678 3434; x_wconf 90' lang='lat' dir='ltr'>Dominici</span> <span class='ocrx_word' id='word_1_172' title='bbox 702 3382 769 3434; x_wconf 87' lang='lat' dir='ltr'>tout</span> <span class='ocrx_word' id='word_1_173' title='bbox 795 3396 834 3433; x_wconf 88' lang='lat' dir='ltr'>en</span> <span class='ocrx_word' id='word_1_174' title='bbox 857 3379 997 3431; x_wconf 84' lang='lat' dir='ltr'>donnant</span> <span class='ocrx_word' id='word_1_175' title='bbox 1020 3379 1051 3432; x_wconf 90' lang='lat' dir='ltr'>le</span> <span class='ocrx_word' id='word_1_176' title='bbox 1077 3381 1166 3432; x_wconf 84' lang='lat' dir='ltr'>texte</span> <span class='ocrx_word' id='word_1_177' title='bbox 1191 3379 1322 3447; x_wconf 75' lang='lat' dir='ltr'>integral</span> <span class='ocrx_word' id='word_1_178' title='bbox 1342 3381 1381 3432; x_wconf 91' lang='lat' dir='ltr'>de</span> <span class='ocrx_word' id='word_1_179' title='bbox 1399 3379 1429 3432; x_wconf 90' lang='lat' dir='ltr'>S.</span> <span class='ocrx_word' id='word_1_180' title='bbox 1448 3380 1578 3443; x_wconf 75' lang='lat' dir='ltr'>Jerdme,</span> <span class='ocrx_word' id='word_1_181' title='bbox 1603 3395 1639 3433; x_wconf 89' lang='lat' dir='ltr'>ce</span> <span class='ocrx_word' id='word_1_182' title='bbox 1657 3395 1718 3447; x_wconf 90' lang='lat' dir='ltr'>que</span> 
     </span>
     <span class='ocr_line' id='line_1_22' title="bbox 376 3469 1717 3539; baseline -0.004 -12"><span class='ocrx_word' id='word_1_183' title='bbox 376 3473 495 3527; x_wconf 82' lang='lat' dir='ltr'>n’avait</span> <span class='ocrx_word' id='word_1_184' title='bbox 521 3488 579 3539; x_wconf 87' lang='lat' dir='ltr'>pas</span> <span class='ocrx_word' id='word_1_185' title='bbox 603 3471 661 3524; x_wconf 81' lang='lat' dir='ltr'>tait</span> <span class='ocrx_word' id='word_1_186' title='bbox 686 3470 735 3523; x_wconf 86' lang='lat' dir='ltr'>ira</span> <span class='ocrx_word' id='word_1_187' title='bbox 755 3470 841 3523; x_wconf 88' lang='lat' dir='ltr'>Giov.</span> <span class='ocrx_word' id='word_1_188' title='bbox 862 3471 903 3522; x_wconf 89' lang='lat' dir='ltr'>da</span> <span class='ocrx_word' id='word_1_189' title='bbox 922 3470 1134 3531; x_wconf 88' lang='lat' dir='ltr'>Samminiato,</span> <span class='ocrx_word' id='word_1_190' title='bbox 1159 3469 1273 3535; x_wconf 88' lang='lat' dir='ltr'>adopte</span> <span class='ocrx_word' id='word_1_191' title='bbox 1291 3470 1322 3520; x_wconf 90' lang='lat' dir='ltr'>la</span> <span class='ocrx_word' id='word_1_192' title='bbox 1346 3470 1447 3521; x_wconf 73' lang='lat' dir='ltr'>meme</span> <span class='ocrx_word' id='word_1_193' title='bbox 1471 3470 1717 3536; x_wconf 78' lang='lat' dir='ltr'>interpretation.</span> 
     </span>
     <span class='ocr_line' id='line_1_23' title="bbox 383 3558 1718 3630; baseline -0.004 -15"><span class='ocrx_word' id='word_1_194' title='bbox 383 3564 424 3615; x_wconf 85' lang='lat' dir='ltr'>Et</span> <span class='ocrx_word' id='word_1_195' title='bbox 441 3563 597 3630; x_wconf 85' lang='lat' dir='ltr'>pourtant,</span> <span class='ocrx_word' id='word_1_196' title='bbox 617 3560 695 3612; x_wconf 89' lang='lat' dir='ltr'>ainsi</span> <span class='ocrx_word' id='word_1_197' title='bbox 712 3574 773 3625; x_wconf 89' lang='lat' dir='ltr'>que</span> <span class='ocrx_word' id='word_1_198' title='bbox 790 3574 869 3611; x_wconf 88' lang='lat' dir='ltr'>nous</span> <span class='ocrx_word' id='word_1_199' title='bbox 888 3559 1010 3612; x_wconf 86' lang='lat' dir='ltr'>l&#39;avons</span> <span class='ocrx_word' id='word_1_200' title='bbox 1029 3559 1084 3621; x_wconf 88' lang='lat' dir='ltr'>dit,</span> <span class='ocrx_word' id='word_1_201' title='bbox 1103 3558 1124 3610; x_wconf 96' lang='lat' dir='ltr'>il</span> <span class='ocrx_word' id='word_1_202' title='bbox 1143 3559 1249 3611; x_wconf 86' lang='lat' dir='ltr'>devait</span> <span class='ocrx_word' id='word_1_203' title='bbox 1267 3558 1354 3612; x_wconf 87' lang='lat' dir='ltr'>avoir</span> <span class='ocrx_word' id='word_1_204' title='bbox 1373 3573 1446 3611; x_wconf 89' lang='lat' dir='ltr'>sous</span> <span class='ocrx_word' id='word_1_205' title='bbox 1464 3559 1510 3611; x_wconf 90' lang='lat' dir='ltr'>les</span> <span class='ocrx_word' id='word_1_206' title='bbox 1528 3574 1610 3627; x_wconf 87' lang='lat' dir='ltr'>yeux</span> <span class='ocrx_word' id='word_1_207' title='bbox 1628 3560 1658 3611; x_wconf 93' lang='grc'>13</span> <span class='ocrx_word' id='word_1_208' title='bbox 1670 3559 1718 3610; x_wconf 76' lang='lat' dir='ltr'>re·</span> 
     </span>
     <span class='ocr_line' id='line_1_24' title="bbox 375 3648 1717 3720; baseline -0.002 -16"><span class='ocrx_word' id='word_1_209' title='bbox 375 3667 477 3720; x_wconf 89' lang='lat' dir='ltr'>ponse</span> <span class='ocrx_word' id='word_1_210' title='bbox 495 3652 535 3703; x_wconf 91' lang='lat' dir='ltr'>de</span> <span class='ocrx_word' id='word_1_211' title='bbox 554 3650 617 3703; x_wconf 88' lang='lat' dir='ltr'>Col.</span> <span class='ocrx_word' id='word_1_212' title='bbox 637 3648 767 3702; x_wconf 85' lang='lat' dir='ltr'>Salutati</span> <span class='ocrx_word' id='word_1_213' title='bbox 785 3664 826 3701; x_wconf 89' lang='lat' dir='ltr'>au</span> <span class='ocrx_word' id='word_1_214' title='bbox 844 3648 1031 3701; x_wconf 78' lang='lat' dir='ltr'>camaldule.</span> <span class='ocrx_word' id='word_1_215' title='bbox 1061 3648 1276 3701; x_wconf 88' lang='lat' dir='ltr'>Commentant</span> <span class='ocrx_word' id='word_1_216' title='bbox 1295 3650 1375 3699; x_wconf 85' lang='lat' dir='ltr'>cette</span> <span class='ocrx_word' id='word_1_217' title='bbox 1393 3648 1629 3714; x_wconf 77' lang='lat' dir='ltr'>interpretation</span> <span class='ocrx_word' id='word_1_218' title='bbox 1646 3650 1717 3713; x_wconf 88' lang='lat' dir='ltr'>trop</span> 
     </span>
     <span class='ocr_line' id='line_1_25' title="bbox 379 3738 1717 3806; baseline -0.004 -12"><span class='ocrx_word' id='word_1_219' title='bbox 379 3741 516 3794; x_wconf 76' lang='lat' dir='ltr'>radIcale</span> <span class='ocrx_word' id='word_1_220' title='bbox 535 3740 553 3792; x_wconf 78' lang='lat' dir='ltr'>a</span> <span class='ocrx_word' id='word_1_221' title='bbox 572 3755 630 3791; x_wconf 89' lang='lat' dir='ltr'>son</span> <span class='ocrx_word' id='word_1_222' title='bbox 648 3739 710 3806; x_wconf 76' lang='lat' dir='ltr'>gre,</span> <span class='ocrx_word' id='word_1_223' title='bbox 730 3740 760 3791; x_wconf 88' lang='lat' dir='ltr'>et</span> <span class='ocrx_word' id='word_1_224' title='bbox 779 3738 797 3789; x_wconf 79' lang='lat' dir='ltr'>a</span> <span class='ocrx_word' id='word_1_225' title='bbox 813 3739 894 3803; x_wconf 86' lang='lat' dir='ltr'>juste</span> <span class='ocrx_word' id='word_1_226' title='bbox 912 3738 998 3800; x_wconf 87' lang='lat' dir='ltr'>titre,</span> <span class='ocrx_word' id='word_1_227' title='bbox 1011 3738 1041 3789; x_wconf 89' lang='lat' dir='ltr'>le</span> <span class='ocrx_word' id='word_1_228' title='bbox 1055 3738 1235 3790; x_wconf 86' lang='lat' dir='ltr'>chancelier</span> <span class='ocrx_word' id='word_1_229' title='bbox 1254 3738 1396 3789; x_wconf 81' lang='lat' dir='ltr'>ecrivait:</span> <span class='ocrx_word' id='word_1_230' title='bbox 1418 3756 1430 3780; x_wconf 90' lang='lat'>‹</span> <span class='ocrx_word' id='word_1_231' title='bbox 1446 3775 1472 3789; x_wconf 92' lang='lat'>..</span> <span class='ocrx_word' id='word_1_232' title='bbox 1489 3778 1494 3789; x_wconf 94' lang='lat'><em>.</em></span> <span class='ocrx_word' id='word_1_233' title='bbox 1512 3738 1624 3790; x_wconf 90' lang='lat' dir='ltr'>.michi</span> <span class='ocrx_word' id='word_1_234' title='bbox 1643 3752 1717 3803; x_wconf 89' lang='lat' dir='ltr'>quo·</span> 
     </span>
     <span class='ocr_line' id='line_1_26' title="bbox 377 3826 1717 3898; baseline -0.005 -14"><span class='ocrx_word' id='word_1_235' title='bbox 377 3846 438 3898; x_wconf 89' lang='lat' dir='ltr'>que</span> <span class='ocrx_word' id='word_1_236' title='bbox 456 3830 574 3882; x_wconf 89' lang='lat' dir='ltr'>clarum</span> <span class='ocrx_word' id='word_1_237' title='bbox 599 3830 648 3880; x_wconf 91' lang='lat' dir='ltr'>est</span> <span class='ocrx_word' id='word_1_238' title='bbox 675 3828 814 3880; x_wconf 86' lang='lat' dir='ltr'>sensisse</span> <span class='ocrx_word' id='word_1_239' title='bbox 833 3826 1058 3896; x_wconf 84' lang='lat' dir='ltr'>Hieronymum</span> <span class='ocrx_word' id='word_1_240' title='bbox 1083 3827 1178 3893; x_wconf 86' lang='lat' dir='ltr'>longe</span> <span class='ocrx_word' id='word_1_241' title='bbox 1202 3826 1328 3893; x_wconf 89' lang='lat' dir='ltr'>quidem</span> <span class='ocrx_word' id='word_1_242' title='bbox 1351 3826 1441 3879; x_wconf 89' lang='lat' dir='ltr'>aliter</span> <span class='ocrx_word' id='word_1_243' title='bbox 1459 3842 1553 3893; x_wconf 90' lang='lat' dir='ltr'>quam</span> <span class='ocrx_word' id='word_1_244' title='bbox 1570 3826 1717 3889; x_wconf 77' lang='lat' dir='ltr'>affirmes,</span> 
     </span>
     <span class='ocr_line' id='line_1_27' title="bbox 375 3907 1717 3984; baseline -0.004 -11"><span class='ocrx_word' id='word_1_245' title='bbox 375 3907 411 3973; x_wconf 88' lang='lat' dir='ltr'>in</span> <span class='ocrx_word' id='word_1_246' title='bbox 428 3921 476 3973; x_wconf 86' lang='lat' dir='ltr'>his</span> <span class='ocrx_word' id='word_1_247' title='bbox 495 3919 611 3972; x_wconf 89' lang='lat' dir='ltr'>etenim</span> <span class='ocrx_word' id='word_1_248' title='bbox 630 3933 690 3984; x_wconf 89' lang='lat' dir='ltr'>qne</span> <span class='ocrx_word' id='word_1_249' title='bbox 709 3916 875 3983; x_wconf 68' lang='lat' dir='ltr'>scripsisti,</span> <span class='ocrx_word' id='word_1_250' title='bbox 901 3916 1006 3968; x_wconf 89' lang='lat' dir='ltr'>nescio</span> <span class='ocrx_word' id='word_1_251' title='bbox 1027 3916 1160 3982; x_wconf 89' lang='lat' dir='ltr'>quidem</span> <span class='ocrx_word' id='word_1_252' title='bbox 1177 3931 1231 3969; x_wconf 87' lang='lat' dir='ltr'>cur</span> <span class='ocrx_word' id='word_1_253' title='bbox 1249 3931 1313 3968; x_wconf 93' lang='lat' dir='ltr'>non</span> <span class='ocrx_word' id='word_1_254' title='bbox 1330 3916 1477 3979; x_wconf 87' lang='lat' dir='ltr'>tacueris;</span> <span class='ocrx_word' id='word_1_255' title='bbox 1496 3916 1573 3968; x_wconf 90' lang='lat' dir='ltr'>illud</span> <span class='ocrx_word' id='word_1_256' title='bbox 1589 3917 1652 3967; x_wconf 86' lang='lat' dir='ltr'>est:</span> <span class='ocrx_word' id='word_1_257' title='bbox 1670 3928 1717 3967; x_wconf 85' lang='lat' dir='ltr'>ne</span> 
     </span>
     <span class='ocr_line' id='line_1_28' title="bbox 373 4004 1716 4076; baseline -0.005 -14"><span class='ocrx_word' id='word_1_258' title='bbox 373 4011 479 4076; x_wconf 88' lang='lat' dir='ltr'>legas</span> <span class='ocrx_word' id='word_1_259' title='bbox 490 4007 856 4074; x_wconf 88' lang='lat' dir='ltr'>philosophos,oratores,</span> <span class='ocrx_word' id='word_1_260' title='bbox 863 4007 980 4072; x_wconf 89' lang='lat' dir='ltr'>poetas,</span> <span class='ocrx_word' id='word_1_261' title='bbox 989 4006 1113 4057; x_wconf 91' lang='lat' dir='ltr'>necine</span> <span class='ocrx_word' id='word_1_262' title='bbox 1126 4020 1228 4058; x_wconf 90' lang='lat' dir='ltr'>orum</span> <span class='ocrx_word' id='word_1_263' title='bbox 1243 4004 1471 4057; x_wconf 88' lang='lat' dir='ltr'>lectionibus</span> <span class='ocrx_word' id='word_1_264' title='bbox 1484 4005 1698 4072; x_wconf 84' lang='lat' dir='ltr'>requiescas</span> <span class='ocrx_word' id='word_1_265' title='bbox 1710 4019 1716 4065; x_wconf 86' lang='lat'>;</span> 
     </span>
     <span class='ocr_line' id='line_1_29' title="bbox 373 4093 1717 4166; baseline -0.004 -15"><span class='ocrx_word' id='word_1_266' title='bbox 373 4114 437 4166; x_wconf 89' lang='lat' dir='ltr'>que</span> <span class='ocrx_word' id='word_1_267' title='bbox 456 4098 590 4165; x_wconf 89' lang='lat' dir='ltr'>quidem,</span> <span class='ocrx_word' id='word_1_268' title='bbox 608 4097 634 4148; x_wconf 95' lang='lat' dir='ltr'>si</span> <span class='ocrx_word' id='word_1_269' title='bbox 652 4098 737 4148; x_wconf 89' lang='lat' dir='ltr'>recte</span> <span class='ocrx_word' id='word_1_270' title='bbox 757 4094 921 4161; x_wconf 87' lang='lat' dir='ltr'>sobrieque</span> <span class='ocrx_word' id='word_1_271' title='bbox 939 4094 1077 4147; x_wconf 84' lang='lat' dir='ltr'>volneris</span> <span class='ocrx_word' id='word_1_272' title='bbox 1100 4095 1284 4160; x_wconf 89' lang='lat' dir='ltr'>ponderare,</span> <span class='ocrx_word' id='word_1_273' title='bbox 1303 4094 1424 4146; x_wconf 90' lang='lat' dir='ltr'>videbis</span> <span class='ocrx_word' id='word_1_274' title='bbox 1443 4096 1604 4161; x_wconf 77' lang='lat' dir='ltr'>conjuncte</span> <span class='ocrx_word' id='word_1_275' title='bbox 1627 4093 1717 4146; x_wconf 89' lang='lat' dir='ltr'>simul</span> 
     </span>
     <span class='ocr_line' id='line_1_30' title="bbox 378 4183 1715 4255; baseline -0.004 -15"><span class='ocrx_word' id='word_1_276' title='bbox 378 4190 470 4255; x_wconf 90' lang='lat' dir='ltr'>atque</span> <span class='ocrx_word' id='word_1_277' title='bbox 489 4201 628 4240; x_wconf 89' lang='lat' dir='ltr'>connexe</span> <span class='ocrx_word' id='word_1_278' title='bbox 647 4184 805 4251; x_wconf 87' lang='lat' dir='ltr'>prohiberi</span> <span class='ocrx_word' id='word_1_279' title='bbox 824 4183 986 4236; x_wconf 89' lang='lat' dir='ltr'>lectionem</span> <span class='ocrx_word' id='word_1_280' title='bbox 1009 4185 1175 4250; x_wconf 89' lang='lat' dir='ltr'>poetarum</span> <span class='ocrx_word' id='word_1_281' title='bbox 1193 4184 1385 4237; x_wconf 90' lang='lat' dir='ltr'>solummodo</span> <span class='ocrx_word' id='word_1_282' title='bbox 1404 4199 1471 4235; x_wconf 86' lang='lat' dir='ltr'>cum</span> <span class='ocrx_word' id='word_1_283' title='bbox 1492 4186 1715 4251; x_wconf 81' lang='lat' dir='ltr'>permanentia.</span> 
     </span>
     <span class='ocr_line' id='line_1_31' title="bbox 379 4272 1716 4343; baseline -0.003 -14"><span class='ocrx_word' id='word_1_284' title='bbox 379 4277 534 4343; x_wconf 89' lang='lat' dir='ltr'>Siquidem</span> <span class='ocrx_word' id='word_1_285' title='bbox 560 4276 593 4327; x_wconf 92' lang='lat' dir='ltr'>in</span> <span class='ocrx_word' id='word_1_286' title='bbox 613 4274 797 4327; x_wconf 87' lang='lat' dir='ltr'>lectionibus</span> <span class='ocrx_word' id='word_1_287' title='bbox 826 4274 1024 4339; x_wconf 89' lang='lat' dir='ltr'>requiescere</span> <span class='ocrx_word' id='word_1_288' title='bbox 1043 4272 1118 4339; x_wconf 90' lang='lat' dir='ltr'>qnid</span> <span class='ocrx_word' id='word_1_289' title='bbox 1137 4273 1224 4326; x_wconf 89' lang='lat' dir='ltr'>aliud</span> <span class='ocrx_word' id='word_1_290' title='bbox 1242 4274 1289 4324; x_wconf 90' lang='lat' dir='ltr'>est</span> <span class='ocrx_word' id='word_1_291' title='bbox 1308 4287 1400 4338; x_wconf 88' lang='lat' dir='ltr'>quam</span> <span class='ocrx_word' id='word_1_292' title='bbox 1418 4273 1546 4325; x_wconf 90' lang='lat' dir='ltr'>ulterius</span> <span class='ocrx_word' id='word_1_293' title='bbox 1565 4287 1628 4325; x_wconf 92' lang='lat' dir='ltr'>non</span> <span class='ocrx_word' id='word_1_294' title='bbox 1646 4287 1716 4339; x_wconf 89' lang='lat' dir='ltr'>pro·</span> 
     </span>
     <span class='ocr_line' id='line_1_32' title="bbox 377 4360 1716 4433; baseline -0.004 -14"><span class='ocrx_word' id='word_1_295' title='bbox 377 4366 472 4433; x_wconf 85' lang='lat' dir='ltr'>gredi,</span> <span class='ocrx_word' id='word_1_296' title='bbox 491 4365 547 4417; x_wconf 91' lang='lat' dir='ltr'>sed</span> <span class='ocrx_word' id='word_1_297' title='bbox 565 4364 598 4416; x_wconf 94' lang='lat' dir='ltr'>in</span> <span class='ocrx_word' id='word_1_298' title='bbox 616 4365 662 4416; x_wconf 88' lang='lat' dir='ltr'>eis</span> <span class='ocrx_word' id='word_1_299' title='bbox 681 4364 809 4416; x_wconf 89' lang='lat' dir='ltr'>dimisso</span> <span class='ocrx_word' id='word_1_300' title='bbox 828 4363 961 4414; x_wconf 88' lang='lat' dir='ltr'>transitu</span> <span class='ocrx_word' id='word_1_301' title='bbox 982 4362 1193 4428; x_wconf 83' lang='lat' dir='ltr'>permanere?</span> <span class='ocrx_word' id='word_1_302' title='bbox 1219 4377 1280 4429; x_wconf 90' lang='lat' dir='ltr'>quo</span> <span class='ocrx_word' id='word_1_303' title='bbox 1299 4360 1335 4413; x_wconf 87' lang='lat' dir='ltr'>iit</span> <span class='ocrx_word' id='word_1_304' title='bbox 1353 4364 1386 4414; x_wconf 92' lang='lat' dir='ltr'>ut</span> <span class='ocrx_word' id='word_1_305' title='bbox 1411 4362 1513 4414; x_wconf 91' lang='lat' dir='ltr'>omnia</span> <span class='ocrx_word' id='word_1_306' title='bbox 1536 4361 1588 4414; x_wconf 88' lang='lat' dir='ltr'>illa</span> <span class='ocrx_word' id='word_1_307' title='bbox 1607 4362 1716 4414; x_wconf 86' lang='lat' dir='ltr'>Hiero·</span> 
     </span>
     <span class='ocr_line' id='line_1_33' title="bbox 375 4450 1715 4524; baseline -0.004 -17"><span class='ocrx_word' id='word_1_308' title='bbox 375 4455 463 4524; x_wconf 82' lang='lat' dir='ltr'>nymi</span> <span class='ocrx_word' id='word_1_309' title='bbox 481 4469 544 4506; x_wconf 91' lang='lat' dir='ltr'>non</span> <span class='ocrx_word' id='word_1_310' title='bbox 563 4453 750 4519; x_wconf 88' lang='lat' dir='ltr'>simpliciter,</span> <span class='ocrx_word' id='word_1_311' title='bbox 769 4453 803 4504; x_wconf 90' lang='lat' dir='ltr'>nt</span> <span class='ocrx_word' id='word_1_312' title='bbox 820 4452 944 4504; x_wconf 89' lang='lat' dir='ltr'>conaris</span> <span class='ocrx_word' id='word_1_313' title='bbox 964 4465 1115 4514; x_wconf 87' lang='lat' dir='ltr'>asserere,</span> <span class='ocrx_word' id='word_1_314' title='bbox 1135 4450 1192 4502; x_wconf 90' lang='lat' dir='ltr'>sed</span> <span class='ocrx_word' id='word_1_315' title='bbox 1211 4451 1313 4504; x_wconf 90' lang='lat' dir='ltr'>solum</span> <span class='ocrx_word' id='word_1_316' title='bbox 1331 4452 1474 4517; x_wconf 91' lang='lat' dir='ltr'>ponendo</span> <span class='ocrx_word' id='word_1_317' title='bbox 1493 4450 1587 4502; x_wconf 87' lang='lat' dir='ltr'>tinem</span> <span class='ocrx_word' id='word_1_318' title='bbox 1605 4451 1638 4502; x_wconf 93' lang='lat' dir='ltr'>in</span> <span class='ocrx_word' id='word_1_319' title='bbox 1652 4451 1715 4502; x_wconf 88' lang='lat' dir='ltr'>illis</span> 
     </span>
     <span class='ocr_line' id='line_1_34' title="bbox 378 4540 1715 4611; baseline -0.004 -14"><span class='ocrx_word' id='word_1_320' title='bbox 378 4559 438 4611; x_wconf 88' lang='lat' dir='ltr'>que</span> <span class='ocrx_word' id='word_1_321' title='bbox 457 4543 609 4610; x_wconf 90' lang='lat' dir='ltr'>prohibet,</span> <span class='ocrx_word' id='word_1_322' title='bbox 628 4544 662 4594; x_wconf 90' lang='lat' dir='ltr'>nt</span> <span class='ocrx_word' id='word_1_323' title='bbox 679 4542 796 4593; x_wconf 89' lang='lat' dir='ltr'>dictum</span> <span class='ocrx_word' id='word_1_324' title='bbox 815 4543 872 4604; x_wconf 88' lang='lat' dir='ltr'>est,</span> <span class='ocrx_word' id='word_1_325' title='bbox 890 4540 1023 4608; x_wconf 77' lang='lat' dir='ltr'>intelligi</span> <span class='ocrx_word' id='word_1_326' title='bbox 1042 4540 1188 4603; x_wconf 85' lang='lat' dir='ltr'>debeant,</span> <span class='ocrx_word' id='word_1_327' title='bbox 1208 4554 1271 4592; x_wconf 93' lang='lat' dir='ltr'>non</span> <span class='ocrx_word' id='word_1_328' title='bbox 1290 4540 1330 4592; x_wconf 88' lang='lat' dir='ltr'>ad</span> <span class='ocrx_word' id='word_1_329' title='bbox 1347 4540 1432 4591; x_wconf 90' lang='lat' dir='ltr'>illam</span> <span class='ocrx_word' id='word_1_330' title='bbox 1451 4540 1604 4606; x_wconf 73' lang='lat' dir='ltr'>precisum</span> <span class='ocrx_word' id='word_1_331' title='bbox 1622 4541 1715 4592; x_wconf 90' lang='lat' dir='ltr'>inter·</span> 
     </span>
     <span class='ocr_line' id='line_1_35' title="bbox 378 4629 1716 4697; baseline -0.002 -12"><span class='ocrx_word' id='word_1_332' title='bbox 378 4634 546 4685; x_wconf 88' lang='lat' dir='ltr'>dictionem</span> <span class='ocrx_word' id='word_1_333' title='bbox 564 4632 702 4692; x_wconf 88' lang='lat' dir='ltr'>tendere,</span> <span class='ocrx_word' id='word_1_334' title='bbox 722 4645 815 4697; x_wconf 90' lang='lat' dir='ltr'>quam</span> <span class='ocrx_word' id='word_1_335' title='bbox 833 4631 890 4681; x_wconf 90' lang='lat' dir='ltr'>tibi</span> <span class='ocrx_word' id='word_1_336' title='bbox 909 4629 1025 4682; x_wconf 87' lang='lat' dir='ltr'>videris</span> <span class='ocrx_word' id='word_1_337' title='bbox 1044 4632 1153 4682; x_wconf 87' lang='lat' dir='ltr'>contra</span> <span class='ocrx_word' id='word_1_338' title='bbox 1175 4630 1328 4696; x_wconf 86' lang='lat' dir='ltr'>poeticam</span> <span class='ocrx_word' id='word_1_339' title='bbox 1346 4631 1376 4681; x_wconf 90' lang='lat' dir='ltr'>et</span> <span class='ocrx_word' id='word_1_340' title='bbox 1394 4630 1455 4682; x_wconf 89' lang='lat' dir='ltr'>alia</span> <span class='ocrx_word' id='word_1_341' title='bbox 1470 4629 1634 4682; x_wconf 88' lang='lat' dir='ltr'>Gentilium</span> <span class='ocrx_word' id='word_1_342' title='bbox 1654 4631 1716 4682; x_wconf 89' lang='lat' dir='ltr'>stu·</span> 
     </span>
     <span class='ocr_line' id='line_1_36' title="bbox 378 4718 1717 4789; baseline -0.003 -15"><span class='ocrx_word' id='word_1_343' title='bbox 378 4723 428 4775; x_wconf 88' lang='lat' dir='ltr'>dia</span> <span class='ocrx_word' id='word_1_344' title='bbox 446 4722 649 4789; x_wconf 87' lang='lat' dir='ltr'>persuasisse,</span> <span class='ocrx_word' id='word_1_345' title='bbox 669 4721 701 4772; x_wconf 90' lang='lat' dir='ltr'>et</span> <span class='ocrx_word' id='word_1_346' title='bbox 718 4720 792 4771; x_wconf 88' lang='lat' dir='ltr'>licet</span> <span class='ocrx_word' id='word_1_347' title='bbox 805 4719 899 4785; x_wconf 86' lang='lat' dir='ltr'>aliqui</span> <span class='ocrx_word' id='word_1_348' title='bbox 917 4720 1020 4771; x_wconf 87' lang='lat' dir='ltr'>textus</span> <span class='ocrx_word' id='word_1_349' title='bbox 1038 4720 1189 4771; x_wconf 89' lang='lat' dir='ltr'>habeant:</span> <span class='ocrx_word' id='word_1_350' title='bbox 1219 4733 1322 4771; x_wconf 91' lang='lat' dir='ltr'>nonne</span> <span class='ocrx_word' id='word_1_351' title='bbox 1348 4719 1404 4770; x_wconf 88' lang='lat' dir='ltr'>libi</span> <span class='ocrx_word' id='word_1_352' title='bbox 1421 4718 1545 4770; x_wconf 87' lang='lat' dir='ltr'>videtur</span> <span class='ocrx_word' id='word_1_353' title='bbox 1571 4720 1628 4771; x_wconf 90' lang='lat' dir='ltr'>sub</span> <span class='ocrx_word' id='word_1_354' title='bbox 1648 4718 1717 4771; x_wconf 88' lang='lat' dir='ltr'>aliis</span> 
     </span>
     <span class='ocr_line' id='line_1_37' title="bbox 374 4808 1717 4875; baseline -0.003 -12"><span class='ocrx_word' id='word_1_355' title='bbox 374 4811 484 4863; x_wconf 74' lang='lat' dir='ltr'>uerbis</span> <span class='ocrx_word' id='word_1_356' title='bbox 502 4811 622 4863; x_wconf 88' lang='lat' dir='ltr'>dicere:</span> <span class='ocrx_word' id='word_1_357' title='bbox 647 4825 694 4861; x_wconf 90' lang='lat' dir='ltr'>ne</span> <span class='ocrx_word' id='word_1_358' title='bbox 726 4809 837 4875; x_wconf 90' lang='lat' dir='ltr'>legas</span> <span class='ocrx_word' id='word_1_359' title='bbox 869 4808 1149 4874; x_wconf 90' lang='lat' dir='ltr'>philosophos,</span> <span class='ocrx_word' id='word_1_360' title='bbox 1183 4810 1384 4869; x_wconf 88' lang='lat' dir='ltr'>oratores,</span> <span class='ocrx_word' id='word_1_361' title='bbox 1415 4809 1571 4873; x_wconf 87' lang='lat' dir='ltr'>poetas,</span> <span class='ocrx_word' id='word_1_362' title='bbox 1602 4824 1648 4860; x_wconf 89' lang='lat' dir='ltr'>ne</span> <span class='ocrx_word' id='word_1_363' title='bbox 1678 4808 1717 4859; x_wconf 91' lang='lat' dir='ltr'>in</span> 
     </span>
     <span class='ocr_line' id='line_1_38' title="bbox 380 4897 1717 4964; baseline -0.004 -11"><span class='ocrx_word' id='word_1_364' title='bbox 380 4915 514 4953; x_wconf 87' lang='lat' dir='ltr'>eornm</span> <span class='ocrx_word' id='word_1_365' title='bbox 537 4898 716 4951; x_wconf 88' lang='lat' dir='ltr'>lectione</span> <span class='ocrx_word' id='word_1_366' title='bbox 743 4897 996 4963; x_wconf 90' lang='lat' dir='ltr'>requiescas;</span> <span class='ocrx_word' id='word_1_367' title='bbox 1030 4898 1114 4949; x_wconf 89' lang='lat' dir='ltr'>clare</span> <span class='ocrx_word' id='word_1_368' title='bbox 1139 4898 1243 4949; x_wconf 87' lang='lat' dir='ltr'>tamen</span> <span class='ocrx_word' id='word_1_369' title='bbox 1270 4897 1358 4949; x_wconf 83' lang='lat' dir='ltr'>vides</span> <span class='ocrx_word' id='word_1_370' title='bbox 1385 4897 1458 4964; x_wconf 87' lang='lat' dir='ltr'>qnid</span> <span class='ocrx_word' id='word_1_371' title='bbox 1485 4898 1597 4948; x_wconf 88' lang='lat' dir='ltr'>sentiat</span> <span class='ocrx_word' id='word_1_372' title='bbox 1623 4910 1717 4963; x_wconf 88' lang='lat' dir='ltr'>super</span> 
     </span>
    </p>

    <p class='ocr_par' dir='ltr' id='par_1_7' title="bbox 300 4985 1581 5143">
     <span class='ocr_line' id='line_1_39' title="bbox 300 4985 1581 5056; baseline -0.003 -15"><span class='ocrx_word' id='word_1_373' title='bbox 300 5050 304 5056; x_wconf 32' lang='grc'>,</span> <span class='ocrx_word' id='word_1_374' title='bbox 375 4991 437 5043; x_wconf 86' lang='lat' dir='ltr'>hoc</span> <span class='ocrx_word' id='word_1_375' title='bbox 461 4990 529 5055; x_wconf 88' lang='lat' dir='ltr'>ipse</span> <span class='ocrx_word' id='word_1_376' title='bbox 555 4988 772 5055; x_wconf 87' lang='lat' dir='ltr'>Hieronymus,</span> <span class='ocrx_word' id='word_1_377' title='bbox 799 4988 857 5038; x_wconf 87' lang='lat' dir='ltr'>etc.</span> <span class='ocrx_word' id='word_1_378' title='bbox 872 5025 878 5038; x_wconf 91' lang='lat'>.</span> <span class='ocrx_word' id='word_1_379' title='bbox 896 5028 902 5037; x_wconf 95' lang='lat'>.</span> <span class='ocrx_word' id='word_1_380' title='bbox 917 5024 923 5037; x_wconf 93' lang='lat'>.</span> <span class='ocrx_word' id='word_1_381' title='bbox 941 5007 962 5037; x_wconf 84' lang='lat'>».</span> <span class='ocrx_word' id='word_1_382' title='bbox 1001 4985 1434 5052; x_wconf 76' lang='lat' dir='ltr'>cf.Ep1srozarro,1v-1P.p.</span> <span class='ocrx_word' id='word_1_383' title='bbox 1455 4986 1581 5038; x_wconf 82' lang='lat'><strong>187-188.</strong></span> 
     </span>
     <span class='ocr_line' id='line_1_40' title="bbox 487 5074 1575 5143; baseline -0.004 -13"><span class='ocrx_word' id='word_1_384' title='bbox 487 5074 507 5143; x_wconf 74' lang='lat'>⁸)</span> <span class='ocrx_word' id='word_1_385' title='bbox 527 5077 668 5130; x_wconf 82' lang='lat' dir='ltr'>GREGOR.</span> <span class='ocrx_word' id='word_1_386' title='bbox 687 5076 793 5127; x_wconf 77' lang='lat' dir='ltr'><strong>MAGN.</strong></span> <span class='ocrx_word' id='word_1_387' title='bbox 812 5076 848 5127; x_wconf 87' lang='lat' dir='ltr'>In</span> <span class='ocrx_word' id='word_1_388' title='bbox 868 5076 979 5128; x_wconf 85' lang='lat' dir='ltr'>Moral.</span> <span class='ocrx_word' id='word_1_389' title='bbox 997 5075 1033 5139; x_wconf 85' lang='grc' dir='ltr'>Χ,</span> <span class='ocrx_word' id='word_1_390' title='bbox 1052 5075 1419 5142; x_wconf 81' lang='lat' dir='ltr'>xxlx.Migne,LXXV1,</span> <span class='ocrx_word' id='word_1_391' title='bbox 1438 5075 1494 5128; x_wconf 92' lang='lat' dir='ltr'>col.</span> <span class='ocrx_word' id='word_1_392' title='bbox 1513 5074 1575 5127; x_wconf 79' lang='lat'>947.</span> 
     </span>
    </p>
   </div>
   <div class='ocr_carea' id='block_1_5' title="bbox 945 5278 1156 5285">
    <p class='ocr_par' dir='ltr' id='par_1_8' title="bbox 945 5278 1156 5285">
     <span class='ocr_line' id='line_1_41' title="bbox 945 5278 1156 5285; baseline -0.009 0"><span class='ocrx_word' id='word_1_393' title='bbox 945 5278 1156 5285; x_wconf 82' lang='lat'>———</span> 
     </span>
    </p>
   </div>
   <div class='ocr_carea' id='block_1_6' title="bbox 0 0 2154 6117">
    <p class='ocr_par' dir='ltr' id='par_1_9' title="bbox 0 0 2154 6117">
     <span class='ocr_line' id='line_1_42' title="bbox 0 0 2154 6117; baseline 0 0"><span class='ocrx_word' id='word_1_394' title='bbox 0 0 2154 6117; x_wconf 95' lang='lat' dir='ltr'> </span> 
     </span>
    </p>
   </div>
  </div>
 </body>
</html>
