4300 6117
816 854 1004 908 IOHANNIS
1023 854 1206 909 DOMINICI
1647 848 1691 910 45

355 1094 467 1151 suam,
491 1077 691 1157 linguarum
714 1077 855 1150 noticia,
880 1078 1016 1158 pericia
1031 1078 1240 1149 litterarum,
1266 1078 1466 1160 dyalectice
1482 1081 1552 1151 lux,
1571 1099 1691 1143 nume-

356 1204 477 1246 rorum
502 1183 669 1264 cognicio,
706 1185 863 1246 sciencia
885 1185 1101 1246 modulantis
1126 1186 1295 1258 armonie,
1319 1186 1559 1268 hystoriarum
1588 1188 1691 1249 certi-

355 1292 453 1363 tudo,
489 1293 677 1371 promptus
712 1291 914 1353 intellectus
945 1292 1158 1364 tabularum,
1190 1310 1309 1353 rerum
1337 1294 1553 1355 naturalium
1577 1295 1691 1375 lImpi-

354 1398 453 1469 tudo,
478 1398 682 1477 speculacio
707 1397 904 1460 domestica
927 1398 1106 1479 syderum,
1140 1400 1276 1460 arcium
1299 1401 1541 1480 practicarum
1565 1401 1691 1462 famili·

355 1506 477 1575 aritas,
502 1503 702 1566 diffiniendi
738 1507 774 1566 et
796 1503 983 1567 dividendi
1006 1506 1209 1576 assiduitas,
1244 1507 1319 1569 sine
1344 1508 1472 1587 quibus
1500 1508 1537 1568 in
1560 1526 1690 1570 vanum

354 1612 522 1674 laborant
559 1611 774 1690 quicumque
808 1611 912 1673 buius
948 1610 1134 1691 Scriptura
1170 1612 1376 1675 thesaurum
1409 1614 1457 1676 ad
1492 1616 1689 1695 perlectum

355 1720 517 1781 nituntur
539 1718 685 1797 Intrare,

466 1821 637 1887 Testatur
666 1824 735 1887 boc
768 1825 864 1887 idem
887 1825 1111 1895 Avicenna‚
1147 1826 1183 1885 in
1211 1824 1495 1906 Merapbisica
1518 1846 1593 1901 sua,
1624 1826 1733 1909 pu-i.

355 1935 436 1994 tans
470 1930 743 2010 Metaphisicam
783 1932 984 1995 divinorum
1021 1933 1222 2003 scienciam,
1260 1936 1296 1995 et
1329 1933 1418 1995 alias
1453 1935 1603 1997 noticias
1632 1936 1690 1997 vel

355 2042 452 2101 artes
476 2038 579 2101 buius
604 2040 718 2100 solum
742 2040 901 2101 ancillas.
947 2040 1010 2102 Ait
1035 2040 1188 2101 enimin
1220 2040 1396 2120 principio
1427 2040 1524 2103 libri:
1560 2039 1690 2105 «Ordo

354 2164 441 2207 vero
465 2145 568 2207 huius
591 2146 745 2207 sciencie
770 2149 833 2218 est,
859 2149 898 2208 ut
921 2147 1084 2209 discatur
1106 2149 1189 2226 post
1211 2147 1300 2208 alias
1317 2148 1490 2209 sciencias
1508 2150 1690 2211 naturales

356 2256 392 2314 et
415 2253 668 2332 disciplinales.
713 2251 786 2314 Sed
819 2257 902 2332 post
936 2254 1119 2316 naturales
1149 2254 1242 2325 ideo,
1275 2255 1360 2333 quia
1383 2254 1429 2316 de
1454 2256 1583 2326 multis,
1621 2274 1691 2335 que

356 2360 603 2422 conceduntur
625 2360 662 2419 in
684 2360 754 2421 ista
777 2363 860 2422 sunt
884 2360 930 2422 de
954 2362 1033 2432 ilfis,
1059 2379 1130 2440 que
1154 2362 1225 2421 iam
1248 2363 1403 2441 probata
1428 2364 1511 2423 sunt
1534 2364 1570 2423 in
1590 2365 1690 2425 natu·

355 2466 432 2537 rali,
465 2466 560 2527 sicut
582 2467 771 2546 generacio
801 2470 838 2528 et
860 2468 1060 2548 corrupcio,
1095 2472 1130 2530 et
1153 2468 1324 2538 alteritas,
1350 2470 1386 2530 et
1408 2469 1518 2539 locus,
1545 2472 1581 2531 et
1604 2472 1691 2531 tem·

354 2592 431 2652 pus,
457 2576 494 2634 et
517 2572 614 2652 quod
637 2591 742 2635 omne
767 2575 865 2653 quod
888 2577 1052 2636 movetur
1080 2577 1128 2637 ab
1152 2576 1222 2636 alio
1245 2578 1418 2647 movetur,
1456 2578 1492 2637 et
1516 2594 1585 2655 que
1609 2580 1691 2639 sunt

355 2700 398 2742 ea
421 2698 492 2759 que
515 2682 703 2741 moventur
739 2682 787 2742 ad
817 2682 971 2760 primum
995 2685 1179 2744 motorem.
1225 2681 1312 2744 Post
1335 2682 1579 2763 disciplinales
1603 2703 1690 2745 vero

355 2788 446 2859 ideo,
483 2788 569 2865 quia
601 2788 756 2849 intencio
792 2789 916 2849 ultima
952 2790 989 2849 in
1019 2789 1087 2851 bac
1110 2790 1265 2851 sciencia
1298 2792 1352 2851 est
1382 2791 1539 2870 cognicio
1564 2792 1689 2870 guber-

358 2894 493 2955 natorIs
517 2892 583 2956 Dei
618 2894 791 2967 altissimi,
822 2897 858 2957 et
882 2897 1041 2976 cognicio
1065 2897 1271 2977 angelorum
1301 2897 1540 2976 spiritualium
1570 2899 1606 2958 et
1633 2916 1689 2959 or·

358 3001 481 3062 diuum
515 3018 670 3073 suorum,
707 3003 743 3063 et
776 3003 933 3083 cognicio
957 3003 1198 3064 ordinacionis
1221 3004 1258 3064 in
1291 3004 1552 3082 composicione
1576 3005 1688 3065 circu·

357 3107 481 3179 lorum,
516 3106 565 3169 ad
600 3125 707 3185 quam
743 3110 934 3172 scienciam
968 3110 1189 3189 impossibile
1213 3113 1267 3172 est
1296 3110 1493 3189 pervenire,
1531 3111 1598 3172 nisi
1621 3129 1688 3189 per

356 3214 597 3294 cognicionem
620 3216 821 3296 astrologie,
846 3216 895 3277 ad
919 3234 1027 3295 quam
1051 3236 1154 3278 nemo
1178 3220 1298 3297 potest
1317 3218 1514 3296 pervenire,
1539 3218 1606 3278 nisi
1621 3236 1688 3298 per

355 3321 547 3383 scienciam
571 3322 774 3384 arismetice
799 3324 834 3383 et
857 3325 1050 3403 geometrie
1076 3325 1142 3385 etc.
1160 3344 1174 3376 s
1192 3322 1211 3385 ¹.

466 3426 571 3488 Hunc
607 3428 734 3490 habuit
768 3430 987 3492 intellectum
1021 3430 1179 3492 Alanus
1195 3430 1215 3503 ⁸2,
1257 3430 1380 3510 sicque
1409 3449 1488 3491 cum
1524 3430 1686 3509 pluribus
1702 3436 1732 3499 8.

356 3534 590 3612 scriptoribus
605 3533 875 3615 Xpistianorum
891 3538 1057 3616 exposuit
1072 3538 1162 3599 iilud
1178 3535 1387 3611 Salomonis,
1405 3537 1505 3616 quod
1520 3537 1689 3599 videlicet

357 3781 568 3790 —.—-

461 3961 483 4029 ¹)
500 3964 629 4015 Avlcm
661 3964 799 4031 Metapa.
826 3962 926 4017 Tract.
945 3965 967 4026 I,
992 3980 1058 4032 cap.
1077 3975 1117 4016 111.
1153 3968 1200 4018 De
1224 3966 1355 4019 Utilitaie
1374 3968 1464 4019 huius
1489 3969 1633 4020 scientiae
1658 3969 1689 4020 et

356 4054 459 4105 ordine
478 4055 508 4105 et
525 4055 590 4105 eius
608 4057 737 4106 nomine.
767 4052 848 4105 EdIt.
867 4054 991 4116 Venise,
1011 4054 1160 4116 1493,101.
1179 4056 1267 4109 71r0.
1489 4112 1494 4123 ,

461 4140 482 4207 ¹)
501 4140 591 4194 AlaIn
610 4142 650 4193 de
668 4142 754 4204 Lille,
772 4144 891 4195 Alanus
910 4145 949 4196 de
968 4144 1080 4195 Insulis
1106 4140 1196 4211 [1128,
1221 4141 1277 4211 ’γὲ
1296 4144 1432 4207 Ciieaux,
1457 4162 1497 4199 en
1518 4141 1607 4211 12021.
1644 4145 1686 4198 Le

354 4231 482 4284 docteur
507 4232 673 4285 universel.
701 4232 726 4283 11
745 4234 793 4284 est
819 4232 950 4285 l'auteur
974 4232 1015 4285 de
1036 4233 1320 4297 l'Anticiaudianus,
1345 4235 1455 4301 poime
1481 4234 1685 4303 symbolique,

354 4320 433 4373 oiril
458 4321 583 4373 resume
608 4322 693 4373 toute
719 4322 749 4373 la
778 4322 899 4375 sciencc
925 4322 964 4373 de
990 4337 1048 4374 son
1072 4323 1181 4389 temps.
1218 4322 1274 4375 Cet
1299 4331 1435 4391 ouvrage
1461 4323 1605 4390 s'Inspire
1630 4323 1687 4376 des

357 4410 512 4476 «Nuptiae
539 4410 689 4462 Mercurii
713 4426 781 4462 cum
805 4411 1008 4479 Philologim,
1040 4411 1081 4462 de
1110 4410 1281 4465 Martianus
1307 4412 1442 4479 Capella,
1469 4412 1687 4481 grammairien

353 4496 482 4551 airicain
501 4499 544 4551 du
561 4498 602 4549 Ve
620 4499 722 4552 siecle.
758 4500 783 4551 Il
801 4514 947 4566 composa
972 4500 1056 4552 aussi
1073 4501 1120 4553 De
1139 4502 1267 4553 Pianeiu
1286 4504 1423 4554 naturae.
1443 4501 1551 4554 C'ctait
1569 4517 1612 4554 un
1630 4502 1686 4554 des

353 4589 480 4640 auteurs
499 4588 548 4640 lus
566 4602 606 4639 au
623 4586 830 4657 Moyen-Age;
850 4588 880 4640 C.
900 4588 1031 4641 Salutati
1047 4589 1079 4640 le
1097 4590 1165 4643 cite.
1191 4590 1250 4643 Sur
1268 4590 1358 4642 Alain
1377 4591 1417 4643 de
1435 4591 1521 4653 Lille,
1541 4590 1578 4642 cf.
1600 4590 1685 4644 HAU-

352 4672 447 4740 REAU,
471 4672 565 4728 Me'm.
592 4678 630 4729 de
655 4677 772 4729 I'Acad.
802 4678 858 4730 des
881 4678 1084 4744 inscriptions
1108 4682 1138 4731 et
1155 4680 1398 4743 Renes-Letires,
1424 4681 1445 4731 i.
1460 4679 1580 4741 XXXII,
1608 4679 1686 4741 1886,

353 4766 417 4830 p.1
441 4766 473 4816 et
492 4764 583 4828 suiv.;
608 4766 745 4819 Histoire
770 4767 824 4818 liii.
853 4768 890 4819 de
916 4767 947 4819 la
964 4768 1093 4828 France,
1117 4768 1139 4820 t.
1163 4768 1241 4832 XVI,
1266 4784 1295 4835 p.
1320 4768 1374 4821 396
1399 4771 1430 4821 et
1456 4769 1549 4830 sniv.;
1575 4768 1686 4821 Baun-

353 4860 508 4915 omm,
537 4855 594 4907 Die
613 4855 807 4921 Philosophia
834 4856 889 4908 des
916 4855 1036 4907 Alanus
1058 4857 1096 4908 de
1120 4857 1234 4909 Insuiis
1258 4860 1298 4909 im
1329 4858 1607 4925 zusammenhange
1632 4859 1687 4909 mit

353 4942 410 4993 den
424 4942 669 5011 Anschauungen
682 4945 738 4996 des
748 4944 817 4996 XII.
829 4945 945 5008 Jahrb,
958 4944 1107 5008 Munster,
1120 4945 1204 5009 1896;
1223 4946 1346 4999 Biblde
1360 4947 1473 5000 I’Ecole
1485 4949 1541 4999 des
1550 4947 1686 4999 Chartes.

353 5028 428 5094 LIX,
441 5030 521 5093 1898,
538 5030 592 5083 410
610 5034 641 5085 et
660 5032 746 5085 suiv..
771 5034 923 5086 DomInici
947 5033 1002 5087 tait
1021 5034 1061 5086 ici
1080 5035 1213 5087 allusion
1231 5035 1249 5087 a
1267 5035 1550 5089 l'AniicIaudianus.
1575 5036 1686 5104 Migne.

354 5118 439 5181 CCX,
456 5120 510 5174 487
529 5135 575 5187 sq.
