4300 6117
835 984 1022 1039 IOHANNIS
1043 985 1224 1039 DOMINICI
1643 976 1705 1040 181

369 1208 569 1271 trahunt...l
593 1207 733 1270 Vereor
755 1228 800 1271 ne
823 1209 1038 1288 ubicumque
1060 1209 1190 1291 vigent,
1215 1209 1374 1288 ipsorum
1389 1209 1526 1291 gniasia
1542 1212 1705 1271 scateant

373 1319 409 1378 et
434 1334 559 1378 eorum
581 1315 720 1377 scelera
743 1316 956 1378 miseranda.
997 1314 1044 1377 Et
1067 1315 1250 1377 inveniunt
1273 1315 1436 1387 lectores,
1469 1318 1703 1396 protectores,

373 1424 544 1495 fautores,
568 1422 636 1484 hiis
659 1423 838 1495 laceratis,
875 1424 936 1502 qui
960 1441 1083 1484 eorum
1106 1422 1202 1484 mala
1225 1422 1434 1484 desiderant
1457 1441 1640 1497 enervare,
1665 1428 1704 1486 ut

368 1528 521 1609 Xpistus
545 1530 593 1591 sit
615 1533 720 1592 notus
753 1530 894 1592 sincera
916 1530 1084 1592 doctrina
1108 1532 1143 1591 et
1166 1530 1271 1610 plene
1294 1530 1498 1592 imitacione
1520 1531 1702 1603 virtutum,

373 1637 420 1698 ab
444 1637 608 1698 omnibus
631 1640 834 1699 veneratus.

476 1742 624 1805 Memini
647 1762 705 1805 me
726 1743 854 1823 legisse
879 1742 1094 1816 Senecam,
1131 1744 1167 1805 in
1191 1743 1348 1823 quadam
1370 1744 1531 1824 epistola,
1563 1745 1610 1807 de
1633 1745 1702 1808 diis
1717 1739 1748 1804 7.

366 1850 670 1931 philosophorum,
702 1851 739 1911 ni
762 1849 877 1923 fallor,
902 1852 954 1913 sic
978 1851 1175 1913 dicentem:
1218 1849 1340 1935 «Quid
1363 1854 1418 1913 est
1440 1851 1539 1913 aliud
1561 1856 1700 1926 natura,

364 1975 477 2037 quam
492 1956 599 2029 Deus,
624 1959 660 2018 et
683 1957 805 2019 divina
827 1958 925 2019 racio
950 1959 1016 2019 toti
1038 1958 1171 2019 mundo
1194 1958 1428 2037 partibusque
1450 1959 1525 2021 eius
1541 1959 1701 2022 inserta?

366 2062 548 2149 Quociens
571 2063 680 2136 voles,
704 2064 789 2126 licet
812 2064 877 2126 tibi
901 2064 993 2126 hunc
1029 2067 1214 2126 auctorem
1237 2082 1357 2127 rerum
1379 2069 1583 2127 nostrarum
1607 2084 1700 2127 com·

367 2171 514 2251 pellare,
540 2174 576 2232 et
599 2171 719 2233 Iovem
742 2171 842 2233 illum
867 2171 1061 2233 maximum
1085 2174 1121 2233 et
1145 2172 1317 2252 optimum
1340 2171 1407 2233 rite
1431 2172 1540 2246 dices,
1565 2175 1602 2234 et
1621 2171 1699 2235 Sto·

367 2282 520 2349 nantem,
546 2280 583 2340 et
598 2276 793 2351 Statorem,
818 2280 982 2358 quinon,
1009 2281 1049 2340 ut
1064 2279 1187 2341 storici
1207 2278 1443 2351 tradiderunt,
1469 2298 1512 2341 ex
1536 2298 1578 2341 eo
1603 2282 1700 2360 quod

364 2388 450 2464 post
468 2389 591 2447 votum
614 2389 819 2466 susceptum
843 2386 939 2447 acies
963 2384 1205 2447 Romanorum
1228 2384 1441 2466 fugiencium
1464 2388 1613 2459 steterit,
1635 2388 1700 2450 sed

363 2492 466 2571 quod
489 2495 586 2554 stant
610 2490 787 2555 beneficio
811 2493 887 2554 eins
911 2493 1029 2554 omnia
1062 2495 1178 2555 stator
1212 2494 1462 2572 stabilitorque
1493 2496 1557 2555 est.
1595 2492 1699 2557 Hunc

362 2600 531 2663 eumdem
554 2603 591 2662 et
614 2602 726 2661 fatum
750 2601 780 2661 si
804 2600 946 2672 dixeris,
972 2618 1043 2661 non
1061 2600 1259 2671 mentieris,
1284 2618 1438 2679 namque
1461 2602 1575 2663 iatum
1591 2601 1700 2664 nichil

367 2706 466 2769 aliud
491 2710 554 2779 est,
580 2725 688 2786 quam
711 2708 823 2769 series
845 2708 1001 2786 implexa
1018 2726 1225 2769 causarum:
1249 2707 1309 2768 ille
1333 2710 1388 2770 est
1402 2708 1519 2787 prima
1542 2710 1698 2771 omnium

366 2832 565 2885 causarum,
592 2832 634 2875 ex
657 2832 729 2893 qua
753 2817 872 2876 cetere
894 2814 1063 2894 pendent.
1097 2813 1329 2899 Quecumque
1350 2815 1460 2887 voles,
1485 2815 1537 2876 illi
1555 2817 1698 2878 nomina

363 2921 512 3001 proprie
535 2922 689 3000 aptabis,
724 2923 796 2982 vim
819 2922 976 3000 aliquam
1001 2921 1185 2982 celestium
1208 2939 1328 2983 rerum
1356 2922 1588 2985 continencia.
1628 2918 1699 2985 Tot

363 3027 633 3107 appellaciones
657 3028 732 3090 eius
755 3031 906 3107 possunt
929 3046 1017 3100 esse,
1043 3031 1130 3107 quot
1154 3031 1190 3089 et
1214 3046 1371 3090 munera.
1408 3026 1511 3091 Hunc
1536 3032 1571 3091 et
1593 3028 1697 3091 Libe·

363 3153 443 3196 rum
466 3138 616 3213 patrem,
641 3138 678 3197 et
700 3133 901 3207 Herculem,
927 3137 964 3196 et
985 3133 1208 3196 Mercurium
1230 3136 1344 3197 nostri
1358 3139 1503 3216 putant:
1527 3136 1696 3199 Liberum

358 3245 502 3321 patrem
516 3246 539 3314 ²,
569 3243 654 3321 quia
677 3242 833 3304 omnium
856 3260 987 3321 parens
1011 3242 1066 3314 sit,
1100 3241 1184 3321 quia
1208 3243 1361 3322 primum
1386 3235 1447 3323 [ab
1471 3236 1527 3323 eo]
1551 3245 1696 3308 inventa

362 3348 544 3411 seminalis
567 3349 621 3411 vis
646 3352 710 3421 est,
735 3349 942 3411 consultura
964 3367 1031 3428 per
1044 3350 1284 3429 voluptatem
1309 3348 1512 3423 Herculem,
1536 3352 1622 3429 quia
1641 3353 1696 3414 vis

361 3456 438 3518 eius
455 3457 588 3518 invicta
609 3456 664 3527 sit,
689 3457 907 3535 quandoque
922 3455 1043 3517 laxata
1069 3457 1178 3518 luerit
1202 3457 1370 3536 operibus
1387 3458 1503 3529 editis,
1528 3458 1695 3538 inignem

360 3580 565 3637 recessum
589 3562 818 3636 Mercurium,
843 3564 928 3642 quia
951 3563 1050 3625 racio
1073 3581 1185 3642 penes
1210 3564 1327 3643 ipsum
1343 3559 1432 3637 esth,
1455 3584 1695 3645 numerusque

359 3672 398 3732 et
420 3671 520 3743 ordo,
560 3673 595 3733 et
619 3671 783 3733 sciencia.
823 3669 1056 3755 Quocumque
1092 3672 1127 3731 te
1157 3670 1310 3742 flexeris,
1348 3672 1398 3733 ibi
1432 3672 1531 3733 illum
1554 3672 1693 3735 videbis

359 3779 607 3839 occurrentem
642 3778 717 3839 tibi.
759 3776 875 3839 Nichil
898 3779 944 3839 ab
980 3778 1042 3838 illo
1065 3780 1183 3850 vacat,
1219 3796 1309 3857 opus
1333 3797 1435 3839 suum
1459 3780 1536 3858 ipse
1559 3780 1692 3859 implet.

357 3881 454 3964 Ergo
478 3883 586 3946 nichil
601 3885 686 3965 agis,
711 3886 947 3965 ingratissime
963 3884 1179 3957 mortalium,
1204 3886 1267 3963 qui
1282 3888 1318 3947 te
1333 3898 1440 3966 negas
1456 3884 1533 3948 Deo
1549 3886 1691 3961 debere,

357 3992 423 4053 sed
446 3995 591 4063 nature,
630 3993 715 4072 quia
738 4011 804 4055 nec
827 3994 956 4054 natura
979 3992 1057 4053 sine
1081 3990 1158 4053 Deo
1183 3993 1245 4063 est,
1271 4010 1387 4072 neque
1409 3991 1507 4055 Deus
1531 3994 1608 4055 sine
1631 4013 1692 4056 na·

356 4100 449 4169 tura,
474 4099 540 4160 sed
562 4100 658 4161 idem
675 4102 729 4161 est
743 4102 943 4178 utrumque,
969 4117 1034 4160 nec
1051 4099 1165 4160 distat
1180 4098 1334 4161 officio...
1349 4122 1362 4155 »
1377 4098 1397 4162 1.
1421 4099 1469 4161 Et
1485 4103 1605 4161 cetera
1622 4120 1692 4180 que

355 4205 476 4268 lucide
504 4208 735 4286 prosequitur
754 4206 954 4267 Aurelius
978 4205 1259 4285 Augustinus,
1284 4205 1353 4267 VII
1375 4208 1468 4269 libro
1490 4207 1552 4269 De
1576 4206 1690 4269 civi·

355 4314 463 4373 tate
485 4310 588 4385 Dei,
612 4314 802 4393 presertim
824 4314 861 4373 in
884 4312 1050 4392 capitulis
1068 4320 1097 4372 x
1113 4315 1149 4374 et
1163 4312 1237 4374 311².
1263 4312 1364 4376 Bona
1378 4314 1547 4375 videntur
1570 4315 1691 4377 dicere

355 4420 393 4480 et
415 4437 501 4481 vere
525 4419 700 4500 theologie
734 4421 822 4482 satis
845 4420 1058 4499 propinqua,
1097 4437 1169 4498 qua
1192 4421 1296 4482 vacui
1327 4423 1363 4482 et
1385 4422 1555 4484 scelestes
1579 4440 1690 4484 emer·

356 4612 570 4620 -———

461 4802 493 4863 u)
517 4826 543 4834 —
564 4801 693 4866 patrem.
730 4801 761 4864 b)
782 4826 813 4836 -
834 4802 891 4853 est.

461 4972 483 5039 ¹)
503 4974 614 5028 Smc.
633 4977 680 5029 De
700 4975 825 5042 beanic.
844 4977 893 5040 IV,
911 4987 1032 5031 vll-VIIL

461 5061 481 5129 Ἰ
501 5063 532 5118 S.
551 5066 631 5118 Aue.
657 5068 704 5119 De
726 5066 809 5119 civit.
828 5068 893 5120 Det
912 5068 976 5131 VII,
995 5078 1025 5120 x.
1052 5068 1103 5120 An
1121 5068 1195 5121 ,lunt
1211 5070 1241 5121 et
1257 5070 1343 5122 lovis
1361 5072 1445 5123 rectu
1463 5072 1604 5123 discretio
1621 5074 1684 5124 sit»

353 5154 387 5207 et
403 5154 444 5206 XI
464 5156 533 5207 «De
552 5157 778 5223 cognominibus
794 5157 888 5221 lovis,
907 5172 986 5223 qnae
1004 5173 1063 5210 non
1083 5158 1125 5209 ud
1141 5159 1253 5211 multos
1269 5160 1351 5223 deos,
1369 5160 1425 5211 sed
1442 5160 1484 5211 ud
1501 5174 1593 5211 uuum
1606 5174 1685 5212 eum·

352 5244 479 5309 demque
498 5241 705 5309 reseruntur».
