4300 6117
453 2980 513 3041 B
545 2980 685 3042 55¹⁰
794 2980 855 3043 9.

476 3514 535 3576 L
558 3515 704 3579 7110

887 830 1018 894 238
1901 841 2220 896 LUCULA
2263 839 2543 895 NOCTIS

887 1063 1409 1136 contencioneS,
1456 1063 1920 1143 blasphemie,
1970 1064 2413 1144 suspiciones
2461 1064 2665 1137 male,
2719 1063 3300 1127 conflictaciones
3332 1065 3551 1126 homi-

885 1189 1054 1231 num
1100 1173 1336 1232 mente
1386 1173 1902 1250 corruptorum,
1952 1173 2026 1233 et
2071 1170 2195 1250 qui
2239 1172 2548 1233 veritate
2592 1171 2859 1251 privati
2905 1174 3089 1244 sunt,
3147 1172 3554 1234 existiman·

886 1277 1073 1339 cium
1106 1280 1435 1356 questum
1455 1295 1615 1339 esse
1628 1278 1971 1358 pietatem
1997 1301 2026 1333 ιι
2052 1275 2095 1340 1.
2114 1309 2200 1319 —
2219 1276 2315 1340 Et
2345 1278 2701 1356 sequitur:
2726 1296 2756 1329 ‹
2781 1277 3112 1358 Precipio
3144 1278 3277 1339 tibi
3311 1296 3552 1340 coram

882 1382 1056 1456 Deo,
1130 1384 1253 1463 qui
1297 1383 1619 1446 vivificat
1666 1385 1902 1446 omnia
1948 1387 2021 1446 et
2064 1383 2324 1464 Xpisto
2368 1384 2598 1457 Ihesu,
2674 1385 2796 1463 qui
2864 1386 3346 1446 testimonium
3393 1384 3552 1446 red·

884 1490 1073 1552 didit
1117 1491 1249 1552 sub
1299 1490 1566 1554 Poncio
1613 1490 1866 1564 Pilato,
1938 1492 2204 1553 bonam
2276 1490 2828 1554 confessionem:
2908 1494 2988 1553 ut
3060 1510 3304 1553 serves
3357 1509 3553 1552 man·

885 1597 1134 1659 datum
1203 1598 1357 1659 sine
1402 1598 1703 1671 macula,
1753 1596 2379 1678 irreprehensibile
2410 1620 2439 1653 1>
2467 1597 2510 1659 ².
2558 1630 2646 1640 —
2677 1596 2773 1660 Et
2801 1601 2987 1677 post,
3038 1599 3415 1678 epistolam
3460 1598 3554 1659 si·

881 1704 1173 1784 gillans:
1247 1722 1277 1756 <
1309 1703 1369 1766 O
1416 1700 1807 1779 Thimotee,
1857 1704 2265 1783 depositum
2312 1705 2613 1777 custodi,
2667 1706 2995 1767 devitans
3042 1703 3384 1785 profanas
3430 1723 3555 1766 vo·

886 1829 1047 1873 cum
1092 1811 1467 1883 novitates,
1519 1814 1591 1873 et
1637 1812 2137 1891 opposiciones
2184 1809 2350 1873 falsi
2395 1812 2698 1874 nominis
2747 1813 3096 1885 sciencie,·
3135 1831 3354 1892 quam
3401 1813 3555 1890 qui·

884 1918 1053 1980 dam
1081 1919 1599 1998 promittentes,
1635 1921 1885 1980 contra
1908 1919 2129 1980 fidem
2154 1919 2591 1980 exciderunt.
2627 1916 2892 1981 Gracie
2918 1922 3173 1981 tecum.
3211 1918 3441 1980 Amen
3462 1917 3552 1980 »³.

886 2024 1078 2086 —In
1103 2025 1480 2087 secunda
1509 2043 1709 2087 vero
1743 2025 2112 2105 epistola
2143 2025 2240 2087 ad
2273 2025 2620 2096 eumdem,
2647 2025 2959 2106 capitulo
2988 2026 3257 2099 ultimo,
3294 2026 3556 2087 iterum

886 2131 1081 2204 dicit,
1130 2132 1521 2193 numeratis
1557 2132 1865 2203 viciosis,
1918 2133 2041 2211 qui
2089 2133 2284 2194 circa
2330 2133 2581 2194 ultima
2614 2135 2941 2213 tempora
2992 2133 3240 2195 mundi
3270 2134 3436 2194 sunt
3480 2133 3557 2193 in

882 2240 1082 2300 terra
1125 2236 1381 2300 futuri:
1437 2237 1599 2299 «Ex
1632 2237 1767 2301 hiis
1816 2239 2002 2301 enim
2050 2243 2234 2310 sunt,
2283 2240 2406 2318 qui
2437 2241 2821 2319 penetrant
2849 2240 3121 2311 domos,
3173 2242 3245 2301 et
3268 2239 3554 2301 mulier·

886 2345 1083 2407 culas
1154 2345 1425 2407 ducunt
1472 2346 1798 2425 captivas
1856 2348 2193 2407 oneratas
2240 2347 2578 2426 peccatis,
2652 2364 2792 2426 que
2861 2346 3318 2409 deducuntur
3363 2347 3553 2409 desi·

884 2453 1106 2515 deriis
1151 2453 1406 2514 variis:
1479 2471 1763 2532 semper
1809 2453 2190 2525 discentes,
2243 2456 2314 2515 et
2359 2471 2721 2532 nunquam
2777 2454 2874 2516 ad
2937 2456 3321 2516 scienciam
3368 2454 3553 2515 veri·

885 2559 1054 2620 tatis
1123 2560 1644 2639 pervenientes.
1724 2557 2343 2644 Quemadmodum
2412 2563 2650 2622 autem
2717 2560 2995 2632 Iannes,
3068 2563 3140 2622 et
3184 2558 3552 2622 Mambres

886 2661 1303 2728 restiterunt
1347 2664 1602 2747 Moysi,
1666 2667 1768 2727 ita
1828 2668 1902 2728 et
1945 2666 2067 2728 isti
2116 2667 2460 2728 resistunt
2503 2667 2812 2739 veritati,
2860 2667 3182 2729 homines
3231 2667 3555 2747 corrupti

885 2775 1139 2843 mente,
1211 2773 1505 2853 reprobi
1551 2774 1744 2835 circa
1790 2772 2063 2835 fidem»
2090 2770 2133 2845 ⁴¹,
2206 2776 2278 2835 et
2326 2775 2567 2835 cetera
2609 2790 2837 2852 usque
2885 2775 2983 2835 ad
3027 2771 3247 2836 finem
3293 2792 3552 2836 vereor

888 2880 1105 2959 loqui.

1100 2986 1391 3048 Intueor
1435 2986 1617 3048 tales
1663 2985 1879 3047 hodie
1924 3004 2081 3047 esse
2115 2975 2168 3069 ΙΙ,
2206 2987 2454 3066 quales
2507 2985 2785 3049 futuros
2835 2987 3237 3066 descripsit,
3287 2988 3348 3048 si
3405 3006 3554 3067 qua

886 3094 1158 3155 utilitas
1205 3095 1317 3155 est
1361 3093 1435 3155 in
1482 3092 1859 3154 mundanis
1905 3093 2184 3167 litteris,
2251 3093 2449 3155 dico:
2522 3095 3007 3174 grammatica,
3080 3095 3547 3165 arismetrica,

886 3200 1293 3281 geometria,
1345 3202 1416 3261 et
1462 3200 1751 3261 musica.
1800 3198 1956 3261 Hec
2002 3203 2168 3262 sunt
2212 3201 2310 3261 ad
2356 3219 2602 3262 sacras
2647 3199 2959 3262 Litteras
3006 3200 3225 3262 velud
3271 3202 3551 3273 ancille,

886 3308 1177 3369 semitas
1224 3310 1500 3387 parent.
1582 3305 1729 3369 Sub
1779 3325 1921 3386 quo
1968 3307 2177 3369 titulo
2227 3308 2545 3369 nonnulli
2616 3308 2770 3369 istis
2839 3308 3117 3369 artibus
3188 3308 3549 3380 insudant,

888 3416 961 3476 et
1008 3416 1166 3476 cani
1212 3413 1386 3475 facti
1432 3416 1615 3486 sunt,
1664 3414 1848 3476 sicut
1903 3416 2116 3475 «uter
2146 3414 2218 3474 in
2250 3415 2509 3494 pruina
2532 3435 2561 3468 »
2585 3411 2627 3486 ⁵,
2677 3415 2968 3476 semitas
3014 3415 3333 3494 quesitas
3382 3434 3553 3477 non·

888 3521 1058 3583 dum
1105 3523 1566 3583 intraverunt.
1644 3519 1753 3581 Ex
1799 3510 1832 3602 ΙΙ
1882 3521 2139 3599 quibus
2197 3540 2338 3583 non
2394 3521 2626 3601 pauci,
2700 3522 2928 3583 eciam
2996 3520 3181 3583 falso
3244 3521 3550 3602 theologi

885 3629 1144 3701 vocati,
1216 3628 1768 3708 depopulacioni
1814 3628 2394 3690 muliercularum
2442 3629 2778 3690 insistunt
2821 3628 3014 3701 fidei,
3086 3629 3404 3691 moribus
3453 3630 3553 3690 in·

885 3735 1167 3797 terdum
1217 3735 1455 3797 verbis
1504 3737 1577 3796 et
1620 3732 1832 3796 factis
1881 3737 1953 3796 et
1998 3735 2390 3814 aliquando
2437 3736 2499 3798 si
2544 3736 3000 3815 pepercerint
3031 3736 3292 3809 verbis,
3341 3736 3554 3798 factis

886 3843 1246 3904 resistunt.
1309 3841 1575 3904 Contra
1622 3840 1770 3913 hos,
1819 3841 2115 3903 Iannem
2162 3845 2235 3904 et
2279 3840 2682 3903 Mambrem
2729 3843 3110 3917 imitantes,
3157 3843 3554 3922 imparibus

886 3950 1179 4021 meritis,
1251 3948 1643 4029 palestram
1689 3948 2064 4027 assumpsi,
2134 3948 2458 4030 Moysen,
2531 3948 2974 4028 Paulumque
3025 3950 3343 4011 imitatus
3394 3968 3555 4011 cum

884 4052 1278 4129 Thimoten,
1354 4059 1442 4128 et,
1515 4075 1606 4117 ne
1667 4056 1842 4137 pulli
1918 4058 2247 4118 crescant
2290 4056 2619 4135 patribus
2667 4056 2954 4129 similes,
3027 4074 3284 4118 censeo
3353 4057 3554 4136 prius

889 4165 1230 4225 fove-‚ndns
1282 4169 1618 4241 parvulos
1674 4165 1856 4225 inter
1901 4163 2127 4225 ubera
2171 4162 2429 4242 Xpisti,
2504 4165 2585 4224 ut
2629 4165 2884 4243 postea
2929 4163 3237 4237 valeant,
3289 4163 3553 4225 divinis

889 4273 1046 4333 telis
1118 4273 1394 4334 armati,
1470 4270 1746 4333 iusticie
1793 4273 2039 4333 torace
2100 4271 2429 4351 protecti,
2503 4270 2625 4332 ubi
2689 4270 2787 4332 ad
2833 4283 3143 4349 pugnam
3193 4269 3381 4333 forte
3429 4289 3553 4333 eos

1106 4749 1142 4805 ’Ἴ
1184 4750 1238 4801 5.
1282 4753 1490 4804 Pf'fflL..
1533 4749 1550 4797 Ι
1598 4748 1680 4797 ad
1716 4745 1987 4811 Timoth,
2023 4747 2122 4811 VI,
2160 4748 2272 4801 3-5.

1106 4841 1142 4901 ²]
1186 4841 1286 4893 1122.
1330 4841 1482 4894 mid„
1530 4838 1706 4889 1344.

1114 4926 1142 4989 ¹}
1186 4929 1290 4982 ID,
1334 4929 1490 4982 statas„
1531 4928 1714 4978 Ess-El.

1110 5017 1142 5077 ¹}
1182 5017 1238 5065 S.
1286 5017 1502 5075 Pam..
1542 5017 1590 5065 H
1630 5016 1714 5069 aa
1757 5013 2024 5079 Timoth„
2061 5015 2163 5078 111,
2199 5014 2312 5069 6-8.

1102 5105 1142 5169 ¹¹}
1182 5105 1270 5157 Cf,
1306 5109 1526 5169 pimini.
1574 5104 1827 5168 CXVIII,
1864 5103 1952 5157 83.
