4300 6117
830 980 1017 1034 IOHANNIS
1039 980 1221 1035 DOMINICI
1626 971 1692 1035 287

356 1205 574 1274 Creatorem,
600 1223 680 1265 cum
703 1205 829 1266 nullibi
851 1204 1088 1284 periculosius
1112 1210 1261 1280 erretur,
1279 1208 1372 1269 male
1387 1211 1584 1279 senserunt,
1601 1208 1695 1270 sicut

357 1332 467 1393 supra
490 1314 536 1375 de
560 1312 777 1374 beatissimis
813 1310 1053 1392 Cipriano,
1079 1310 1227 1392 Papia
1263 1317 1298 1376 et
1320 1315 1449 1376 ceteris
1474 1317 1528 1375 est
1552 1333 1694 1395 expres·

357 1439 444 1482 sum.
463 1453 505 1461 —
523 1417 728 1481 Secundum
744 1422 807 1489 est.
825 1420 911 1497 quia
925 1419 1138 1499 phylosophi
1155 1422 1234 1483 illas
1251 1422 1520 1501 proposiciones
1536 1420 1697 1483 fatentur

357 1546 462 1590 veras
487 1526 685 1589 secundum
715 1545 858 1587 cursum
879 1530 1008 1588 nature
1037 1530 1271 1600 naturate,
1313 1533 1349 1590 et
1371 1548 1443 1590 non
1466 1529 1566 1589 iuxta
1588 1547 1696 1607 posse

358 1636 470 1715 ipsius
486 1653 622 1696 summe
637 1636 765 1696 nature
780 1634 1035 1705 naturantis,
1060 1635 1117 1695 cui
1134 1636 1312 1697 communi
1327 1654 1503 1697 consensu
1518 1636 1695 1697 infinitam

358 1744 574 1823 potestatem
605 1741 799 1803 ascribunt.
833 1740 881 1800 Et
914 1741 997 1802 hinc
1033 1742 1159 1819 pocius
1183 1741 1298 1803 Deum
1331 1742 1535 1822 glorificant
1558 1743 1595 1803 in
1616 1744 1694 1815 hoc,

358 1850 457 1929 quod
481 1848 637 1928 quedam
659 1849 728 1909 sibi
750 1850 912 1909 reservat
932 1845 1061 1919 futura,
1088 1867 1159 1927 que
1183 1852 1268 1911 nota
1292 1852 1424 1911 natura
1447 1868 1518 1911 non
1540 1852 1637 1912 valet
1659 1851 1697 1911 in

360 1958 456 2019 nullo
471 1956 608 2019 habens
624 1955 748 2027 simile,
766 1955 832 2016 sed
848 1956 1016 2017 universa
1031 1957 1121 2017 mire
1137 1956 1405 2018 transcendens.
1426 1993 1466 2001 —
1487 1956 1581 2017 Hinc
1596 1958 1696 2019 licuit

359 2066 602 2126 Avicenne
639 2063 685 2124 de
715 2065 794 2141 ipso
820 2062 906 2134 Deo,
942 2066 1026 2140 post
1056 2064 1224 2136 multos⁸,
1260 2065 1296 2124 in
1332 2063 1694 2145 Metaphysica‚

361 2174 580 2234 tractatu
617 2178 751 2241 V1110,
791 2170 912 2231 taliter
935 2173 970 2230 et
994 2167 1152 2231 fideliter
1175 2170 1265 2233 fari:
1302 2171 1412 2232 «Iam
1445 2172 1552 2251 igitur
1586 2172 1696 2232 mani·

359 2281 490 2341 testum
513 2281 576 2350 est,
602 2277 700 2357 quod
722 2278 858 2357 primus
883 2294 954 2337 non
977 2276 1087 2339 habet
1109 2288 1229 2356 genus.
1267 2297 1332 2340 nec
1356 2278 1605 2357 quidditatem‚
1631 2298 1696 2339 nec

317 2446 321 2453 ,
360 2387 580 2466 qualitatem.
609 2403 675 2446 nec
710 2385 957 2463 quantitatem,
993 2403 1059 2446 nec
1093 2386 1164 2455 ubi,
1201 2404 1267 2447 nec
1299 2386 1453 2465 quando,
1478 2404 1544 2447 nec
1582 2387 1697 2447 simile

360 2494 439 2564 sibi,
464 2511 530 2554 nec
554 2492 782 2562 contrarium,
808 2492 892 2569 quia
917 2495 970 2552 est
1006 2492 1200 2553 altissimus
1238 2496 1274 2553 et
1312 2493 1496 2573 gloriosus.
1522 2512 1564 2553 eo
1600 2494 1698 2571 quod

361 2579 432 2662 non
452 2600 562 2661 habet
577 2598 657 2660 diiii
672 2589 686 2681 Η
713 2599 898 2669 nicionem‚
924 2600 960 2659 et
984 2598 1083 2677 quod
1107 2618 1178 2659 non
1201 2601 1321 2679 potest
1336 2600 1417 2661 fieri
1432 2600 1740 2662 demonstracioL
1756 2600 1828 2662 85ῐο
1856 2600 1886 2661 Β
1901 2599 1977 2661 68'0

361 2709 407 2769 de
425 2709 519 2769 omni
537 2707 635 2785 quod
659 2709 722 2777 est,
739 2725 857 2787 ymmo
881 2709 965 2767 sunt
988 2705 1035 2766 de
1058 2725 1101 2767 eo
1117 2708 1218 2787 signa
1242 2705 1442 2769 manifesta.
1467 2705 1556 2767 Cum
1578 2710 1698 2770 autem

363 2816 574 2895 designatur
590 2814 665 2875 eius
682 2814 869 2883 certitudo,
888 2832 959 2874 non
975 2813 1184 2893 designatur
1198 2815 1267 2875 nisi
1282 2815 1429 2894 proprie
1441 2815 1622 2893 loquendo
1634 2834 1700 2894 per

362 2922 591 3002 negacionem
615 2921 849 2983 consimilium
874 2922 921 2981 ab
944 2922 1024 2998 ipso
1047 2924 1084 2981 et
1100 2940 1165 3000 per
1181 2921 1465 2983 affirmacionem
1480 2922 1700 2983 relacionum

363 3030 412 3091 ad
441 3030 567 3108 ipsum,
594 3046 702 3107 quum
733 3046 837 3089 omne
867 3027 965 3107 quod
996 3031 1051 3089 est
1081 3031 1129 3090 ab
1159 3031 1238 3107 ipso
1262 3032 1299 3089 et
1321 3048 1393 3091 non
1417 3032 1471 3090 est
1507 3029 1700 3090 communi·

363 3154 448 3197 cans
479 3137 514 3197 ei
547 3134 646 3214 quod
679 3139 732 3196 est
764 3136 812 3196 ab
844 3136 933 3213 ipso.
965 3134 1046 3213 lpse
1076 3154 1163 3197 vero
1207 3139 1262 3197 est
1303 3154 1407 3197 omne
1444 3136 1540 3214 quod
1565 3139 1629 3207 est,
1665 3139 1701 3197 et

364 3245 485 3305 lamen
507 3261 579 3304 non
604 3245 658 3303 est
683 3241 820 3321 aliquid
843 3261 886 3303 ex
909 3242 976 3303 hiis
1003 3263 1029 3304 ».
1054 3241 1133 3304 Hec
1157 3241 1342 3304 Avicenna
1359 3240 1380 3303 ¹.

471 3348 723 3428 Respondetur
738 3348 787 3410 ad
802 3350 965 3428 primum,
991 3348 1089 3428 quod
1113 3351 1212 3411 circa
1229 3368 1388 3412 errorem
1409 3350 1604 3428 quemlibet
1619 3368 1700 3410 con·
1717 3346 1769 3409 13.

364 3456 561 3518 sideranda
596 3459 679 3518 sunt
717 3458 890 3534 quatuor:
931 3458 1128 3536 tempus,
1166 3475 1378 3536 persona,
1417 3457 1619 3518 intencio
1658 3460 1701 3518 et

366 3564 571 3625 materia.

473 3665 654 3749 Tempus
672 3670 826 3748 quidem,
845 3671 930 3749 quia
946 3670 975 3731 si
992 3674 1075 3731 ante
1094 3671 1436 3731 determinacionem
1451 3669 1622 3741 Ecclesie,
1640 3673 1702 3732 aut

365 3779 558 3855 antequam
574 3777 913 3839 determinacionem
937 3777 1052 3856 ipsam
1068 3778 1149 3856 quis
1166 3796 1273 3839 nosse
1288 3777 1436 3847 valeret,
1459 3777 1702 3838 verisimiliter

365 3886 575 3964 opinaretur
597 3884 704 3967 aliter
727 3902 834 3962 quam
859 3888 962 3956 esset,
987 3904 1058 3946 nou
1083 3887 1233 3964 propter
1256 3886 1323 3947 hoc
1348 3888 1443 3946 esset
1467 3887 1514 3946 ab
1537 3883 1701 3946 Ecclesia

360 3980 545 4070 'prescisus
569 3994 633 4052 aut
655 3990 833 4053 hereticus
858 3991 1067 4063 censendus,
1094 3992 1187 4053 sicut
1213 3991 1320 4053 modo
1344 3991 1492 4070 quidam
1511 3992 1704 4070 opinantur

366 4096 551 4178 Virginem
567 4098 758 4178 gloriosam
778 4100 814 4159 in
830 4099 993 4178 originali
1008 4102 1160 4177 peccato
1174 4098 1286 4159 fuisse
1303 4101 1513 4177 conceptam
1538 4102 1574 4160 et
1588 4100 1704 4177 ipsum

365 4206 537 4285 originale
561 4206 761 4285 contagium
783 4225 825 4267 ex
848 4206 1067 4286 genitoribus
1092 4206 1322 4277 contraxisse,
1359 4206 1444 4285 quia
1467 4207 1518 4267 sic
1543 4200 1704 4267 ibidemb

368 4331 478 4392 super
501 4311 724 4374 Genesim
757 4312 814 4373 ad
836 4312 1049 4375 Literam
1073 4312 1292 4374 determinat
1315 4312 1634 4393 Augustinus²
1670 4317 1706 4374 et

366 4418 601 4499 Magister
639 4418 1027 4493 Sentenciarum,
1068 4420 1105 4480 in
1140 4420 1271 4481 libro
1305 4419 1399 4492 1110,
1445 4420 1706 4482 Distincti-

482 4883 514 4943 a)
535 4905 573 4927 =
591 4881 696 4933 multa.
735 4882 766 4943 b)
787 4897 820 4926 ε
839 4880 903 4932 Iob.
914 4880 972 4931 ...l

477 5074 498 5139 ¹)
517 5076 647 5128 AVICEN.
681 5070 819 5143 Metupb.
845 5074 945 5128 Tract.
971 5075 1048 5137 VIII,
1074 5091 1141 5142 cap.
1168 5077 1199 5138 5;
1233 5076 1326 5138 aussi,
1357 5075 1454 5127 Tract.
1480 5076 1516 5140 V,
1541 5091 1607 5143 cap.
1631 5077 1650 5127 4
1679 5078 1710 5128 et

368 5162 470 5218 Tract.
490 5164 540 5226 IX.
559 5180 625 5231 cap.
644 5175 663 5217 1.
684 5193 718 5201 -
739 5165 783 5218 ef.
803 5165 833 5218 S.
853 5164 957 5217 THOM.
976 5166 1014 5229 1²,
1033 5165 1067 5238 Q.
1086 5166 1135 5228 111,
1155 5182 1181 5217 a.
1201 5167 1227 5218 5.

479 5251 501 5319 ²)
521 5254 549 5307 S.
569 5256 649 5308 Aue.
670 5254 769 5321 Super
789 5254 895 5308 Genes.
914 5257 956 5307 ad
974 5256 1071 5317 litter„
1090 5255 1125 5319 X,
1144 5265 1230 5307 xvm.
1250 5256 1286 5307 In
1307 5255 1397 5321 Oper.
1416 5255 1467 5319 111,
1484 5256 1546 5306 422.
