4300 6117
460 925 527 988 432
970 940 1129 994 LUCULA
1150 939 1290 995 NOCTIS

458 1179 539 1222 cum
562 1160 778 1223 indumentis
801 1163 958 1242 virginis,
975 1163 1056 1226 hinc
1074 1165 1158 1226 inde
1173 1183 1241 1245 per
1255 1166 1400 1228 domum
1416 1167 1611 1238 translatis,
1635 1167 1793 1231 iocabat.

457 1265 645 1329 Offerebat
666 1287 783 1347 poma,
808 1269 1010 1332 dilectionis
1034 1271 1177 1344 indicia,
1203 1274 1238 1334 et
1262 1292 1346 1335 raro
1369 1275 1542 1352 pauculos
1566 1275 1701 1338 solidos
1720 1273 1730 1312 ¹
1753 1277 1794 1338 iu

456 1375 550 1436 illius
574 1377 756 1454 marsupio
779 1377 1036 1440 abscondebat.
1061 1377 1109 1440 At
1132 1397 1219 1441 vero
1241 1379 1313 1453 illa,
1338 1381 1575 1460 quarumdam
1602 1383 1794 1444 mulierum

457 1483 606 1562 egestati
630 1483 790 1544 eiusdem
813 1486 1105 1562 conpacieucium
1127 1489 1225 1548 mota
1253 1487 1411 1560 consilio,
1435 1493 1626 1550 nummos⁸
1649 1490 1794 1552 dotales

455 1590 592 1670 petivit,
615 1590 760 1651 domum
782 1588 920 1652 fecibus
952 1592 1127 1670 repletam
1164 1593 1311 1655 realiter
1348 1594 1510 1666 victitet
1547 1597 1793 1659 contrectatas

454 1696 630 1776 purgavit.
655 1696 878 1777 Dedignatur
903 1717 1059 1777 namque
1083 1693 1332 1762 mercenariob
1355 1699 1490 1763 affectu
1510 1703 1633 1774 amari,
1651 1722 1791 1766 necnon

454 1822 521 1866 suo
545 1817 653 1884 regno
675 1805 821 1883 privari.
846 1803 937 1867 Sunt
960 1807 1052 1867 enim
1076 1806 1122 1868 de
1146 1819 1254 1887 regno
1277 1806 1439 1870 Plutonis
1462 1804 1599 1888 Tempe
1610 1810 1791 1872 viscerum

454 1916 561 1984 terre,
584 1912 622 1973 in
642 1930 795 1990 quarum
818 1910 1005 1991 profundis
1029 1933 1156 1975 aurum
1186 1915 1301 1976 latens
1337 1916 1517 1978 custodit:
1541 1919 1693 1996 propter
1722 1917 1790 1982 hoc

454 2019 584 2098 opinor
609 2019 727 2097 ipsum
749 2020 873 2098 pocius
896 2017 1004 2092 tures,
1029 2039 1138 2100 quam
1161 2021 1369 2092 homicidas,
1391 2024 1454 2083 aut
1476 2023 1671 2096 adulteros,
1688 2025 1790 2087 adiu·

454 2127 572 2186 ratum
594 2125 764 2187 indicare.
789 2125 855 2188 Illa
893 2126 1039 2188 tandem
1076 2126 1123 2189 de
1162 2127 1305 2189 docium
1344 2130 1544 2208 quantitate
1580 2132 1788 2194 muneribus

454 2231 638 2305 habendis,
663 2235 700 2294 et
721 2235 841 2294 tuturo
864 2234 994 2295 marito
1027 2234 1148 2295 verius
1184 2234 1301 2307 docta,
1327 2254 1349 2296 a
1383 2234 1608 2299 confessione
1642 2255 1788 2300 suorum

455 2341 648 2413 criminum,
673 2340 803 2419 quibus
826 2343 956 2402 onusta
978 2359 1049 2402 non
1082 2344 1161 2403 erat
1192 2344 1228 2403 et
1250 2341 1476 2404 Eucharistie
1499 2345 1716 2424 sumptione,
1738 2348 1786 2408 ab

454 2467 496 2511 eo
518 2449 616 2510 iussa
640 2450 695 2509 est
717 2448 909 2517 abstinere,
933 2449 1042 2510 talem
1068 2449 1307 2527 penitenciam
1342 2450 1469 2512 itinere
1503 2453 1538 2512 et
1567 2451 1699 2516 ieiunio
1731 2472 1787 2514 re·

454 2556 653 2635 demptura.
693 2554 772 2616 Non
806 2556 900 2616 enim
932 2556 1073 2635 ignorat
1105 2556 1434 2635 peregrinacionem
1458 2559 1493 2619 et
1526 2559 1786 2621 abstinenciam

453 2664 529 2724 sine
562 2662 774 2741 penitencia,
811 2662 1038 2734 contricione,
1073 2663 1217 2724 minime
1249 2665 1428 2742 proficere
1464 2664 1513 2726 ad
1547 2665 1709 2727 salutem.
1743 2697 1784 2708 -

385 2766 437 2829 14.
452 2769 600 2832 Artibus
615 2769 712 2830 mille
735 2769 902 2831 maliciec
925 2770 1053 2831 artilex
1076 2769 1226 2831 ludebat
1249 2771 1284 2831 et
1308 2770 1505 2832 deludebat
1523 2775 1690 2834 amatam.
1716 2772 1787 2835 Ubi

450 2878 544 2940 enim
565 2877 820 2956 prenunciatus
842 2878 992 2938 maritus
1016 2895 1186 2955 sponsam
1209 2877 1341 2938 annulo
1364 2879 1579 2951 subarravit,
1597 2898 1680 2941 mox
1703 2898 1785 2942 con·

451 2986 643 3055 lecciones,
673 3002 740 3062 pro
774 2984 866 3045 testo
898 2986 939 3045 ut
969 2981 1050 3045 fieri
1085 2985 1219 3045 assolet
1239 2986 1383 3062 parate,
1420 2984 1685 3064 disparuerunt,
1719 3006 1786 3049 nec

451 3111 608 3171 unquam
632 3093 928 3170 comparuerunt;
953 3091 1096 3152 demum
1119 3093 1229 3170 nupte
1252 3093 1289 3152 et
1310 3092 1478 3170 potencia
1499 3094 1604 3154 matri
1621 3096 1786 3172 pateram

452 3218 607 3271 auream,
641 3197 918 3278 pulcherrimam
951 3198 1040 3269 visu,
1072 3199 1174 3260 novis
1205 3198 1380 3278 repletam
1410 3199 1549 3261 ducatis
1583 3201 1713 3263 obtulit
1749 3206 1785 3265 et

450 3308 609 3369 oblatam
631 3306 761 3378 retulit,
786 3306 900 3367 solum
922 3323 994 3366 uno
1017 3304 1150 3367 ducato
1172 3305 1298 3366 relicto
1322 3295 1347 3387 ll,
1372 3308 1454 3384 post
1478 3307 1635 3368 triduum
1657 3309 1786 3371 nullibi

450 3417 603 3493 reperto,
629 3414 792 3491 quamvis
823 3413 931 3473 tuerit
963 3411 1059 3472 omui
1092 3411 1281 3491 diligencia
1320 3412 1528 3474 custoditus.
1576 3413 1710 3476 Iterum
1746 3417 1785 3478 in

450 3539 571 3582 mense
615 3520 768 3581 ianuarii
805 3520 970 3588 calatum,
1007 3518 1261 3580 recentissimis
1299 3520 1378 3580 uvis
1415 3521 1596 3590 refertum,
1635 3521 1785 3584 donavit

448 3628 576 3701 eidem,
602 3645 692 3707 quas
716 3637 779 3705 ego
803 3627 992 3688 comedere
1016 3625 1152 3698 rennui,
1177 3644 1221 3686 ne
1244 3627 1501 3705 participarem
1523 3615 1604 3688 cum
1618 3628 1691 3699 illo,
1710 3631 1782 3708 qui,

449 3733 627 3797 referente
650 3735 780 3813 puella,
805 3751 877 3812 quo
899 3733 1157 3794 mandaveram
1179 3733 1254 3794 suis
1278 3734 1569 3812 persuasionibus
1605 3753 1677 3796 non
1708 3755 1784 3798 cre·

450 3842 617 3914 dendum,
641 3842 726 3902 mihi
750 3840 953 3902 minabatur
976 3840 1125 3901 insidias
1149 3842 1185 3901 ei
1216 3841 1421 3920 corporales
1452 3842 1585 3903 ruinas.
1620 3838 1783 3906 Tandem

449 3950 548 4030 quod
580 3950 706 4010 ultimo
736 3948 828 4019 novi,
852 3948 952 4027 prius
983 3965 1092 4026 quam
1122 3948 1170 4009 ab
1209 3965 1252 4008 ea
1286 3948 1430 4009 civitate
1468 3966 1584 4010 essem
1607 3951 1782 4017 abscisus.

447 4059 515 4119 tuit
536 4056 644 4136 quod,
669 4074 750 4118 cum
771 4055 941 4134 languens
965 4073 987 4116 a
1011 4055 1151 4117 medico
1174 4055 1252 4116 sine
1280 4073 1343 4133 spe
1368 4055 1439 4116 vite
1468 4059 1563 4117 esset
1585 4057 1723 4129 relicta,
1746 4057 1783 4120 in

447 4167 626 4226 momento
648 4163 779 4224 haustu
801 4162 982 4222 malvaiici
1005 4166 1042 4223 et
1063 4162 1224 4233 mixture,
1248 4180 1319 4240 que
1341 4162 1488 4240 spiritus
1521 4162 1582 4224 ille
1611 4165 1781 4242 portavit,

447 4274 589 4350 sumpto
612 4262 811 4332 morsello<l
832 4269 986 4330 liberata
1009 4269 1055 4330 de
1077 4269 1172 4330 lecto
1192 4270 1355 4330 surrexit.
1379 4267 1504 4330 Finem
1519 4270 1780 4332 machinamen-

446 4382 564 4441 torum
586 4377 766 4457 prestolor
788 4377 923 4444 audire,
949 4393 1029 4436 cum
1052 4376 1172 4436 omnia
1195 4376 1243 4436 ad
1266 4375 1547 4437 subvertendum
1576 4381 1780 4456 componat.

446 4484 585 4564 Linquo
608 4484 748 4563 lapides
776 4483 853 4544 sine
888 4483 1141 4561 cuiuscumque
1175 4482 1311 4543 lesione
1343 4501 1409 4561 per
1440 4482 1586 4545 domum
1620 4484 1780 4547 visibiles

444 4592 672 4654 invisibiliter
694 4592 883 4670 proiectos,
908 4590 945 4649 in
968 4591 1168 4651 contratam
1192 4590 1308 4651 sancti
1332 4587 1503 4662 Cassiani,
1529 4609 1636 4670 quam
1658 4592 1695 4652 in
1718 4592 1781 4653 illa

404 4674 408 4685 ¹
445 4702 659 4779 tempestate
694 4716 774 4760 cum
808 4697 970 4777 pluribus
993 4694 1207 4758 Florentinis
1244 4696 1317 4758 tide
1350 4696 1475 4776 dignis,
1507 4697 1644 4777 tibique
1675 4700 1779 4772 notis,

445 4807 539 4869 colui
562 4806 678 4868 tribus
701 4805 864 4866 noctibus
897 4804 975 4865 sine
1009 4821 1168 4882 sompno,
1194 4804 1308 4866 donec
1340 4803 1453 4865 hostis
1487 4804 1662 4866 deludens
1699 4808 1782 4868 abs·

552 5208 584 5267 a)
603 5222 637 5250 Ξ
656 5217 775 5256 numos.
812 5204 844 5266 b)
863 5220 897 5248 ε
913 5203 1113 5256 mersenario.
1150 5203 1179 5266 o)
1196 5218 1231 5248 ε
1249 5203 1367 5254 militie.
1404 5203 1437 5265 d)
1456 5219 1490 5249 =
1508 5202 1684 5255 moracello.
