4300 6117
814 974 1001 1027 IOHANNIS
1024 973 1207 1027 DOMINICI
1631 962 1677 1025 49

452 1196 577 1258 Bona
600 1199 717 1269 sunt,
751 1196 856 1259 ideo
890 1197 1038 1258 eciam
1062 1197 1117 1257 de
1140 1196 1356 1258 manibus
1387 1196 1561 1275 iniquis
1596 1193 1722 1257 tol-5.

344 1303 505 1376 lenda;
540 1306 699 1366 nostra
736 1306 852 1374 sunt,
888 1303 993 1365 ideo
1029 1305 1085 1365 ab
1109 1302 1287 1365 iniustis
1318 1302 1677 1383 possessoribus

345 1408 665 1483 revellenda¹;
699 1430 722 1472 a
744 1409 834 1472 Deo
870 1410 1001 1471 uobis
1030 1428 1243 1471 concessa
1264 1412 1370 1483 sunt,
1401 1410 1502 1471 ideo
1526 1426 1678 1470 secure

346 1520 389 1579 et
411 1517 604 1579 libenter
625 1517 849 1579 habenda.

457 1641 529 1704 Iste
563 1645 636 1703 tres
672 1642 940 1730 proposiciones
975 1643 1059 1703 sunt
1093 1644 1299 1703 sanctorum
1333 1640 1537 1704 Doctorum.
1589 1639 1680 1701 Nam
1694 1638 1724 1700 6.

346 1749 443 1811 circa
467 1749 629 1827 primam,
655 1748 744 1810 dicit
767 1748 871 1810 divus
902 1747 1175 1828 Augustinus,
1206 1748 1300 1810 libro
1325 1747 1368 1809 2⁰
1391 1746 1449 1809 De
1477 1746 1680 1808 Doctrina

345 1854 595 1935 Xpistiana:
634 1854 738 1917 «Nos
773 1874 844 1916 non
875 1858 1025 1934 propter
1055 1856 1334 1935 supersticiones
1364 1855 1596 1935 profanorum
1620 1854 1680 1915 de·

345 1964 470 2024 bemus
494 1962 670 2023 musicam
695 1963 826 2042 fugere,
852 1961 988 2041 siquid
1013 1962 1098 2023 inde
1122 1962 1208 2023 utile
1232 1962 1280 2023 ad
1294 1960 1542 2041 intelligendas
1558 1978 1680 2022 sacras

346 2066 551 2149 Scripturas
575 2087 706 2148 rapere
733 2069 964 2149 potuerimus,
989 2086 1108 2147 neque
1131 2068 1180 2129 ad
1202 2068 1344 2129 illorum
1361 2068 1553 2129 theatricas
1570 2078 1680 2147 nugas

347 2176 516 2248 converti,
540 2176 572 2237 si
595 2165 609 2258 1¹
635 2175 774 2254 aliquid
798 2174 845 2237 de
869 2174 1025 2256 cytharis
1052 2178 1088 2237 et
1111 2176 1262 2255 organis,
1287 2175 1386 2253 quod
1409 2175 1457 2236 ad
1480 2174 1681 2254 spiritualia
1761 2187 1884 2249 1310v0

347 2281 523 2363 capienda
561 2282 691 2355 valeat,
732 2282 965 2362 disputemus.
1012 2281 1137 2361 Neque
1177 2283 1269 2343 enim
1305 2285 1341 2343 et
1374 2282 1512 2343 litteras
1542 2281 1681 2342 discere

346 2408 417 2451 non
441 2389 638 2460 debuimus,
677 2389 762 2468 quia
794 2408 918 2450 earum
941 2387 1056 2450 Deum
1090 2389 1214 2451 dicunt
1242 2407 1321 2451 esse
1344 2387 1579 2461 Mercurium,
1619 2390 1682 2448 aut

347 2497 432 2575 quia
454 2496 595 2557 iusticie
618 2496 816 2575 virtutique
840 2496 973 2575 templa
998 2496 1221 2569 dedicarunt,
1247 2498 1282 2557 et
1297 2513 1368 2574 que
1384 2495 1493 2557 corde
1508 2494 1682 2575 gestanda

346 2605 429 2665 sunt
466 2604 502 2663 in
538 2602 719 2682 lapidibus
756 2603 910 2664 adorare
945 2602 1156 2675 maluerunt,
1192 2605 1385 2682 propterea
1415 2603 1556 2664 iusticia
1578 2598 1681 2663 nobis

346 2710 533 2789 virtusque
571 2710 739 2789 fugienda
779 2708 1025 2771 est»‘².—Et
1063 2712 1214 2772 contra
1250 2708 1530 2781 Petulianum,
1556 2710 1682 2771 doctor

346 2817 443 2878 idem
466 2817 518 2878 sic
541 2818 656 2878 fatur:
685 2816 752 2877 «Si
778 2828 861 2895 ergo
884 2815 1089 2895 Apostolus,
1114 2817 1234 2879 nescio
1259 2816 1359 2878 cuius
1374 2816 1569 2895 alienigene
1585 2815 1683 2877 testi·

347 2925 513 2994 monium,
539 2924 623 3002 quia
646 2942 771 2984 verum
798 2924 981 3001 comperit,
1007 2924 1115 2984 etiam
1139 2924 1216 3001 ipse
1239 2925 1294 2984 est
1309 2925 1508 2993 attestatus,
1539 2940 1682 2983 curuos

347 3030 446 3111 apud
485 3048 746 3109 quemcumque
781 3029 1019 3090 invenerimus
1050 3030 1149 3109 quod
1169 3028 1287 3109 Xpisti
1317 3033 1380 3101 est,
1413 3032 1448 3091 et
1470 3048 1594 3092 verum
1617 3030 1681 3101 est,

348 3138 462 3198 eciam
496 3138 527 3198 si
551 3137 620 3209 ille,
657 3137 756 3217 apud
787 3154 892 3215 quem
927 3137 1114 3209 invenitur,
1150 3155 1341 3217 perversus
1365 3138 1429 3209 est,
1465 3139 1501 3198 et
1515 3140 1529 3169 ⁸
1563 3136 1681 3207 fallax,

348 3263 419 3305 non
449 3243 684 3305 discernimus
717 3245 866 3324 propter
895 3244 1026 3304 vicium
1049 3234 1091 3326 Η,
1128 3245 1226 3321 quod
1250 3242 1354 3305 homo
1378 3243 1496 3315 habet,
1526 3246 1561 3305 et
1590 3243 1681 3303 veri·
1768 3255 1798 3316 L
1813 3255 1890 3317 25v0

348 3353 468 3422 tatem,
503 3369 610 3430 quam
643 3368 715 3411 non
749 3368 866 3423 suam;
902 3350 968 3411 sed
991 3348 1110 3429 Xpisti
1132 3349 1265 3412 habet?
1302 3353 1337 3412 et
1360 3351 1526 3412 dicimus:
1563 3368 1681 3411 sacra·

348 3460 505 3518 mentum
529 3457 595 3518 hoc
619 3475 743 3518 verum
774 3460 838 3529 est,
873 3458 966 3518 sicut
994 3457 1053 3518 ille
1082 3457 1149 3518 ait:
1181 3458 1420 3519 testimonium
1454 3456 1521 3519 hoc
1556 3475 1681 3517 verum

349 3562 472 3626 est›³.
518 3562 596 3625 Hec
619 3561 715 3636 ille⁴,
741 3561 776 3625 et
799 3563 954 3625 habetur
975 3563 1007 3623 1²
1023 3562 1064 3648 Q.
1082 3564 1137 3625 1².
1176 3563 1374 3625 Dominus
1406 3560 1679 3625 declaravit⁵.

458 3669 530 3731 Pro
562 3671 811 3749 proposicione
846 3671 1013 3743 secunda,
1051 3671 1139 3732 dicit
1174 3671 1268 3733 idem
1304 3671 1431 3732 doctor
1466 3671 1612 3731 eximius
1644 3670 1681 3730 in
1695 3682 1725 3746 7,

349 3778 475 3839 eodem
498 3777 591 3839 libro
615 3776 673 3838 De
696 3776 901 3838 Doctrina
925 3776 1171 3857 Xpistiana:
1211 3776 1447 3857 «Philosophi
1475 3780 1595 3839 autem
1619 3778 1680 3856 qui

349 3888 531 3955 vocantur,
557 3886 587 3945 si
611 3902 683 3963 qua
706 3885 798 3946 torte
822 3902 909 3944 vera
934 3886 970 3945 et
994 3884 1080 3945 iidei
1104 3886 1226 3947 nostre
1250 3883 1484 3945 accomodata
1504 3884 1679 3955 dixerunt,

349 3992 499 4051 maxime
523 3991 704 4071 platonici,
739 4008 811 4052 non
841 3992 955 4053 solum
989 3991 1218 4053 formidanda
1249 4008 1320 4052 non
1343 3993 1433 4062 sunt,
1470 3991 1535 4052 sed
1558 3992 1606 4052 ab
1630 3992 1681 4052 eis

455 4362 488 4422 a)
510 4386 541 4395 -
562 4360 603 4410 et.

456 4517 477 4582 ¹)
496 4518 541 4571 cf.
560 4517 589 4570 S.
608 4519 688 4573 Aue.
720 4522 766 4572 De
785 4521 933 4573 Doctrina
952 4521 1056 4572 chrisi.
1089 4520 1124 4583 11,
1143 4530 1192 4572 xl..
1228 4519 1264 4572 In
1285 4519 1374 4587 Oper.
1394 4520 1444 4584 ΙΙΙ,
1462 4521 1505 4573 63.

457 4606 526 4673 ²)S.
546 4609 627 4662 AUG.
652 4609 699 4661 De
716 4610 866 4661 Doctrina
885 4610 989 4662 christ.
1017 4610 1159 4673 11,xv111,
1181 4610 1224 4661 ad
1242 4610 1297 4660 liti.
1326 4609 1361 4661 In
1383 4608 1473 4676 Oper.
1494 4610 1544 4673 111,
1561 4609 1605 4663 49.
1627 4610 1684 4663 Re·

349 4712 495 4763 marquer
512 4698 544 4749 la
562 4712 629 4750 var.
649 4697 727 4749 dans
745 4698 862 4766 Migne:
880 4713 938 4750 nos
956 4699 1062 4752 tamen
1082 4700 1218 4765 propter.
1247 4698 1290 4751 Le
1309 4698 1393 4751 texte
1411 4699 1451 4751 de
1469 4698 1621 4751 Dominici
1638 4700 1683 4751 in-

349 4786 464 4839 troduit
482 4786 513 4838 la
532 4787 677 4853 negation
698 4802 816 4839 «non».

456 4871 478 4938 ¹)
496 4875 527 4928 s.
548 4876 659 4927 Ionan
678 4876 713 4928 v.
733 4875 777 4928 32.

456 4961 478 5026 ‘t
497 4963 526 5016 S.
552 4964 632 5017 Auo.
673 4963 786 5019 Contra
813 4966 932 5018 litteras
957 4966 1108 5027 Petiliani,
1136 4966 1190 5018 lib.
1214 4966 1249 5031 11,
1275 4975 1350 5029 xxx,
1369 4965 1413 5019 69.
1437 4966 1508 5018 Var.
1544 4966 1580 5017 In
1600 4965 1684 5033 Oper

351 5050 399 5115 IX,
416 5052 481 5105 282.

456 5134 478 5207 ⁸)
497 5140 540 5193 cf.
560 5140 713 5193 GRATIAN.
736 5143 857 5195 Decret.
878 5141 951 5209 Cap.
972 5145 1122 5195 Dominus
1134 5144 1303 5197 declaravit
1317 5142 1489 5207 LXXXVII,
1508 5142 1631 5216 Quaest.
1646 5144 1682 5208 1⁸,

353 5226 449 5282 Causa
467 5229 504 5281 1⁸,

1562 5351 1576 5392 4
