4300 6117
793 961 980 1016 IOHANNIS
1002 960 1184 1014 nommcl

322 1060 625 1070 ——-—

778 1724 989 1830 [CAPUT
1021 1723 1209 1832 xvii]

428 2079 486 2167 [T]
511 2087 627 2148 ercius
652 2086 824 2147 terminus
849 2084 1089 2146 declarandus
1111 2084 1331 2164 intelligatur
1354 2084 1569 2164 complexus.
1591 2083 1657 2144 sci·

321 2193 425 2256 licet:
450 2193 593 2255 licitus
617 2211 725 2254 usus.

434 2352 504 2416 Ubi
541 2352 829 2433 distinguendum
852 2353 1009 2414 occurrit
1043 2353 1137 2414 inter
1166 2352 1233 2413 hoc
1265 2353 1527 2432 permissum,
1561 2368 1657 2412 con·

324 2479 498 2534 cessum,
530 2459 778 2530 consultum,
808 2459 1061 2530 mandatum.
1093 2461 1355 2540 preceptum.
1386 2458 1655 2539 prohibitum,

323 2569 383 2630 uti
408 2570 443 2630 et
464 2567 551 2630 frui
566 2558 597 2651 Η,
622 2567 683 2629 nbi
699 2568 839 2647 patebit
854 2566 942 2646 quid
965 2567 1139 2637 licitum,
1157 2566 1290 2646 quidve
1306 2584 1384 2628 esse
1408 2566 1550 2628 dicatur
1572 2566 1656 2626 illi·
1746 2565 1776 2626 B
1792 2563 1864 2627 32ῐο

324 2676 461 2736 citum.
547 2725 553 2736 .

435 2835 687 2898 Permissum
702 2851 867 2913 namque,
881 2835 979 2896 iuxta
993 2834 1236 2915 theologorum
1248 2853 1393 2906 morem.
1412 2834 1451 2896 id
1464 2852 1543 2896 esse
1558 2834 1657 2896 vide·
1674 2830 1703 2893 1.

324 2946 383 3005 tur
405 2943 451 3005 de
474 2960 546 3022 quo
569 2942 666 3003 nulla
689 2941 746 3003 lex
769 2939 988 3003 affirmativa
1011 2940 1069 3003 vel
1093 2943 1259 3022 negativa
1282 2942 1462 3021 reperitur
1477 2959 1657 3021 expressa.

325 3047 383 3112 Sic
407 3049 584 3111 credimus
608 3049 695 3110 iuris
719 3067 798 3110 esse
832 3049 1046 3128 permissum
1074 3049 1212 3111 nutrire
1237 3049 1294 3111 vel
1330 3049 1460 3110 radere
1496 3049 1658 3119 barbam,

325 3157 491 3218 mulieres
514 3156 641 3218 audire
664 3155 906 3236 gramaticam,
931 3174 1012 3216 cum
1035 3157 1210 3218 similibus
1233 3154 1391 3217 infinitis.
1415 3153 1494 3217 Hac
1523 3156 1582 3217 via
1607 3159 1661 3218 est

326 3264 373 3326 ad
397 3264 619 3342 questionem
641 3262 832 3325 dicendum
856 3263 1067 3343 permissive
1092 3263 1325 3324 communiter
1355 3281 1427 3323 non
1458 3263 1567 3325 licere
1600 3264 1663 3324 ali·

326 3371 412 3452 quid
435 3369 664 3451 prohibitum,
688 3371 781 3432 sicut
804 3370 914 3431 credo
944 3369 990 3431 de
1020 3368 1246 3450 philosophia
1280 3370 1470 3442 mundana,
1500 3371 1585 3433 licet
1617 3372 1663 3433 sit

326 3481 577 3558 impugnatum,
602 3477 719 3538 adhuc
743 3476 805 3538 lite
829 3476 1018 3556 pendente.
1044 3475 1133 3539 Cum
1156 3488 1240 3557 ergo
1262 3496 1328 3557 per
1353 3478 1482 3539 multos
1508 3480 1663 3563 sanctos,

326 3587 418 3648 sicut
441 3583 534 3646 inira
557 3584 607 3646 ad
630 3586 798 3664 quartum
822 3585 1001 3645 obiectum
1035 3585 1104 3645 erit
1136 3583 1338 3655 dicendum,
1370 3583 1663 3664 philosophorum

326 3692 483 3754 studium
507 3691 553 3753 sit
577 3691 783 3771 specialiter
811 3691 1052 3763 interdictum,
1079 3693 1114 3752 et
1146 3691 1305 3752 nondum
1337 3692 1541 3771 oppositum
1575 3693 1665 3753 obti-

326 3800 444 3862 nuerit
465 3799 622 3878 palmam
657 3796 835 3878 triumphi.
872 3798 958 3876 quin
995 3796 1113 3858 adhuc
1146 3798 1190 3859 lis
1219 3799 1285 3859 sub
1315 3798 1434 3859 iudice
1465 3801 1528 3869 est,
1554 3801 1666 3861 restat

326 3926 397 3969 non
421 3924 500 3968 esse
523 3906 659 3967 licitum
683 3905 837 3984 aliquem
873 3906 1014 3966 noviter
1046 3905 1122 3966 sine
1154 3905 1304 3966 licencia
1327 3903 1489 3968 Ecclesie
1512 3905 1666 3985 philoso-

326 4014 478 4095 phorum
501 4012 659 4074 studium
681 4010 920 4090 frequentare.
946 4009 1149 4074 Locuntur⁸
1176 4013 1288 4074 eciam
1312 4012 1418 4074 aliter
1445 4011 1597 4094 theologi
1620 4008 1683 4076 de'

326 4121 550 4202 permisso.
581 4119 679 4198 quod
701 4119 803 4196 sequi
826 4118 1043 4198 quandoque
1068 4121 1124 4181 est
1144 4120 1251 4181 letale
1274 4122 1472 4199 peccatum.
1496 4118 1551 4180 Ea
1574 4121 1667 4182 enim

326 4227 422 4290 Dens
446 4227 621 4306 permittit
646 4227 702 4287 cui
731 4224 870 4287 efficaci
903 4226 1089 4287 voluntate
1122 4244 1194 4286 non
1226 4227 1369 4288 resistit
1403 4223 1462 4288 Sic
1493 4228 1668 4306 permittit

327 4336 438 4396 iustos
462 4335 499 4394 in
521 4326 638 4395 viciab
664 4333 738 4394 labi
762 4335 798 4394 et
820 4333 941 4412 plures
956 4331 1175 4412 Xpistianos
1190 4331 1335 4394 Litteris
1352 4333 1486 4394 sanctis
1498 4334 1667 4414 neglectis

328 4443 492 4503 dicamne
516 4441 740 4520 contemptis,
765 4442 953 4519 poetarum
978 4441 1127 4519 inepciis
1151 4441 1332 4520 occupari.

435 4546 688 4609 Concessum
713 4550 834 4608 autem
856 4547 1017 4609 arbitror
1039 4565 1119 4608 esse
1134 4547 1311 4627 quidquid
1327 4566 1393 4627 per
1407 4547 1668 4628 indulgenciam
1684 4555 1714 4617 2,

329 4657 374 4718 ab
398 4673 442 4718 eo
465 4655 527 4733 qui
551 4655 588 4716 id
612 4653 762 4716 iuridice
797 4657 916 4733 potest
949 4653 1125 4734 largitum.
1158 4657 1311 4733 utraque
1349 4658 1452 4735 parte
1487 4656 1522 4715 in
1553 4655 1669 4716 libera

328 4763 508 4842 potestate
529 4759 734 4823 beneficiati
757 4763 932 4823 manente.
957 4759 1108 4840 Accipio
1132 4762 1244 4842 magis
1268 4762 1392 4824 stricte
1422 4780 1669 4824 concessum

331 4887 436 4948 quam
458 4867 570 4931 faciat
592 4868 659 4939 lex,
684 4869 745 4929 ubi
770 4868 882 4930 dicit:
921 4868 1036 4946 quod
1059 4886 1141 4928 non
1167 4872 1233 4930 est
1255 4868 1518 4948 prohibitum
1550 4868 1666 4930 vide·

331 5065 540 5074 ——-—-—----

434 5223 468 5284 a)
487 5235 521 5266 =
540 5219 714 5287 loquuntur.
752 5220 784 5284 b)
803 5236 836 5266 Ξ
855 5221 990 5286 peccata.
