4300 6117
810 940 996 995 IOHANNIS
1017 940 1198 995 DOMINICI
1606 930 1673 995 239

341 1165 553 1246 contingerit
575 1165 638 1239 ire,
673 1167 749 1228 tute
778 1165 952 1245 impetere
977 1165 1099 1227 hostes
1135 1167 1171 1228 et
1200 1165 1360 1227 illorum·
1376 1166 1545 1228 mortales
1580 1166 1672 1227 ictus

340 1272 466 1334 vitare.

447 1375 580 1441 Tucius
595 1381 716 1441 tamen
732 1379 892 1452 dixerim,
917 1378 985 1441 nisi
1005 1380 1109 1459 cogat
1131 1380 1336 1453 necessitas,
1361 1380 1408 1442 ab
1424 1378 1492 1441 hiis
1509 1378 1672 1441 omnibus
1690 1377 1743 1439 10.

340 1504 412 1565 que
435 1485 606 1566 pietatem
629 1505 700 1548 non
716 1485 850 1548 habent
865 1485 1128 1547 abstinendum.
1152 1484 1243 1549 Erat
1257 1486 1391 1566 utique,
1417 1487 1544 1548 eodem
1559 1484 1673 1566 Apos-

340 1593 415 1655 tolo
430 1595 533 1665 teste,
557 1593 603 1654 ab
620 1591 777 1655 inlancia
790 1588 998 1655 Thimoteus
1013 1592 1136 1654 multis
1150 1592 1279 1655 litteris
1295 1594 1468 1666 eruditus,
1492 1595 1528 1655 et
1541 1595 1672 1664 tamen,

340 1701 380 1762 ut
414 1698 603 1781 prefertur,
639 1700 838 1781 precipitur
860 1700 929 1762 sibi
963 1718 1010 1762 ne
1031 1700 1080 1762 ad
1115 1700 1223 1762 talem
1247 1700 1404 1762 duellum
1437 1701 1598 1771 accedat,
1634 1701 1674 1779 ut

341 1805 444 1878 toret,
470 1807 589 1878 credo,
612 1807 767 1887 posteris
790 1806 827 1868 in
850 1807 1059 1887 exemplum.
1073 1806 1169 1868 —In
1186 1807 1343 1886 capitulo
1360 1808 1453 1869 enirn
1468 1805 1506 1868 2⁰
1524 1805 1674 1887 epistole

340 1916 531 1993 postreme,
556 1915 730 1976 mandans
754 1914 787 1975 ei
802 1912 1006 1993 Apostolus,
1031 1914 1137 1975 dicit:
1165 1912 1414 1976 ‹Noliverbis
1439 1914 1673 1976 contendere:

342 2021 392 2082 ad
420 2020 590 2082 nichilum
624 2020 717 2082 enim
747 2021 834 2082 utile
858 2023 922 2093 est,
958 2021 1027 2082 nisi
1049 2021 1100 2082 ad
1133 2020 1402 2083 subversionem
1435 2021 1674 2083 audiencium.

342 2125 502 2189 Sollicite
525 2129 645 2190 autem
682 2146 769 2190 cura
790 2128 946 2208 teipsum
979 2127 1205 2207 probabilem
1236 2128 1403 2191 exhibere
1426 2127 1512 2201 Deo,
1549 2146 1675 2207 opera-

341 2234 434 2295 rium
457 2232 751 2308 inconfusibilem,
776 2237 875 2297 recte
897 2236 1115 2297 tractantem
1138 2236 1288 2297 verbum
1310 2236 1490 2297 veritatis:
1523 2236 1676 2315 protana

341 2344 463 2403 autem
497 2343 534 2403 et
567 2341 774 2421 vaniloquia
797 2341 937 2403 devita:
972 2342 1124 2403 multum
1148 2342 1241 2403 enim
1263 2340 1457 2422 proficiunt
1480 2343 1529 2404 ad
1553 2342 1675 2422 impie·

342 2458 470 2518 tatem:
510 2458 546 2519 et
570 2475 687 2519 sermo
722 2476 846 2519 eorum
876 2459 917 2519 ut
941 2476 1070 2519 cancer
1092 2457 1215 2538 serpit,
1249 2476 1292 2519 ex
1313 2458 1443 2537 quibus
1468 2460 1523 2520 est
1546 2456 1675 2539 Hyme-

342 2581 431 2625 neus
455 2566 491 2625 et
515 2563 684 2635 Philetus,
722 2565 785 2644 qui
807 2584 830 2627 a
853 2565 1007 2627 veritate
1030 2565 1252 2638 deciderunt,
1280 2564 1440 2627 dicentes
1464 2565 1536 2627 iam
1559 2584 1676 2627 resur·

343 2672 537 2733 rectionem
560 2670 702 2743 tactam.
739 2674 775 2733 et
798 2672 1052 2734 subverterunt
1087 2673 1324 2751 quorumdam
1346 2670 1457 2734 fidem
1472 2693 1487 2728 »
1501 2670 1521 2734 ¹.
1560 2671 1676 2753 Magis

342 2778 551 2857 impugnant
573 2778 693 2851 tidem,
730 2778 791 2858 qui
814 2780 915 2841 aiunt
932 2780 1241 2841 resurrectionem
1264 2799 1335 2842 non
1369 2781 1526 2841 loturam
1560 2798 1676 2859 neque

342 2886 562 2965 preteritam,
587 2886 680 2947 sicut
694 2886 796 2948 multi
819 2885 1045 2958 Saducei,
1069 2904 1179 2965 quam
1201 2887 1264 2966 qui
1286 2890 1451 2949 asserunt
1474 2887 1589 2966 ipsam
1605 2886 1677 2948 iam

342 2991 548 3070 preterisse.
572 2992 628 3053 Illi
644 2994 737 3055 enim
762 3011 841 3055 cum
856 2993 1079 3074 philosophis
1103 2996 1139 3055 et
1163 2993 1313 3056 ethnicis
1349 2996 1472 3055 errant
1506 2994 1542 3055 in
1561 2992 1675 3056 iacto:

343 3098 393 3159 hii
416 3118 513 3172 vero,
537 3100 573 3161 in
596 3102 758 3179 tempore
781 3102 929 3162 tanturn.

454 3206 638 3268 Instruens
661 3208 775 3269 eciam
798 3208 908 3269 alium
931 3207 1147 3287 discipulum
1169 3208 1311 3270 nomine
1333 3204 1474 3289 Tytum,
1507 3208 1560 3269 sic
1582 3208 1677 3269 inter
1692 3204 1744 3266 11.

345 3315 466 3375 cetera
489 3314 614 3376 scribit
637 3315 686 3376 ad
711 3315 846 3394 ipsum:
887 3313 1067 3396 «Oportet
1091 3314 1185 3377 enim
1221 3316 1428 3395 episcopum
1451 3333 1531 3377 esse
1559 3313 1676 3393 hospi·

343 3420 463 3491 talem,
486 3421 686 3501 benignum,
710 3422 879 3495 sobrium,
903 3422 1045 3494 iustum,
1063 3425 1236 3495 sanctum,
1254 3408 1505 3494 continentem,
1522 3421 1676 3501 amplec-

344 3528 479 3589 tentem
501 3544 582 3589 eum
605 3528 668 3608 qui
690 3528 887 3591 secundum
911 3528 1113 3590 doctrinam
1136 3531 1200 3601 est,
1233 3528 1379 3591 fidelem
1402 3547 1612 3601 sermonem,
1637 3530 1678 3591 ut

344 3635 472 3713 potens
507 3634 553 3696 sit
576 3634 757 3697 exhortari
785 3636 822 3697 in
845 3636 1010 3698 doctriua
1033 3654 1132 3707 sana,
1174 3639 1209 3698 et
1232 3654 1294 3698 eos
1328 3636 1391 3716 qui
1427 3636 1678 3698 contradicunt

345 3740 557 3820 arguere»²⁸
581 3739 766 3804 Noudixit
792 3745 1074 3822 «poetam»,
1099 3762 1170 3805 non
1186 3744 1238 3805 ait
1262 3743 1675 3823 «philosophum»,

344 3849 381 3910 et
404 3851 524 3910 tamen
557 3852 682 3911 contra
716 3849 947 3929 philosophos
982 3850 1142 3913 instabat
1176 3853 1366 3923 certamen,
1403 3868 1493 3929 quos
1528 3861 1679 3929 arguere

344 3956 545 4034 oportebat,
580 3974 659 4017 cum
684 3958 778 4018 esset
800 3955 980 4037 Xpistiani
1003 3956 1156 4019 ethnicis
1180 3957 1289 4018 mixti.
1327 3955 1430 4019 Nunc
1453 3961 1572 4019 autem
1596 3958 1679 4018 sunt

344 4062 436 4140 puri,
470 4062 540 4123 nisi
561 4065 711 4142 propter
734 4080 857 4125 eorum
880 4063 1047 4134 studium,
1084 4062 1282 4143 Xpisticole
1305 4064 1342 4124 in
1365 4063 1513 4144 gentiles
1535 4066 1678 4125 vertan-

345 4169 413 4230 tur.
452 4166 500 4230 Et
522 4171 684 4249 sequitur
706 4170 743 4231 in
767 4172 882 4233 textu:
907 4203 952 4211 -
983 4168 1103 4232 «Sunt
1119 4172 1213 4232 enim
1236 4171 1337 4232 multi
1359 4170 1616 4243 inobedientes,
1642 4173 1678 4233 et

343 4275 528 4355 vaniloqui
560 4278 597 4338 et
633 4278 858 4339 seductores:
895 4278 1048 4339 maxime
1083 4280 1203 4339 autem
1237 4278 1299 4357 qui
1334 4277 1380 4340 de
1408 4278 1678 4339 circumcisione

345 4385 437 4455 sunt,
463 4399 552 4461 quos
575 4385 718 4463 oportet
741 4385 918 4464 redargui,
944 4386 1004 4464 qui
1028 4386 1214 4447 universas
1231 4384 1356 4447 domos
1371 4385 1593 4456 subvertunt,
1616 4384 1678 4446 do·

346 4491 468 4551 centes
485 4507 554 4568 que
565 4508 637 4552 non
651 4493 803 4571 oportet,
813 4492 928 4571 turpis
935 4492 1027 4554 lucri
1033 4492 1179 4573 gracia»
1192 4490 1263 4553 3.-
1275 4490 1322 4553 Et
1338 4492 1516 4571 sequitur:
1535 4489 1678 4576 «Quam

345 4596 392 4657 ob
417 4614 573 4670 causam,
608 4597 756 4678 increpa
780 4599 859 4661 illos
884 4600 982 4672 dure,
1020 4602 1060 4661 ut
1084 4600 1163 4661 sani
1186 4598 1316 4661 sintin
1339 4597 1423 4671 lide,
1459 4617 1531 4660 non
1564 4600 1678 4660 inten-

454 5006 475 5073 1)
493 5008 524 5061 s.
545 5009 652 5074 prun,
669 5010 697 5063 11
716 5011 759 5062 aa
780 5009 914 5075 Tenum..
931 5011 969 5074 11,
988 5010 1079 5064 1419.

454 5094 475 5163 ἰ
493 5098 550 5162 m,
568 5098 620 5151 Aa
642 5098 704 5163 ru,
722 5100 745 5163 1,
763 5099 820 5153 ss.

455 5183 525 5254 us.
546 5189 655 5253 prun,
672 5190 716 5241 aa
737 5187 799 5252 nt..
818 5188 840 5253 1,
860 5190 951 5243 10·11.
