4300 6117
459 855 526 918 406
962 866 1121 921 LUCULA
1142 865 1283 921 NOCTIS

459 1088 555 1150 unde
568 1089 780 1151 inclinamur
793 1090 959 1152 credulas
975 1109 1082 1153 aures
1095 1095 1271 1173 prestare,
1288 1093 1351 1155 ubi
1372 1095 1497 1155 mutuo
1514 1093 1584 1155 iuri
1603 1093 1796 1156 mendaces

460 1196 597 1276 seipsos
613 1196 1281 1279 commendanti-ApudAgelium
1302 1199 1395 1261 enim
1416 1199 1716 1272 Democritus,
1734 1200 1795 1278 qui

460 1303 554 1365 inter
577 1306 715 1366 ceteros
738 1305 851 1384 gentis
874 1304 969 1367 illius
992 1323 1064 1368 non
1086 1305 1316 1368 mediocriter
1338 1307 1519 1369 virtuosus
1542 1308 1700 1386 putatur,
1726 1307 1795 1368 sibi

460 1411 529 1491 ipsi
552 1411 644 1473 eruit
668 1412 799 1483 oculos,
823 1415 863 1473 ut
886 1412 1124 1492 cogitaciones
1147 1413 1390 1493 vegetaciores
1413 1413 1574 1476 haberet.
1615 1413 1721 1498 Quod
1747 1416 1797 1476 ob

460 1518 498 1580 id
521 1519 648 1580 iecisse
671 1516 846 1580 Laberius
869 1518 1004 1590 scribit,
1029 1538 1075 1581 ne
1098 1519 1239 1582 videret
1262 1521 1365 1582 malis
1379 1521 1517 1582 civibus
1532 1522 1668 1583 bonum
1684 1539 1762 1582 esse
1772 1519 1793 1581 ¹.

461 1623 568 1687 Cuius
592 1625 701 1687 talem
723 1625 776 1688 rei
798 1621 1093 1688 Tertulianus
1117 1627 1298 1689 racionem
1320 1628 1487 1708 assignat,
1514 1647 1585 1707 quo
1620 1646 1692 1689 non
1714 1645 1797 1706 pos·

461 1736 516 1795 set
539 1733 616 1794 sine
639 1732 934 1812 concupiscencia
955 1734 1106 1795 feminas
1129 1733 1260 1795 intueri
1275 1733 1295 1806 ²,
1325 1735 1422 1797 unde
1451 1735 1579 1796 merito
1602 1734 1795 1796 luminibus

461 1839 586 1912 caruit,
610 1839 672 1918 qui
694 1839 875 1901 hominnm
897 1840 1032 1902 visibus
1055 1841 1208 1921 magiam
1232 1841 1336 1919 quasi
1354 1842 1490 1921 primus
1507 1841 1675 1914 ostendit,
1687 1843 1795 1920 prout

461 1946 580 2009 fidelis
602 1945 826 2009 Ysidorus
849 1947 960 2009 sensit
972 1945 994 2008 ³.

418 2047 448 2110 9.
574 2052 668 2116 Sede
690 2054 816 2134 primo,
840 2054 986 2134 genitor,
1010 2055 1077 2116 sub
1101 2057 1277 2134 parabola
1291 2055 1408 2136 Xpisti
1421 2054 1443 2128 ⁴,
1468 2057 1529 2136 qui
1551 2055 1686 2118 liberos
1709 2057 1790 2117 tuos

462 2164 567 2242 putas
597 2160 790 2222 mittendos
814 2160 863 2222 ad
884 2160 1027 2232 bellum,
1061 2163 1097 2224 et
1119 2162 1317 2241 prudenter
1340 2166 1509 2242 computa
1534 2182 1581 2224 au
1604 2179 1791 2224 occurren·

461 2269 557 2332 tibus
580 2267 650 2329 illis
672 2267 834 2330 hostibus
858 2286 938 2329 cum
959 2276 1015 2328 XX
1036 2269 1179 2332 milibus
1203 2271 1432 2342 armatorum,
1474 2270 1558 2348 quia
1583 2288 1654 2331 non
1676 2269 1792 2331 solum

460 2377 620 2456 pugnant
642 2375 853 2455 philosophi,
878 2394 901 2437 a
923 2375 1048 2437 decem
1071 2376 1178 2438 alieni
1201 2377 1391 2456 preceptis,
1417 2377 1484 2439 sed
1507 2377 1603 2439 etin
1626 2376 1713 2456 ipsis
1729 2374 1790 2437 de·

461 2500 584 2545 mones
607 2480 799 2544 infernales
821 2482 964 2555 inimici,
999 2483 1162 2563 psalterii
1190 2483 1384 2546 decacordi
1415 2484 1547 2564 lepore,
1570 2483 1791 2562 sophismate

461 2591 498 2652 et
520 2590 694 2651 mulcebri
716 2588 866 2669 pruritu,
890 2589 943 2652 tui
955 2590 1032 2650 nati
1046 2589 1191 2653 valeant
1214 2609 1294 2651 cum
1309 2591 1435 2652 decem
1449 2590 1593 2652 milibus
1610 2589 1786 2652 obviare?

461 2697 565 2770 idest,
600 2697 631 2759 si
663 2699 745 2758 sunt
778 2697 883 2777 plene
909 2696 947 2759 in
969 2696 1046 2777 lege
1070 2697 1194 2758 divina
1217 2697 1367 2759 lundati.
1409 2695 1448 2758 Si
1470 2697 1537 2759 hoc
1563 2697 1791 2776 compereris,

462 2805 636 2866 adversus
660 2803 916 2883 Alophilos
939 2803 1103 2865 intimide
1126 2804 1240 2885 dirige
1261 2805 1351 2876 illos,
1384 2804 1500 2884 spolia
1523 2823 1566 2866 ex
1600 2803 1792 2884 prostratis

462 2910 625 2973 hostibus
648 2911 835 2974 relaturos.
874 2909 937 2972 Sin
959 2908 1089 2984 autem,
1126 2912 1298 2973 cumillis
1322 2929 1450 2992 pacem
1472 2911 1615 2974 habeto.
1655 2908 1729 2972 Ora
1753 2913 1793 2972 ut

462 3021 691 3082 revertantur
716 3017 766 3079 ad
794 3036 859 3080 sua
893 3020 931 3081 et
953 3036 1057 3080 caros
1081 3021 1161 3080 tuos
1195 3019 1305 3080 armis
1329 3018 1565 3099 circumcinge
1587 3018 1709 3079 divine
1731 3035 1795 3097 po·

462 3126 589 3198 tencie,
614 3127 719 3188 nete
742 3126 931 3206 contingat,
956 3127 995 3187 ut
1017 3126 1127 3188 moris
1151 3126 1214 3198 est,
1240 3143 1321 3186 cum
1336 3123 1430 3206 Hely
1447 3125 1637 3187 sacerdote
1652 3126 1798 3187 vetusto

463 3232 609 3304 deflere,
634 3233 748 3295 eciam
771 3233 892 3295 statim
915 3232 1118 3304 moriturus,
1155 3230 1249 3294 lilios
1272 3235 1354 3294 tuos
1377 3232 1414 3293 in
1436 3232 1533 3294 bello
1556 3233 1703 3294 necatos
1714 3228 1735 3304 ⁵,
1764 3231 1796 3292 si

463 3342 583 3402 tamn
605 3339 730 3402 videre
752 3356 859 3420 posse
881 3340 1002 3401 lumen
1023 3339 1169 3401 lucerne
1192 3341 1247 3401 est
1270 3339 1336 3401 tibi
1359 3357 1577 3401 concessum.

467 3535 678 3546 ——-—-

570 3699 594 3768 ¹)
613 3701 656 3755 ei.
674 3701 818 3755 A.G1·:1.L.
836 3702 924 3754 Noui.
943 3704 1025 3754 attic.
1043 3701 1080 3763 X,
1099 3709 1181 3753 xvn:
1203 3719 1215 3744 ‹
1233 3701 1371 3767 ...quia
1391 3700 1581 3754 existimaret
1595 3699 1797 3769 cogitationes

463 3792 799 3858 commentationesque
816 3791 910 3844 animi
927 3791 975 3844 sui
985 3791 1017 3842 in
1031 3791 1277 3857 contemplandis
1289 3792 1421 3844 naturae
1434 3789 1607 3850 rationibus
1619 3789 1797 3858 vegetiores

463 3882 495 3936 et
512 3881 685 3935 exactiores
703 3880 780 3944 iore,
808 3880 834 3933 si
852 3895 905 3934 eas
923 3879 1051 3933 videndi
1068 3879 1225 3933 illecebris
1243 3881 1275 3932 et
1293 3880 1454 3933 oculorum
1472 3878 1700 3945 impedimentis
1718 3879 1795 3931 libe-

463 3973 596 4024 rasset».
622 3996 655 4007 -
680 3970 838 4033 Laberius,
863 3969 1021 4023 chevalier
1046 3969 1176 4032 romain,
1201 3969 1242 4022 ne
1260 3984 1300 4024 en
1317 3969 1370 4022 648
1389 3969 1429 4021 de
1447 3969 1552 4031 Rome,
1573 3967 1684 4021 auteur
1702 3967 1742 4020 de
1758 3967 1798 4021 43

463 4061 582 4123 mimes,
602 4061 678 4113 dont
697 4059 847 4126 quelques
864 4057 1033 4127 fragments
1050 4073 1130 4112 nous
1149 4059 1220 4111 sont
1237 4071 1395 4125 parvenus
1415 4071 1474 4124 par
1492 4057 1539 4110 les
1557 4057 1794 4125 grammairiens

463 4147 590 4220 [Comici
606 4152 710 4212 latini,
728 4149 798 4202 edit
817 4144 977 4216 Ribbeck]⁴

572 4237 595 4306 ¹)
612 4237 768 4292 Tmen„
786 4238 942 4307 Apologel.
962 4238 1030 4290 adv.
1050 4237 1170 4301 Gentes,
1189 4251 1255 4304 cap.
1273 4236 1317 4289 46.
1336 4237 1372 4288 ln
1386 4235 1476 4302 Oper.
1495 4237 1516 4299 1,
1536 4235 1596 4288 576.
1635 4235 1694 4288 ces
1711 4235 1794 4288 deux

463 4329 602 4384 citatione
621 4328 688 4381 d'A.
709 4328 798 4381 Gelle
822 4329 854 4381 et
878 4328 918 4381 de
935 4324 1107 4379 Tertullien
1125 4326 1197 4380 sont
1213 4326 1309 4379 tirees
1327 4326 1370 4379 du
1389 4324 1550 4392 Speculum
1567 4325 1736 4377 doctrinale
1753 4324 1796 4377 de

463 4420 595 4472 Vincent
612 4418 653 4471 de
670 4417 833 4480 Beauvais,
851 4417 903 4469 lib.
921 4416 956 4479 V,
975 4430 1043 4482 cap.
1061 4416 1108 4470 98.

572 4505 593 4570 ”l
618 4508 734 4560 lsm0R.
761 4506 891 4573 Etymol.
915 4505 993 4569 vm,
1017 4515 1061 4557 lx.
1093 4505 1129 4557 In
1156 4504 1247 4571 Oper.
1274 4506 1295 4557 t.
1314 4505 1364 4569 111,
1383 4503 1440 4557 col.
1459 4502 1527 4557 31⁰:
1561 4503 1671 4556 «Hanc
1695 4503 1797 4556 artem

464 4593 618 4668 [magiam]
635 4597 733 4650 multa
750 4596 822 4663 post
839 4596 961 4650 saecula
979 4594 1175 4647 Democritus
1193 4594 1387 4661 ampliavit».
1423 4593 1467 4647 Le
1492 4593 1628 4660 premier
1646 4591 1797 4660 magicien

465 4703 505 4742 ou
522 4696 611 4757 mage
629 4686 731 4740 aurait
748 4686 798 4739 ete
815 4686 989 4748 Zoroastre,
1007 4685 1098 4737 selon
1116 4683 1145 4736 S.
1164 4678 1244 4736 Auo.
1262 4684 1309 4736 De
1331 4681 1415 4736 civit.
1434 4684 1500 4748 Del,
1517 4682 1596 4746 XXI,
1616 4691 1680 4734 nv.

571 4774 594 4841 ⁴)
612 4776 641 4829 S.
659 4776 735 4829 LUC.
753 4774 831 4838 XIV,
849 4774 894 4828 31.

572 4861 595 4932 ⁶)
613 4867 627 4918 1
644 4866 717 4934 Reg.
736 4864 786 4928 IV,
805 4865 839 4917 1⁵
857 4878 903 4930 sq.
