4300 6117
376 1113 408 1176 4.

376 2288 406 2350 5.

426 883 468 946 80
931 892 1090 946 LUCULA
1112 889 1252 945 NOCTIS

531 1113 603 1177 Sed
628 1117 663 1175 et
686 1132 771 1176 aves
805 1117 840 1176 et
862 1115 980 1195 pisces
1004 1116 1205 1176 futurorum
1241 1115 1340 1193 signa
1364 1114 1562 1176 certissima
1586 1113 1754 1193 produnt,

423 1239 493 1300 qne
516 1218 708 1301 Virgiliusl
732 1223 768 1282 et
790 1220 976 1283 Lucanus‘2
999 1221 1120 1283 divino
1145 1221 1451 1301 comprehendunt
1473 1222 1623 1300 ingenio.
1655 1220 1756 1283 Simi-

422 1328 504 1389 liter
526 1320 674 1408 Var[ro]
697 1328 745 1388 in
769 1329 838 1389 lib
851 1329 921 1389 ris
945 1327 975 1387 N
992 1347 1014 1389 a
1026 1347 1049 1388 v
1063 1347 1086 1389 a
1099 1328 1112 1387 l
1124 1329 1136 1387 i
1148 1330 1171 1390 b
1182 1347 1205 1388 u
1218 1327 1266 1399 si,
1307 1327 1393 1389 dum
1416 1329 1588 1390 sollicitus
1612 1328 1757 1389 instruit

422 1437 549 1496 nautas
563 1433 584 1496 ⁴.
622 1434 774 1496 Diversa
797 1453 883 1496 vero
907 1453 966 1495 ars
991 1437 1027 1496 et
1049 1434 1206 1496 varietas
1232 1435 1317 1506 eius,
1354 1435 1454 1506 cuius
1490 1436 1629 1515 species
1653 1453 1756 1496 enar-

421 1560 502 1603 rare
526 1561 597 1603 non
619 1544 734 1614 vacat,
760 1542 911 1603 laetatos
935 1542 982 1602 ab
999 1542 1169 1603 uberibus
1193 1541 1416 1621 philosophie
1433 1543 1576 1603 nutritis
1591 1542 1755 1621 preclare

420 1647 569 1740 opifices
592 1667 675 1710 suos
700 1649 859 1727 requirit.
884 1647 944 1708 Hii
960 1649 1053 1709 enim
1078 1648 1212 1710 debent
1236 1666 1294 1710 res
1312 1649 1493 1710 naturales
1509 1649 1648 1728 eligere,
1673 1667 1756 1710 con·

420 1773 576 1828 servare,
612 1754 800 1816 effectibus
824 1755 1017 1835 applicare,
1054 1754 1227 1827 dividere,
1253 1773 1476 1835 componere,
1502 1755 1599 1816 horis
1623 1755 1755 1816 debitis

422 1865 457 1922 et
479 1863 634 1942 propriis
658 1862 746 1923 locis
770 1862 1007 1923 distribuere:
1033 1879 1103 1939 que
1126 1862 1222 1923 nullo
1246 1863 1354 1924 modo
1378 1863 1455 1923 sine
1470 1862 1609 1941 phisica
1622 1862 1756 1924 noticia

420 1966 500 2029 fieri
523 1971 681 2048 possunt,
719 1971 759 2029 ut
781 1968 982 2046 plurimum.
1022 1966 1166 2052 Quanta
1188 1971 1341 2048 pereunt
1374 1971 1410 2030 et
1432 1969 1585 2030 humane
1616 1971 1753 2040 nature,

422 2075 521 2136 cuius
545 2075 686 2136 suntin
709 2075 854 2136 vitalem
878 2093 981 2136 usum
1006 2076 1147 2136 creata!
1176 2073 1393 2136 Efficiuntur
1415 2076 1582 2137 mortalia
1605 2078 1756 2154 propter

422 2182 663 2261 ignoranciam
687 2200 819 2254 eorum,
845 2183 906 2261 qui
930 2181 991 2242 illa
1015 2182 1230 2242 detractant.

529 2288 635 2349 Adde
668 2292 834 2350 notanter
869 2288 967 2366 quod
1002 2307 1122 2348 rerum
1145 2287 1296 2349 Creator
1320 2290 1542 2351 benedictus
1573 2290 1610 2348 in
1634 2289 1754 2350 secula

422 2396 536 2456 brutis
552 2395 726 2475 phisicam
742 2395 941 2456 naturalem
960 2396 1144 2466 concessit,
1163 2413 1233 2473 que
1250 2397 1373 2456 carent
1389 2396 1578 2474 temporali
1594 2397 1752 2466 doctore,

423 2504 459 2562 et
475 2503 586 2563 oculis
599 2501 870 2581 disciplinandis
891 2501 1039 2563 internis
1053 2502 1281 2580 externisque
1294 2520 1402 2581 quam
1415 2503 1509 2563 scire
1521 2503 1632 2564 noluit
1644 2502 1753 2563 homi·

421 2627 511 2681 nem,
537 2609 605 2670 nisi
617 2627 684 2687 per
706 2609 918 2670 exercicium
934 2608 1108 2686 acquirat,
1126 2611 1166 2668 ut
1180 2609 1343 2670 omnibus
1355 2609 1556 2671 innotescat
1569 2610 1643 2670 eius
1660 2610 1754 2670 salu·

421 2717 485 2777 bre
510 2720 545 2777 et
569 2716 810 2777 necessarium
833 2715 990 2776 studium
1007 2734 1029 2774 a
1044 2714 1121 2777 Deo
1136 2714 1214 2777 fore
1232 2716 1297 2777 sub
1323 2715 1479 2794 quodam
1495 2716 1651 2786 silencio,
1670 2735 1750 2777 cum

420 2825 549 2884 natura
573 2823 758 2893 clamante,
783 2822 985 2883 homiuibus
1008 2823 1232 2901 imperatum.
1257 2819 1340 2883 Solo
1358 2823 1451 2883 enim
1467 2823 1595 2883 intuitu
1610 2822 1754 2884 hostilia

420 2933 519 2990 muta
543 2931 776 3009 cognoscunt,
806 2927 954 3008 olphatu
978 2929 1139 3001 docente,
1164 2929 1349 2990 mortifera
1372 2932 1505 3001 vetant,
1531 2932 1567 2990 et
1590 2929 1666 2990 solo
1689 2931 1752 2989 im·

419 3037 522 3115 pulso
547 3039 674 3097 nature
697 3054 761 3096 sna
786 3036 945 3096 remedia
970 3036 1077 3096 novit.
1102 3035 1159 3096 Ab
1180 3036 1247 3096 hiis
1265 3037 1367 3105 enim,
1392 3039 1498 3097 autor
1513 3039 1567 3097 est
1583 3035 1719 3097 Plinius
1730 3033 1751 3109 ⁵,

418 3143 530 3204 multa
554 3142 680 3203 didicit
702 3142 816 3213 homo,
843 3160 912 3220 que
935 3143 1008 3203 vite
1033 3142 1279 3204 conservande
1302 3146 1427 3222 optata
1451 3145 1609 3205 fomenta
1632 3133 1767 3203 minis·'

418 3252 524 3322 trant,
565 3250 625 3327 qui
650 3249 746 3310 solus
770 3248 835 3309 hec
859 3249 982 3321 nescit,
1022 3249 1090 3309 nisi
1114 3249 1270 3310 audierit
1293 3268 1316 3309 a
1338 3250 1473 3322 bestiis,
1513 3253 1576 3310 aut
1598 3249 1753 3328 philoso-

418 3356 563 3435 phando
587 3357 680 3435 legat
704 3357 820 3416 doctis
845 3355 1014 3427 inlibris,
1052 3356 1110 3416 vel
1133 3356 1293 3417 infelices
1327 3375 1430 3418 casus
1468 3357 1647 3418 sodalium
1672 3375 1752 3417 eum

418 3462 569 3524 iecerint
591 3463 753 3523 veritatis
790 3465 984 3541 expertum.
1025 3462 1153 3524 Pocius
1190 3475 1273 3541 ergo
1297 3462 1465 3524 videntur
1499 3481 1577 3525 esse
1604 3464 1753 3524 vitanda

419 3570 632 3632 commercia
655 3570 791 3630 cunctis
814 3569 979 3640 indoctis,
1017 3587 1126 3647 qnam
1160 3569 1226 3630 hec
1251 3569 1417 3631 doctrina
1451 3569 1651 3632 artificibus
1676 3570 1752 3630 uni·

418 3677 541 3738 versis.
565 3674 661 3738 Ecce
685 3676 769 3754 quia
791 3676 964 3756 precipue
987 3675 1221 3754 triumphales
1246 3694 1351 3738 arcus
1375 3677 1575 3756 milicieque
1595 3678 1753 3756 palmam

421 3889 632 3898 ..—-..-——-

526 4071 547 4136 ¹)
565 4073 684 4125 Vmon.
707 4073 807 4141 Georg
825 4074 846 4137 1,
864 4073 927 4126 351.

738 4175 840 4230 «Atque
854 4177 912 4218 haec
927 4178 955 4218 ut
970 4175 1041 4218 certis
1057 4176 1179 4228 possimus
1193 4175 1287 4217 discen
1301 4175 1383 4227 signis,

738 4247 881 4301 Aestusque,
896 4247 1048 4301 pluviasque,
1063 4250 1087 4289 et
1100 4249 1198 4299 agentes
1213 4247 1304 4299 frigora
1318 4248 1406 4288 ventos
1415 4260 1434 4288 »,

527 4348 547 4414 “·’)
566 4350 685 4404 LUCAN.
704 4351 845 4402 Pharsnl.
865 4349 900 4401 V.

527 4437 547 4504 ³)
566 4437 634 4492 Ter.
653 4439 775 4491 Varron
800 4440 883 4491 avait
909 4453 948 4491 en
974 4438 1049 4491 effet
1074 4439 1219 4506 compose
1241 4440 1298 4491 des
1315 4439 1426 4490 Ltbros
1444 4438 1577 4491 navales.
1614 4436 1692 4490 Mais
1710 4436 1749 4487 ils

420 4531 489 4582 sont
514 4530 637 4596 perdus.
662 4530 710 4581 Au
727 4529 842 4596 Moyen
861 4528 925 4595 Age
943 4529 1020 4580 Jean
1039 4528 1078 4580 de
1098 4528 1259 4596 Salisbury
1285 4542 1324 4580 en
1348 4527 1405 4579 fait
1430 4528 1567 4580 mention
1591 4526 1669 4579 dans
1694 4540 1751 4578 son

420 4619 630 4685 Polycraticus
648 4617 683 4680 11,
702 4628 720 4669 1.
739 4616 787 4669 De
806 4632 862 4670 son
881 4619 958 4680 cote,
971 4618 1115 4684 vegetius
1133 4619 1327 4684 anparavant
1345 4617 1414 4670 leur
1432 4617 1515 4669 avait
1533 4616 1589 4668 fait
1607 4616 1648 4668 de
1665 4631 1750 4667 nom·

419 4710 518 4761 breux
537 4709 696 4774 emprunts
722 4708 800 4759 dans
819 4706 849 4758 le
867 4707 993 4758 dernier
1018 4708 1097 4759 livre
1116 4707 1156 4758 de
1174 4722 1232 4758 son
1250 4707 1341 4759 traite
1363 4708 1401 4759 de
1419 4707 1466 4763 Re
1484 4707 1616 4757 militari.
1652 4705 1677 4756 ΙΙ
1695 4703 1751 4756 fait

419 4799 527 4865 l'eloge
545 4798 585 4849 de
604 4799 653 4850 cet
671 4806 808 4866 ouvrage
826 4796 867 4847 de
885 4797 1006 4849 Varron
1026 4811 1064 4848 au
1080 4796 1160 4847 livre
1179 4797 1213 4859 V,
1233 4796 1319 4863 chap.
1339 4796 1352 4847 1
1370 4795 1414 4848 du
1430 4796 1531 4846 meme
1549 4794 1650 4847 traite.
1669 4793 1751 4845 C’est

419 4889 519 4939 meme
538 4887 557 4939 ὲ
575 4903 611 4939 ce
629 4897 758 4955 passage
778 4902 838 4954 que
857 4902 890 4938 se
908 4885 1011 4938 refere
1030 4885 1189 4937 Dominici.
1227 4884 1271 4938 Cf.
1287 4885 1455 4947 VEGETIUS,
1480 4886 1527 4936 De
1545 4884 1592 4941 Re
1611 4883 1751 4945 Militari,

420 4977 492 5029 edit.
511 4976 700 5029 stewechius
721 4977 798 5029 1607.

527 5065 548 5130 ⁴)
567 5065 611 5118 Cf.
629 5081 709 5133 pour
725 5067 791 5118 tout
809 5079 845 5118 ce
864 5072 993 5132 passage
1011 5063 1093 5116 JEAN
1111 5073 1153 5114 DE
1172 5063 1356 5126 SALISBURY,
1375 5063 1526 5127 Polycrat.
1543 5062 1579 5123 Il,
1598 5076 1664 5127 cap.
1683 5070 1713 5112 1L

527 5152 548 5221 r)
567 5157 650 5207 PLIN.
670 5157 748 5206 Hist.
767 5155 840 5207 Nat.
861 5154 897 5218 X,
916 5169 981 5221 cap.
1000 5153 1036 5206 69
1056 5169 1100 5218 sq.
