4300 6117
466 895 509 959 82
968 907 1127 962 Lucum
1149 906 1289 961 uocrrs

460 1129 609 1190 istarum
625 1131 856 1210 suscepcione
870 1135 884 1165 ²
899 1132 1105 1210 potiturus»
1120 1128 1140 1192 ¹.
1169 1129 1460 1192 Policraticus
1484 1149 1571 1192 vero
1581 1132 1630 1192 ad
1638 1131 1735 1192 idem
1744 1131 1799 1193 sic

458 1237 599 1298 scribit:
627 1236 824 1299 «Romanos
848 1238 1084 1317 imperatores
1107 1240 1174 1298 aut
1192 1237 1313 1310 duces,
1337 1238 1424 1299 dum
1440 1256 1563 1299 eorum
1579 1256 1636 1299 res
1652 1239 1799 1318 publica

458 1343 578 1423 viguit,
603 1343 807 1406 illitteratos
832 1345 990 1406 extitisse
1015 1364 1087 1406 non
1110 1345 1264 1406 memini.
1306 1343 1354 1405 Et
1374 1345 1494 1406 nescio
1519 1346 1698 1423 quomodo
1715 1364 1798 1406 con·

459 1450 546 1530 tigit,
584 1451 682 1529 quod
705 1470 748 1512 ex
771 1470 843 1530 quo
867 1453 903 1512 in
926 1452 1149 1531 principibus
1175 1452 1290 1512 virtus
1315 1451 1472 1530 elanguit
1494 1453 1704 1522 litterarum,
1742 1471 1797 1513 ar·

459 1560 555 1618 mate
579 1575 721 1636 quoque
744 1559 874 1620 milicie
897 1557 1079 1620 infirmata
1103 1560 1158 1620 est
1184 1577 1314 1620 manus
1354 1561 1389 1620 et
1416 1559 1528 1639 ipsius
1562 1557 1796 1639 principatus,

462 1665 566 1744 quasi
588 1666 730 1743 precisa
753 1666 883 1726 radix»
900 1665 920 1726 ²².

413 1768 443 1831 6.
571 1770 666 1856 Quid
700 1791 765 1851 per
800 1773 937 1853 singula
974 1771 1123 1835 moror?
1173 1771 1252 1834 Non
1287 1773 1392 1833 decet
1427 1771 1614 1833 Palladem
1647 1776 1798 1852 propter

460 1875 614 1939 Martem
647 1879 766 1957 preire
800 1880 995 1940 maritumi
1041 1879 1186 1940 Penitus
1218 1879 1351 1940 inutilis
1388 1883 1443 1940 est
1472 1879 1642 1950 medicus,
1677 1899 1797 1961 ymmo

459 2003 575 2064 neque
598 1986 767 2058 medicus,
792 1986 949 2066 phisicus
972 1987 1030 2047 vel
1054 1979 1266 2066 cerusigusb
1296 1987 1566 2065 nuncupandus,
1597 2004 1702 2064 quem
1725 2005 1797 2048 non

458 2091 548 2153 aluit
582 2094 618 2153 et
641 2093 677 2152 in
699 2094 815 2153 virum
848 2091 1049 2173 perlectum
1072 2093 1243 2173 provexit
1266 2093 1481 2171 simplicium
1506 2093 1797 2173 compositorum·

460 2217 529 2277 que
553 2200 775 2261 terrestrium
810 2200 914 2260 simul
937 2203 974 2261 et
997 2201 1185 2262 celestium
1219 2200 1328 2261 docta
1350 2200 1493 2260 noticia.
1531 2198 1599 2261 Hic
1624 2200 1727 2271 enim,
1764 2201 1798 2261 si

458 2306 505 2367 sit
527 2304 646 2367 tidelis
670 2309 705 2367 et
728 2307 896 2386 prudens,
922 2309 977 2368 est
999 2307 1125 2368 salutis
1149 2305 1288 2377 artifex,
1315 2309 1531 2385 procurator
1553 2306 1635 2379 vite,
1670 2307 1796 2368 mortis

460 2412 699 2485 adversarius,
724 2413 885 2475 minister
901 2414 1074 2484 sanitatis,
1100 2414 1272 2494 ymitator
1288 2411 1364 2484 Dei,
1389 2416 1429 2475 ut
1445 2414 1543 2493 quod
1558 2412 1619 2474 ille
1636 2414 1794 2485 contulit,

460 2519 527 2580 iste
551 2509 564 2602 Η
592 2538 806 2581 conservare
828 2524 1006 2600 procuret.
1046 2520 1231 2582 Medicina
1256 2521 1349 2581 enim
1373 2539 1394 2580 a
1417 2518 1568 2581 Domino
1592 2519 1678 2591 Deo,
1703 2523 1796 2582 teste

459 2645 562 2688 sacro
587 2627 738 2705 eloquio,
776 2630 812 2688 et
832 2627 890 2688 vir
912 2627 1070 2707 prudens
1102 2646 1175 2688 non
1199 2629 1427 2706 contempnet
1451 2645 1550 2688 eam:
1590 2626 1795 2689 Altissimus

460 2734 552 2794 enim
587 2734 633 2795 de
656 2737 754 2795 terra
778 2735 915 2795 creavit
951 2735 1168 2795 medicinam
1180 2732 1201 2795 ³.
1249 2733 1322 2795 Sed
1358 2738 1530 2812 quantum
1565 2734 1723 2814 prodest,
1763 2735 1795 2794 si

458 2839 567 2901 tuerit
588 2842 734 2919 peritus,
774 2844 911 2902 tantum
934 2843 1118 2921 magisque
1153 2842 1257 2921 longe
1292 2841 1396 2902 obest
1433 2842 1463 2902 si
1498 2840 1606 2902 tuerit
1629 2841 1794 2920 ignarus!

460 2945 554 3031 Quot
577 2966 683 3009 sanos
706 2945 842 3009 iaciunt
866 2949 1029 3028 egrotari,
1048 2950 1084 3009 et
1107 2951 1248 3027 egrotos
1271 2948 1450 3020 occidunt,
1476 2949 1508 3008 si
1531 2949 1629 3009 iuxta
1653 2945 1795 3008 Galieni

459 3055 659 3116 doctrinam
682 3056 845 3116 nesciunt
869 3056 1027 3117 curando
1044 3073 1189 3134 semper
1212 3055 1349 3133 aliquid
1366 3055 1526 3116 tribuere
1542 3055 1686 3135 regioni,
1711 3073 1794 3115 con-

460 3162 640 3222 suetudini
675 3164 711 3223 et
744 3163 840 3234 etati,
879 3164 915 3223 et
937 3163 968 3222 si
991 3162 1154 3224 nesciunt
1190 3162 1453 3241 complexiones
1492 3163 1605 3223 eciam
1638 3161 1794 3241 particu-

459 3269 588 3329 larium
611 3269 793 3349 regionum
809 3271 964 3341 naturas,
990 3269 1085 3330 vires
1102 3268 1409 3338 consuetudinum,
1437 3269 1655 3348 singulorum
1670 3286 1794 3329 ascen-

461 3375 597 3447 dencia,
615 3376 784 3456 syderum
800 3379 925 3448 motus,
947 3377 1126 3438 staciones
1142 3376 1368 3456 planetarum
1386 3378 1422 3436 et
1438 3394 1562 3437 eorum
1578 3373 1792 3454 respectus⁴‚

461 3486 500 3544 ut
523 3482 569 3543 de
592 3482 737 3561 phisicis
761 3483 894 3555 sileam,
920 3483 1093 3561 equibus
1122 3482 1371 3562 principaliter
1412 3483 1634 3543 denominari
1666 3484 1794 3561 putan-

461 3592 529 3650 tur.
565 3588 677 3651 Nemo
701 3591 794 3650 enim
817 3591 960 3670 sapiens
984 3590 1200 3651 adversatur
1223 3590 1310 3668 quin
1334 3589 1402 3650 celi
1426 3588 1579 3650 influant
1602 3590 1639 3648 in
1662 3567 1793 3668 corpus

460 3696 661 3768 humanum,
702 3696 799 3775 quod
830 3697 945 3758 solum
982 3696 1131 3758 medicis
1170 3697 1279 3757 datur
1317 3695 1523 3765 curandum,
1562 3695 1638 3756 Deo
1673 3695 1795 3756 anima

461 3807 654 3875 reservata,
695 3804 789 3864 omni
812 3804 988 3864 materiali
1013 3804 1090 3864 celo
1115 3804 1251 3865 maiori.
1277 3802 1364 3863 Cum
1394 3803 1501 3882 igitur
1523 3821 1613 3863 unus
1637 3804 1673 3863 et
1696 3802 1794 3863 idem

461 3928 526 3990 pro
550 3911 726 3971 varietate
750 3913 893 3982 etatum,
921 3911 1192 3990 conplexionum
1216 3913 1252 3971 et
1275 3909 1531 3971 exerciciorum
1547 3913 1656 3988 atque
1680 3909 1794 3988 regio·

461 4035 544 4078 num
567 4017 768 4080 mutacione
792 4017 985 4079 dominium
1007 4019 1130 4088 mutet,
1155 4035 1302 4078 necesse
1327 4019 1382 4077 est
1406 4017 1584 4077 medicum
1612 4014 1704 4077 scire
1728 4012 1792 4076 Sa·

460 4126 604 4184 turnum
627 4122 793 4203 frigidum
817 4143 896 4185 esse
919 4125 1136 4202 senibusque
1160 4126 1196 4185 et
1219 4124 1266 4185 ob
1289 4123 1357 4184 hoc
1380 4124 1555 4194 nocivum,
1586 4122 1793 4201 habereque

460 4345 672 4353 ——--—

566 4489 598 4548 α)
620 4513 649 4522 -
669 4485 832 4552 potiturus.
870 4487 901 4548 b)
921 4501 955 4531 =
974 4485 1171 4552 chirurgicus.

568 4625 588 4694 ¹)
607 4629 641 4680 A.
655 4628 750 4681 GELL.
768 4628 856 4680 Noet.
869 4628 960 4680 Attio.
973 4627 1023 4686 1x,
1036 4637 1076 4678 111.
1098 4627 1278 4694 Cependant
1296 4627 1369 4680 c'est
1388 4641 1427 4679 an
1440 4627 1658 4692 Polycrattous,
1675 4627 1726 4680 lib.
1741 4627 1793 4692 w,

459 4733 525 4785 cap.
545 4727 586 4781 v1,
604 4732 665 4783 qne
683 4717 834 4769 Dominici
853 4733 871 4770 a
890 4717 1053 4783 emprnnte'
1071 4716 1277 4770 directement
1294 4730 1329 4768 sa
1348 4715 1481 4768 citation.

568 4805 683 4872 ²)1bid.

567 4893 588 4961 l)
606 4897 700 4948 Eccu.
720 4905 851 4958 xxxvm,
869 4896 894 4947 4.

566 4983 587 5048 ⁴)
612 4985 728 5048 C’e'tait,
759 5000 799 5037 en
823 4983 907 5047 ettet,
938 4999 1000 5036 nne
1026 4983 1168 5035 doctrine
1194 4997 1287 5048 reene
1313 4997 1373 5049 qne
1398 4981 1573 5034 l'inssnence
1598 4981 1655 5034 des
1681 4982 1792 5044 astres,

459 5075 576 5127 directe
594 5090 646 5126 sur
664 5076 695 5126 le
713 5088 804 5141 corps
822 5076 853 5126 et
871 5073 1021 5126 indirecte
1040 5087 1093 5125 snr
1111 5072 1211 5125 l'ame.
1249 5071 1293 5124 ef.
1313 5071 1343 5124 S.
1364 5068 1508 5123 Tuom.
1539 5071 1568 5122 1⁸
1581 5068 1638 5121 11⁸2
1648 5068 1682 5142 Q.
1695 5069 1745 5132 1x,
1761 5069 1790 5122 5.

460 5163 504 5216 ef.
523 5164 607 5216 aussi
625 5163 842 5228 polycraticus,
861 5162 897 5226 11,
916 5171 979 5214 xlx.
