4300 6117
814 1043 1000 1096 IOHANNIS
1023 1043 1205 1096 DOMINICI
1657 1033 1676 1095 5

347 1266 492 1327 minima
520 1269 584 1336 est,
614 1268 677 1327 aut
699 1286 743 1328 ex
766 1270 870 1345 parte
891 1268 1045 1346 petentis
1068 1271 1178 1347 atque
1202 1266 1400 1337 scribentis,
1425 1267 1485 1345 qui
1509 1266 1678 1327 verminis

347 1373 517 1434 terminus
543 1375 606 1444 est,
636 1373 711 1435 sive
743 1376 907 1452 respectu
936 1374 1077 1436 luminis
1103 1375 1187 1437 almi
1214 1375 1264 1435 tui
1293 1375 1341 1435 ad
1368 1376 1474 1452 quem
1505 1373 1677 1452 dirigitur,

347 1479 411 1539 sed
435 1480 549 1540 eciam
580 1498 623 1541 ex
656 1483 760 1559 parte
790 1481 1102 1543 determinacionis
1126 1485 1195 1553 tue,
1235 1482 1343 1560 prout
1378 1481 1572 1558 exequitur,
1596 1479 1678 1539 huic

345 1586 515 1647 tractatui
541 1584 720 1648 Lucula
745 1586 913 1651 Noctis
937 1593 1087 1651 nomen²
1111 1589 1313 1667 imponitur.
1352 1586 1476 1665 Neque
1500 1605 1582 1648 reor
1598 1605 1679 1647 con·

345 1693 551 1754 veniencins
573 1711 680 1772 posse
712 1712 769 1755 res
794 1695 979 1766 nominari,
1016 1696 1102 1774 quia
1132 1714 1212 1757 cum
1236 1713 1343 1756 cause
1364 1694 1502 1774 plenius
1525 1694 1563 1753 in
1592 1694 1679 1772 ipsis

346 1799 547 1860 nominibus
578 1801 843 1862 includanturb.
890 1800 957 1863 Est
981 1821 1110 1881 nempe
1134 1803 1232 1881 apud
1254 1801 1431 1863 Isidorum
1454 1819 1583 1862 nomen
1606 1801 1679 1861 dic·

346 1908 419 1966 tum
448 1907 553 1984 quasi
583 1907 711 1968 mentis
740 1910 907 1969 notamen
919 1907 939 1969 ¹.
987 1907 1147 1989 Cogitavi
1174 1911 1340 1990 preterea
1374 1927 1491 1969 meum
1518 1927 1590 1969 non
1618 1926 1679 1987 ap·

345 2030 480 2091 ponere
504 2031 641 2087 nomen,
665 2033 737 2076 non
762 2015 877 2076 solum
898 2016 1142 2095 ignoranciam
1166 2016 1348 2095 propriam
1369 2014 1589 2085 horrescens,
1614 2015 1680 2076 sed

345 2138 390 2179 ne
420 2121 612 2199 utcumque
638 2121 728 2182 lucis
757 2122 1006 2183 scintillulamc
1036 2124 1212 2184 velamine
1240 2141 1317 2183 mee
1349 2122 1588 2201 opposicionis
1622 2140 1679 2183 oc·

347 2226 486 2286 cultem.
533 2226 675 2288 Patitur
708 2229 802 2289 enim
832 2230 1023 2291 maximum
1056 2247 1186 2309 corpus
1217 2230 1301 2290 solis
1340 2230 1500 2309 eclipsim
1537 2229 1679 2290 obiectu

347 2333 437 2393 tetre
461 2334 564 2393 molis
588 2334 741 2395 minime.

452 2438 563 2518 Igitur
588 2443 662 2502 'sub
685 2442 790 2502 nnius
814 2441 1008 2520 questionis
1045 2442 1148 2503 titulo
1175 2442 1333 2521 pandam
1361 2443 1449 2521 quid
1481 2443 1611 2504 sentiat
1634 2443 1679 2503 de
1738 2460 1742 2468 ·

346 2564 385 2606 re
405 2548 665 2625 pertractanda
687 2548 796 2610 hebes
820 2549 915 2610 acies
939 2568 1017 2610 mee
1039 2549 1197 2609 invalide
1219 2550 1356 2610 mentis.

347 2768 557 2779 —-....

450 2957 483 3017 a)
502 2970 537 3000 =
555 2954 687 3008 nomine.
725 2957 756 3020 b)
775 2974 810 3003 :
827 2956 1036 3009 includuntur.
1073 2959 1102 3019 c)
1122 2972 1155 3001 ε
1175 2955 1347 3007 scintillam.

345 3124 429 3175 retur
456 3124 615 3176 hominem
641 3128 824 3192 occupatum
850 3140 1036 3192 semperque
1064 3125 1266 3177 sanctissimis
1303 3125 1455 3178 intentum
1483 3126 1594 3189 rebus;
1627 3127 1680 3178 aut

345 3212 426 3263 enim
444 3213 589 3278 predicas
608 3214 731 3280 populis
749 3216 881 3268 verbum
893 3215 961 3278 Dei,
980 3216 1033 3267 aut
1052 3215 1140 3268 audis
1161 3216 1192 3267 et
1210 3215 1359 3267 admones
1378 3214 1459 3267 intra
1478 3214 1679 3268 confessionis

343 3301 517 3365 penetralia
536 3304 725 3367 peccatores,
743 3307 796 3356 aut
819 3318 912 3356 orans
938 3319 1009 3356 cum
1036 3303 1168 3356 Domino
1194 3303 1354 3367 tabularis,
1380 3305 1432 3356 aut
1457 3304 1564 3371 legens
1591 3304 1679 3357 andis

345 3387 511 3442 Dominum
531 3390 775 3458 quidloqmtnr,
794 3392 898 3445 autin
917 3393 1123 3445 admiratione
1142 3395 1173 3445 el
1192 3394 1280 3459 quasi
1308 3408 1401 3459 supra
1420 3395 1514 3446 temet
1542 3394 1680 3458 evolans,

343 3479 613 3544 contemplationis
643 3482 786 3546 pennulis
816 3482 968 3545 elevaris;
1005 3484 1188 3548 occupatum
1212 3482 1375 3545 hominem,
1403 3481 1538 3548 inquam,
1566 3483 1680 3549 vixque

342 3566 440 3631 quieti
458 3569 489 3621 el
507 3568 653 3621 alimonie
670 3570 792 3637 tempus
811 3570 1023 3623 necessarium
1055 3571 1138 3637 qnod
1163 3571 1325 3637 impendas
1347 3571 1523 3634 habentem,
1548 3585 1605 3637 pro
1627 3572 1680 3623 de·

339 3655 560 3709 terminatione
578 3658 670 3710 unius
689 3659 904 3725 questiuncule
924 3661 1044 3712 tantum
1059 3662 1091 3712 ei
1118 3659 1181 3711 tale
1205 3660 1352 3712 volumen
1377 3660 1471 3713 edere
1492 3661 1628 3727 potuisse
1640 3660 1677 3711 i»

340 3742 386 3795 cf.
409 3744 607 3812 EpistolarlO,
626 3748 736 3799 Ill-11².
753 3763 782 3814 p.
801 3748 928 3803 210·211.

452 3831 473 3896 ¹)
492 3833 564 3886 ism.
593 3837 731 3901 Etymol.
759 3838 781 3900 1,
799 3846 852 3901 vll,
872 3838 897 3890 1.
928 3838 964 3889 In
984 3836 1134 3905 0per.111,
1154 3837 1196 3890 82.
