4300 6117
844 1023 1031 1078 IOHANNIS
1054 1024 1235 1078 DOMINICI
1640 1014 1704 1078 163

368 1245 542 1309 iecerunt.
574 1245 772 1308 Noluerunt
796 1248 889 1308 enim
912 1247 1022 1327 prisci
1045 1247 1335 1327 viriquidquam
1369 1248 1405 1308 in
1439 1266 1588 1310 romana
1611 1267 1707 1310 asse·

369 1355 492 1416 verari
516 1354 670 1426 civItate,
697 1372 767 1432 quo
791 1355 900 1415 animi
922 1354 1104 1415 hominum
1126 1375 1148 1416 a
1172 1356 1322 1416 deorum
1346 1355 1443 1416 cultu
1459 1359 1707 1417 avocarentur.

371 1459 419 1523 Et
441 1462 584 1522 nuncin
608 1461 755 1522 dubium
778 1462 931 1522 vertitur
953 1479 1000 1522 an
1014 1460 1193 1540 Xpistiani
1210 1463 1325 1524 averti
1341 1463 1498 1523 debeant
1509 1481 1531 1523 a
1546 1464 1708 1542 grecanis

374 1569 486 1630 literis
524 1568 569 1629 de
606 1568 721 1630 turbis
759 1568 909 1630 deorum
947 1569 1158 1649 agentibus!
1198 1567 1255 1630 Illi
1285 1572 1476 1631 evaserunt
1513 1570 1709 1649 reipublice

371 1679 495 1755 patres
520 1679 555 1737 et
578 1676 698 1737 mariti
722 1675 893 1753 quamdiu
914 1688 1101 1755 grecorum
1124 1676 1253 1738 litteris
1279 1679 1495 1738 caruerunt:
1520 1680 1556 1738 et
1586 1695 1709 1756 respu-

372 1782 468 1844 blica
490 1781 760 1861 Xpistianorum
784 1801 854 1843 non
878 1782 1038 1844 creditur
1061 1784 1154 1845 bene
1176 1802 1284 1862 posse
1308 1783 1498 1856 moderari,
1527 1783 1594 1844 nisi
1626 1780 1709 1845 Tul·

371 1890 440 1951 lius
464 1891 633 1968 loquatur
654 1891 691 1950 in
723 1908 766 1952 ea
797 1893 833 1951 et
862 1887 1032 1969 Virgilius
1064 1891 1200 1951 nutriat
1229 1891 1495 1969 principandos,
1526 1891 1594 1952 nisi
1618 1892 1708 1969 quis,

372 1997 521 2058 clamosi
545 1998 689 2059 rabiosa
713 1997 783 2058 lori
805 1997 919 2076 iurgia
934 1996 1103 2070 vendens,
1126 1998 1320 2077 improbus,
1342 1997 1415 2058 iras
1430 1998 1499 2058 scit
1513 1998 1575 2076 qui
1596 1999 1709 2059 verba

374 2103 520 2166 locetl»

482 2209 586 2272 Certe
609 2209 862 2273 Lacedemonii
885 2211 997 2272 libros
1013 2209 1220 2273 Archilochi
1241 2230 1261 2273 e
1288 2212 1433 2273 civitate
1448 2230 1514 2273 sua
1530 2213 1709 2291 asportari
1727 2210 1779 2271 12.

372 2317 562 2388 iusserunt,
592 2319 677 2397 quia
701 2336 824 2380 eorum
846 2335 975 2397 parum
998 2318 1240 2379 verecundam
1262 2336 1306 2379 ac
1329 2319 1498 2397 pudicam
1520 2319 1709 2380 lectionem

374 2425 654 2486 arbitrabantur.
681 2423 879 2485 Noluerunt
892 2425 984 2485 enim
1001 2442 1044 2485 ea
1060 2425 1256 2486 liberorum
1272 2444 1417 2486 suorum
1434 2427 1570 2488 animos
1586 2426 1708 2497 imbui,

373 2550 418 2593 ne
442 2531 522 2611 plus
547 2532 705 2593 moribus
730 2535 885 2603 noceret,
918 2549 1026 2610 quam
1049 2532 1198 2611 ingeniis
1223 2532 1421 2610 prodesset,
1454 2536 1490 2594 et
1512 2533 1674 2594 exsulare
1696 2535 1710 2566 ¹

375 2641 459 2700 tunc
483 2638 686 2718 compulsus
712 2641 766 2700 est
788 2639 961 2700 maximus
985 2642 1103 2717 poeta,
1128 2641 1191 2699 aut
1214 2656 1305 2718 pene
1329 2640 1502 2700 maximus
1521 2637 1569 2700 »¹.
1595 2638 1710 2724 Quam

374 2747 514 2807 famosa
537 2749 572 2807 et
602 2745 794 2806 laudabilis
827 2746 927 2825 apud
960 2746 1099 2824 priscos
1130 2746 1200 2806 ista
1235 2747 1444 2825 responsio!
1479 2746 1583 2808 Plato
1618 2748 1711 2808 enim

379 2852 600 2913 ethnicorum
637 2853 741 2913 iubar
776 2870 966 2914 coruscans
1001 2871 1023 2912 a
1058 2853 1252 2931 republica,
1289 2871 1397 2931 quam
1432 2853 1567 2914 diserto
1602 2857 1711 2933 atque

376 2957 533 3020 facundo
558 2959 640 3021 stilo
664 2959 864 3037 descripsit,
891 2960 1028 3020 censuit
1052 2959 1239 3037 pellendos
1272 2962 1398 3039 poetas
1409 2958 1430 3031 2',
1456 2979 1499 3021 ac
1532 2979 1576 3021 ne
1609 2963 1711 3040 puta·

379 3069 479 3127 retur
502 3066 724 3127 solummodo
749 3067 904 3128 comicos
934 3066 1201 3145 proscripsisse,
1231 3069 1271 3127 ut
1304 3067 1452 3144 quidam
1474 3067 1652 3146 parciales
1675 3068 1712 3127 in

379 3171 477 3234 iacto
501 3171 695 3234 defendere
710 3176 869 3252 pugnant
879 3170 900 3244 ³,
925 3173 1130 3252 specialiter
1146 3173 1387 3234 honestiorem
1403 3192 1446 3235 ex
1461 3175 1617 3235 omnium
1628 3193 1711 3253 poe·

377 3281 495 3340 tarum
521 3282 668 3340 caterva
691 3277 886 3341 Homerum
907 3281 1033 3341 emisit.
1051 3313 1094 3320 —-
1110 3278 1348 3342 Athenienses
1368 3298 1510 3360 quoque
1527 3281 1711 3342 studiosis·

379 3387 456 3446 simi
480 3387 548 3446 viri
573 3387 799 3465 cultoresque
822 3387 949 3465 patrie,
975 3387 1122 3447 decreto
1149 3387 1304 3465 publico,
1329 3387 1488 3466 sophiste
1518 3387 1712 3468 Protagore

375 3493 487 3554 libros
511 3494 591 3573 igne
615 3497 828 3564 cremarunt,
851 3494 944 3554 sicut
966 3491 1144 3554 Eusebius
1170 3493 1292 3555 tradit.
1312 3527 1349 3535 —
1364 3490 1530 3555 Tiberius
1545 3498 1711 3573 preterea

379 3597 488 3661 Cesar
513 3600 702 3680 Augustus,
728 3601 925 3679 reipublice
943 3601 1088 3662 caucius
1106 3601 1304 3671 consulens,
1318 3601 1518 3682 hystoricos
1535 3604 1570 3662 et
1586 3605 1711 3681 poetas

377 3708 491 3768 eciam
530 3707 725 3769 crudeliter
764 3707 852 3768 inxit
875 3707 1002 3778 occidi,
1026 3708 1119 3769 sicut
1143 3711 1267 3769 narrat
1290 3705 1567 3769 Vincencius
1591 3711 1713 3770 noster

378 3813 498 3874 libro
514 3811 1139 3892 VillHistorialisOperis‚
1165 3815 1322 3893 capitulo
1338 3813 1714 3877 secundo⁴.—Miror

378 4031 589 4048 ——ssss

486 4223 518 4282 a)
538 4235 571 4264 Ξ
591 4219 739 4272 exularet.

487 4393 507 4460 ¹)
526 4395 571 4448 Ct.
588 4395 665 4448 VAL.
677 4397 763 4449 MAx.
777 4397 825 4460 VI,
840 4396 889 4460 III,
905 4399 942 4449 de
956 4395 1131 4459 Severitate,
1147 4399 1207 4450 ext.
1223 4397 1247 4448 1.
1265 4395 1417 4449 Dominici
1429 4397 1558 4450 s‘ecarte
1570 4399 1613 4450 du
1630 4399 1715 4450 texte

377 4485 456 4537 dans
475 4486 505 4537 la
518 4486 652 4538 seconde
663 4486 771 4552 partie.
791 4485 834 4539 Le
847 4485 931 4539 texte
946 4487 1067 4539 donne:
1089 4505 1101 4529 ‹
1114 4486 1221 4553 Itaque
1237 4487 1404 4538 maximum
1418 4487 1551 4552 poetam,
1565 4488 1617 4538 aut
1629 4489 1714 4540 certe

380 4589 500 4627 summo
527 4575 710 4640 proximum,
736 4575 806 4642 quia
832 4576 958 4628 domum
984 4575 1043 4627 sibi
1069 4576 1204 4627 Invisam
1234 4575 1377 4627 obscenis
1404 4576 1574 4628 maledictis
1598 4576 1715 4629 lacera·

379 4665 478 4725 verat,
501 4664 672 4716 carminum
698 4664 788 4717 exilio
813 4665 1016 4716 multarunt».
1053 4663 1096 4717 La
1122 4663 1276 4730 premiere
1303 4664 1404 4729 parite
1422 4665 1464 4716 du
1482 4666 1567 4718 texte
1585 4667 1634 4717 est
1652 4680 1714 4716 em·

378 4752 510 4819 pruntee
529 4768 568 4806 au
588 4753 805 4818 polycraticus,
823 4755 875 4805 lib.
888 4753 971 4815 vm,
991 4768 1057 4819 cap.
1076 4763 1106 4804 11.

487 4839 508 4907 ²)
527 4843 644 4904 PLATO,
662 4843 708 4894 De
727 4841 844 4908 Repub.
871 4842 1083 4904 Vlll,1x;ed.
1110 4842 1178 4894 Did.
1198 4843 1233 4904 ll,
1254 4843 1313 4904 160,
1334 4843 1393 4895 176.
1421 4842 1464 4895 ct.
1485 4842 1547 4895 C1c.
1575 4841 1659 4895 tusc.
1679 4842 1715 4904 II,

380 4941 414 4982 xl
432 4933 463 4983 et
481 4928 511 4983 S.
530 4930 610 4984 AUG.
629 4932 675 4983 De
697 4931 781 4983 civit.
800 4933 867 4994 Det,
888 4931 925 4992 ll,
947 4941 1010 4983 xlv.

488 5017 508 5084 3)
527 5021 668 5072 Allusion
686 5020 704 5072 a
723 5019 883 5083 BOCCACE,
902 5021 948 5071 De
969 5021 1153 5088 Genealogia
1171 5022 1304 5072 deorum.
1322 5020 1400 5073 xlv.

488 5107 510 5174 ⁴)
529 5110 612 5161 Nous
638 5123 772 5177 croyons
800 5110 876 5162 utile
902 5111 941 5162 de
967 5111 1089 5162 donner
1118 5110 1157 5161 ici
1190 5111 1339 5176 quelques
1371 5109 1634 5177 renseignements
1663 5124 1717 5161 sur

382 5197 520 5251 VmcENT
539 5207 581 5249 DE
599 5197 763 5252 BEAUvMs
781 5193 800 5266 l
804 5199 973 5250 Vincentius
990 5194 1198 5267 BurgundusJ,
1222 5199 1335 5265 auquel
1361 5200 1430 5251 tous
1455 5199 1502 5250 les
1527 5200 1652 5251 auteurs
1675 5198 1716 5252 de

380 5290 461 5340 cette
480 5289 601 5354 epoque
620 5289 674 5340 ont
691 5285 747 5340 tait
766 5287 806 5341 de
825 5287 851 5339 si
871 5287 973 5356 larges
993 5290 1162 5354 emprnnts,
1182 5301 1256 5340 sans
1274 5288 1429 5341 d'ailleurs
1441 5289 1580 5355 toujours
1594 5289 1624 5340 le
1639 5287 1715 5340 dire.
