4300 6117
864 944 1051 998 IOHANNIS
1074 944 1256 997 DOMINICI
1664 933 1728 997 317

506 1166 701 1248 Perpaucis
724 1186 814 1247 opus
839 1170 910 1230 est:
934 1168 1116 1230 salubrior
1145 1169 1199 1230 est
1214 1167 1401 1233 vulnerum
1421 1167 1531 1229 tersio
1560 1165 1729 1246 frequens
1744 1166 1777 1228 9.

396 1294 418 1336 a
434 1276 534 1337 sanie
553 1274 727 1337 defluenti
744 1276 905 1354 quolibet
920 1266 1129 1355 ung[u]ento
1146 1275 1285 1347 creato;
1309 1274 1509 1353 perfeccius
1526 1278 1632 1336 sanat
1649 1292 1729 1336 cum

395 1382 565 1462 regimine
589 1382 712 1444 debito
736 1382 944 1443 continuata
968 1382 1076 1452 dieta,
1103 1400 1211 1460 qnam
1234 1381 1388 1460 quodvis
1411 1382 1529 1443 larina
1553 1400 1633 1443 cum
1657 1383 1729 1443 dis·

394 1490 609 1569 ponentibus
643 1492 886 1569 preparatum.
924 1488 1031 1551 Adde
1055 1488 1153 1568 quod
1177 1488 1358 1550 hominum
1380 1490 1530 1561 amator,
1555 1486 1662 1560 Deus,
1691 1493 1729 1551 et

395 1597 586 1676 presertim
608 1596 778 1669 fidelium,
816 1596 877 1675 qui
901 1598 1006 1658 sanat
1029 1595 1190 1657 homines
1214 1599 1250 1657 et
1272 1596 1431 1657 iumenta
1441 1593 1462 1668 ¹,
1488 1599 1524 1657 et
1547 1596 1584 1656 in
1608 1614 1729 1661 neces·

395 1704 500 1765 sariis
524 1703 681 1766 deficere
705 1704 828 1775 nescit,
864 1703 1073 1783 provideret
1097 1702 1266 1764 habunde
1290 1702 1487 1765 cultoribus
1516 1703 1599 1776 suis,
1637 1704 1730 1765 sicut

395 1808 492 1873 iacta
515 1812 703 1873 testantur.
740 1808 888 1872 Divinos
911 1810 1014 1873 dedit
1038 1809 1205 1889 Apolline
1228 1810 1402 1889 pociores,
1433 1810 1588 1871 tradidit
1611 1827 1729 1889 empe-

395 1918 498 1988 ricos,
525 1935 615 1996 quos
631 1936 703 1980 non
725 1918 843 1996 potuit
860 1916 1074 1996 Esculapius
1090 1917 1244 1997 ymitari,
1268 1917 1402 1996 logicos
1418 1917 1504 1979 lecit
1525 1918 1601 1979 sive
1616 1919 1729 1979 racio·

396 2025 505 2096 nales,
542 2043 693 2103 quorum
715 2024 905 2104 limpitudo
933 2024 1039 2086 latuit
1061 2022 1293 2103 Ypocratem.
1330 2019 1452 2086 Taceo
1475 2024 1521 2086 de
1546 2024 1729 2104 Apostolis

396 2132 509 2193 eciam
525 2132 817 2193 vestimentorum
842 2132 976 2193 umbris
1001 2130 1190 2211 languidos
1212 2132 1364 2210 pristine
1384 2132 1530 2193 sanitati
1548 2131 1730 2194 reddenti·

395 2240 462 2300 bus
474 2237 545 2300 ².-
556 2237 719 2319 Agathen
730 2241 898 2316 pretereo
914 2238 1109 2299 dicentem:
1126 2235 1372 2300 «Medicinam
1388 2239 1570 2300 carnalem
1587 2240 1730 2317 corpori

394 2363 474 2407 meo
497 2364 679 2424 nunquam
703 2345 854 2417 exhibui,
880 2345 945 2406 sed
968 2344 1086 2406 habeo
1101 2343 1292 2407 Dominum
1308 2343 1449 2406 Ihesum
1464 2344 1643 2424 Xpistum‚
1669 2347 1731 2425 qui

395 2453 473 2515 solo
488 2453 600 2514 verbo
616 2454 797 2514 restaurat
815 2452 982 2513 universa
995 2450 1038 2513 rt.
1054 2482 1095 2493 —
1109 2450 1296 2514 Barnabas
1308 2452 1459 2514 obmitto
1475 2452 1547 2531 qui,
1561 2455 1731 2514 contactu

395 2558 530 2621 codicis
547 2559 751 2639 evangelici,
768 2560 914 2620 morbos
931 2559 1119 2620 universos
1135 2558 1303 2639 pellebat,
1327 2559 1489 2638 aliosque
1514 2560 1617 2631 tales,
1644 2578 1731 2639 quo·

395 2685 475 2727 rum
497 2684 569 2727 non
592 2668 647 2728 est
670 2684 848 2738 numerus,
888 2667 1044 2745 quinon
1077 2668 1193 2728 solum
1217 2668 1393 2729 curabant
1417 2669 1569 2747 egrotos,
1606 2667 1671 2728 sed
1695 2669 1730 2729 et

395 2791 499 2835 cecos
523 2774 771 2836 illuminabant
805 2776 841 2835 et
862 2774 975 2833 vitam
1011 2775 1251 2836 restituebant
1285 2772 1473 2836 defunctis.
1512 2771 1575 2835 Hii
1602 2763 1731 2837 merito

396 2883 584 2942 cessarunt
604 2900 628 2941 a
650 2881 785 2959 populo
805 2878 882 2952 Dei,
921 2881 951 2942 si
974 2879 1042 2942 Dei
1065 2881 1220 2960 populus
1243 2884 1298 2943 est
1331 2882 1542 2953 censendus,
1568 2882 1629 2960 qui
1654 2883 1731 2943 solo

395 2988 537 3049 nomine
570 2986 684 3049 Deum
707 2987 930 3049 verissimum
965 2987 1050 3049 colit
1074 2986 1252 3067 tactisque
1275 2991 1389 3069 negat,
1426 2992 1619 3068 postquam
1647 3007 1729 3067 spes

396 3095 522 3156 animis
537 3094 699 3173 reposita
715 3092 791 3156 est*
814 3095 853 3155 in
868 3094 1041 3156 doctrinis
1057 3095 1250 3173 gentilium.
1268 3127 1310 3137 -
1326 3095 1380 3158 Eo
1396 3113 1551 3175 namque
1569 3099 1733 3175 tempore

396 3204 522 3264 sancto
544 3202 692 3282 largitus
728 3204 782 3263 est
804 3199 938 3263 Lucam
969 3202 1150 3264 medicum
1184 3203 1407 3264 carissimum
1434 3201 1729 3274 Damascenum⁵,

395 3326 467 3369 non
491 3306 745 3371 Crisostomum
781 3309 982 3388 theologum
1011 3308 1339 3387 profundissimum,
1376 3307 1552 3381 Cosmam,
1588 3308 1731 3371 Damia-

340 3400 344 3413 '
396 3412 510 3488 numfl,
544 3413 824 3477 Panthaleonem
838 3412 856 3488 ⁷,
893 3415 1061 3495 milleque
1092 3417 1194 3487 tales,
1227 3417 1289 3495 qui
1311 3420 1486 3478 noverant
1511 3416 1671 3479 homines
1694 3417 1731 3477 in

396 3524 548 3601 utroque
573 3539 710 3584 curare.
734 3520 806 3585 Pro
822 3521 889 3583 hiis
905 3523 1024 3584 nautis
1048 3526 1159 3602 atque
1183 3524 1326 3585 rusticis
1351 3523 1555 3586 existimant
1571 3523 1731 3584 nonnulli

396 3628 587 3709 astrologie
611 3629 812 3691 doctrinam
829 3630 907 3691 iore
923 3629 1155 3709 querendam,
1182 3648 1289 3709 quam
1312 3630 1477 3710 ignorare
1503 3648 1650 3692 necesse
1666 3633 1730 3703 est,

395 3753 486 3815 qnos
510 3736 751 3798 arismeticam
787 3739 823 3797 et
856 3737 1088 3816 geometriam
1122 3737 1262 3798 nescire
1286 3738 1466 3817 contingit.
1509 3735 1644 3798 Contra
1666 3736 1731 3798 hos

395 3862 462 3922 per
475 3841 625 3905 Ysaiam
641 3843 776 3905 invehit
791 3840 972 3916 Dominus,
998 3843 1144 3905 dicens:
1172 3842 1373 3923 «Cognovit
1396 3845 1462 3906 bos
1485 3862 1732 3923 possessorem

504 4221 524 4286 ¹)
543 4223 588 4277 cl.
606 4224 720 4276 Psalm.
739 4222 857 4286 XXXV,
877 4224 902 4276 7.

504 4309 525 4380 ‘l
544 4314 611 4366 Act.
629 4313 665 4376 V,
685 4312 728 4366 15.

501 4400 521 4467 ³)
541 4402 585 4461 cl.
606 4400 700 4467 Ossic.
721 4400 751 4455 S.
770 4402 918 4470 Agathae,
938 4402 954 4454 5
972 4401 1063 4465 tevr,
1083 4402 1120 4454 2³
1135 4401 1206 4453 Ant.
1225 4403 1268 4453 ud
1284 4403 1416 4454 Laudes.

501 4489 523 4555 Ἰ
542 4490 702 4545 Toumure
716 4492 755 4544 de
770 4492 884 4558 phrase
896 4492 959 4545 tres
975 4490 1138 4558 trequente
1152 4491 1333 4557 emprnnte'e
1346 4490 1365 4543 i
1377 4491 1549 4554 l'Ecriture,
1567 4490 1605 4545 ci.
1619 4491 1730 4545 Iomu.

396 4581 474 4645 XIX,
492 4582 541 4645 27;
560 4584 603 4634 ud
622 4581 734 4635 coloss.
754 4581 776 4645 1,
796 4582 821 4633 5.
864 4624 868 4633 .

503 4666 524 4735 ⁶)
543 4670 574 4723 S.
595 4671 702 4733 Paul..
721 4672 763 4722 ud
782 4671 895 4724 coloss.
915 4671 965 4733 1v‚
985 4672 1028 4724 14.

502 4756 524 4824 ⁶)
541 4759 602 4811 Les
626 4760 726 4813 ireres
746 4760 857 4813 Cosme
882 4762 913 4812 et
931 4760 1062 4814 Damien
1088 4762 1264 4827 exereaient
1282 4761 1499 4829 gratuitement
1522 4762 1552 4812 la
1572 4760 1731 4813 medecine

396 4849 524 4917 itEge'e¹
543 4864 583 4901 en
602 4848 720 4911 Silicie;
745 4850 783 4902 ils
801 4850 941 4903 subirent
959 4851 988 4902 le
1006 4852 1146 4918 martyre
1162 4865 1235 4903 sous
1253 4850 1434 4904 Diocletien.
1472 4850 1519 4903 On
1538 4850 1585 4901 les
1610 4849 1673 4902 lete
1700 4850 1731 4902 le

397 4939 431 4991 27
449 4939 533 5005 Sept.
551 4939 599 4991 Au
617 4938 700 4991 xlne
718 4940 820 5000 siicle,
839 4939 861 4991 il
881 4954 902 5007 y
921 4940 1004 4992 avait
1022 4939 1101 5007 de'J'i,
1121 4954 1160 4993 en
1177 4940 1305 5002 France,
1323 4940 1353 4992 la
1374 4939 1528 4993 conirerie
1545 4941 1601 4993 des
1614 4940 1731 4991 chirur-

396 5028 489 5097 gicus,
508 5028 571 5081 dite
590 5029 629 5080 de
649 5028 867 5081 Salui-Cosme.

505 5114 524 5181 ¹)
543 5118 574 5170 S.
589 5118 782 5171 Panthaleon
800 5120 842 5170 lul
861 5118 944 5170 aussi
963 5118 1039 5171 etait
1055 5118 1205 5171 medecin.
1223 5118 1249 5169 Il
1266 5117 1314 5171 tut
1330 5119 1497 5185 martyriae
1511 5117 1530 5170 ὲ
1543 5118 1731 5181 Nicomedie,

397 5222 468 5261 sous
488 5206 610 5271 Galen,
629 5222 669 5260 en
686 5207 749 5261 ³⁰³.
768 5207 816 5261 On
834 5208 974 5261 l'honore
996 5208 1080 5260 1227
1098 5208 1208 5275 juillet.
1297 5196 1303 5207 ’
