<?xml version="1.0" encoding="UTF-8"?>
<!DOCTYPE html PUBLIC "-//W3C//DTD XHTML 1.0 Transitional//EN"
    "http://www.w3.org/TR/xhtml1/DTD/xhtml1-transitional.dtd">
<html xmlns="http://www.w3.org/1999/xhtml" xml:lang="en" lang="en">
 <head>
  <title>
</title>
<meta http-equiv="Content-Type" content="text/html;charset=utf-8" />
  <meta name='ocr-system' content='tesseract 3.04.00' />
  <meta name='ocr-capabilities' content='ocr_page ocr_carea ocr_par ocr_line ocrx_word'/>
</head>
<body>
  <div class='ocr_page' id='page_1' title='image "./luculanoctis00domigoog_0549.png"; bbox 0 0 4300 6117; ppageno 0'>
   <div class='ocr_carea' id='block_1_1' title="bbox 853 842 1737 909">
    <p class='ocr_par' dir='ltr' id='par_1_1' title="bbox 853 842 1737 909">
     <span class='ocr_line' id='line_1_1' title="bbox 853 842 1737 909; baseline -0.002 -1"><span class='ocrx_word' id='word_1_1' title='bbox 853 854 1043 909; x_wconf 84' lang='lat' dir='ltr'>IOHANNIS</span> <span class='ocrx_word' id='word_1_2' title='bbox 1064 854 1246 909; x_wconf 86' lang='lat' dir='ltr'>DOMINICI</span> <span class='ocrx_word' id='word_1_3' title='bbox 1672 842 1737 906; x_wconf 84' lang='lat'>425</span> 
     </span>
    </p>
   </div>
   <div class='ocr_carea' id='block_1_2' title="bbox 399 1079 1786 4258">
    <p class='ocr_par' dir='ltr' id='par_1_2' title="bbox 399 1079 1738 1462">
     <span class='ocr_line' id='line_1_2' title="bbox 399 1079 1737 1161; baseline -0.003 -19"><span class='ocrx_word' id='word_1_4' title='bbox 399 1081 449 1142; x_wconf 91' lang='lat' dir='ltr'>ob</span> <span class='ocrx_word' id='word_1_5' title='bbox 478 1081 623 1160; x_wconf 88' lang='lat' dir='ltr'>culpam</span> <span class='ocrx_word' id='word_1_6' title='bbox 653 1081 691 1140; x_wconf 91' lang='lat' dir='ltr'>in</span> <span class='ocrx_word' id='word_1_7' title='bbox 720 1080 909 1161; x_wconf 80' lang='lat' dir='ltr'>ergastulis</span> <span class='ocrx_word' id='word_1_8' title='bbox 940 1080 1060 1142; x_wconf 84' lang='lat' dir='ltr'>carnis</span> <span class='ocrx_word' id='word_1_9' title='bbox 1095 1081 1265 1142; x_wconf 89' lang='lat' dir='ltr'>reclusas.</span> <span class='ocrx_word' id='word_1_10' title='bbox 1310 1079 1415 1152; x_wconf 89' lang='lat' dir='ltr'>Nam,</span> <span class='ocrx_word' id='word_1_11' title='bbox 1452 1079 1482 1141; x_wconf 92' lang='lat' dir='ltr'>si</span> <span class='ocrx_word' id='word_1_12' title='bbox 1516 1080 1737 1158; x_wconf 86' lang='lat' dir='ltr'><strong>peccassent,</strong></span> 
     </span>
     <span class='ocr_line' id='line_1_3' title="bbox 402 1184 1738 1267; baseline -0.002 -18"><span class='ocrx_word' id='word_1_13' title='bbox 402 1205 585 1266; x_wconf 89' lang='lat' dir='ltr'>nunquam</span> <span class='ocrx_word' id='word_1_14' title='bbox 607 1189 787 1267; x_wconf 78' lang='lat' dir='ltr'>peniteret</span> <span class='ocrx_word' id='word_1_15' title='bbox 809 1204 980 1266; x_wconf 87' lang='lat' dir='ltr'>peccasse</span> <span class='ocrx_word' id='word_1_16' title='bbox 1004 1190 1041 1248; x_wconf 87' lang='lat' dir='ltr'>et</span> <span class='ocrx_word' id='word_1_17' title='bbox 1062 1188 1157 1248; x_wconf 88' lang='lat' dir='ltr'>toret</span> <span class='ocrx_word' id='word_1_18' title='bbox 1179 1204 1405 1266; x_wconf 83' lang='lat' dir='ltr'>supervacua</span> <span class='ocrx_word' id='word_1_19' title='bbox 1439 1184 1590 1247; x_wconf 90' lang='lat' dir='ltr'>hominis</span> <span class='ocrx_word' id='word_1_20' title='bbox 1625 1185 1738 1247; x_wconf 90' lang='lat' dir='ltr'>solers</span> 
     </span>
     <span class='ocr_line' id='line_1_4' title="bbox 400 1291 1738 1364; baseline -0.001 -10"><span class='ocrx_word' id='word_1_21' title='bbox 400 1295 543 1356; x_wconf 89' lang='lat' dir='ltr'>creacio</span> <span class='ocrx_word' id='word_1_22' title='bbox 567 1296 604 1356; x_wconf 87' lang='lat' dir='ltr'>et</span> <span class='ocrx_word' id='word_1_23' title='bbox 626 1296 728 1356; x_wconf 88' lang='lat' dir='ltr'>tanta</span> <span class='ocrx_word' id='word_1_24' title='bbox 751 1312 839 1355; x_wconf 88' lang='lat' dir='ltr'>cura</span> <span class='ocrx_word' id='word_1_25' title='bbox 863 1292 1054 1364; x_wconf 90' lang='lat' dir='ltr'>Creatoris,</span> <span class='ocrx_word' id='word_1_26' title='bbox 1087 1294 1186 1356; x_wconf 89' lang='lat' dir='ltr'>cuius</span> <span class='ocrx_word' id='word_1_27' title='bbox 1216 1293 1334 1355; x_wconf 88' lang='lat' dir='ltr'>nullus</span> <span class='ocrx_word' id='word_1_28' title='bbox 1358 1291 1508 1355; x_wconf 82' lang='lat' dir='ltr'>eftectus</span> <span class='ocrx_word' id='word_1_29' title='bbox 1542 1293 1597 1354; x_wconf 89' lang='lat' dir='ltr'>est</span> <span class='ocrx_word' id='word_1_30' title='bbox 1611 1295 1626 1326; x_wconf 77' lang='lat'><em>²</em></span> <span class='ocrx_word' id='word_1_31' title='bbox 1648 1291 1738 1353; x_wconf 85' lang='lat' dir='ltr'>irus·</span> 
     </span>
     <span class='ocr_line' id='line_1_5' title="bbox 400 1403 469 1462; baseline 0 0"><span class='ocrx_word' id='word_1_32' title='bbox 400 1403 469 1462; x_wconf 90' lang='lat' dir='ltr'>tra.</span> 
     </span>
    </p>

    <p class='ocr_par' dir='ltr' id='par_1_3' title="bbox 399 1504 1785 1998">
     <span class='ocr_line' id='line_1_6' title="bbox 513 1504 1785 1587; baseline -0.002 -19"><span class='ocrx_word' id='word_1_33' title='bbox 513 1507 641 1570; x_wconf 88' lang='lat' dir='ltr'>Nescio</span> <span class='ocrx_word' id='word_1_34' title='bbox 664 1526 712 1569; x_wconf 90' lang='lat' dir='ltr'>an</span> <span class='ocrx_word' id='word_1_35' title='bbox 735 1508 898 1570; x_wconf 83' lang='lat' dir='ltr'>veritatis</span> <span class='ocrx_word' id='word_1_36' title='bbox 931 1526 1033 1570; x_wconf 90' lang='lat' dir='ltr'>amor</span> <span class='ocrx_word' id='word_1_37' title='bbox 1055 1524 1113 1569; x_wconf 88' lang='lat' dir='ltr'>me</span> <span class='ocrx_word' id='word_1_38' title='bbox 1147 1526 1214 1587; x_wconf 92' lang='lat' dir='ltr'>per</span> <span class='ocrx_word' id='word_1_39' title='bbox 1246 1507 1353 1569; x_wconf 86' lang='lat' dir='ltr'>devia</span> <span class='ocrx_word' id='word_1_40' title='bbox 1389 1507 1499 1578; x_wconf 83' lang='lat' dir='ltr'>duxit,</span> <span class='ocrx_word' id='word_1_41' title='bbox 1523 1509 1586 1568; x_wconf 88' lang='lat' dir='ltr'>aut</span> <span class='ocrx_word' id='word_1_42' title='bbox 1617 1505 1739 1568; x_wconf 93' lang='lat' dir='ltr'>docuit</span> <span class='ocrx_word' id='word_1_43' title='bbox 1754 1504 1785 1567; x_wconf 82' lang='lat'>4.</span> 
     </span>
     <span class='ocr_line' id='line_1_7' title="bbox 400 1613 1738 1696; baseline 0 -22"><span class='ocrx_word' id='word_1_44' title='bbox 400 1613 540 1695; x_wconf 82' lang='lat' dir='ltr'>longius</span> <span class='ocrx_word' id='word_1_45' title='bbox 564 1617 719 1696; x_wconf 80' lang='lat' dir='ltr'>evagari,</span> <span class='ocrx_word' id='word_1_46' title='bbox 743 1615 809 1677; x_wconf 90' lang='lat' dir='ltr'>sed</span> <span class='ocrx_word' id='word_1_47' title='bbox 831 1616 966 1677; x_wconf 89' lang='lat' dir='ltr'>veritas</span> <span class='ocrx_word' id='word_1_48' title='bbox 989 1614 1097 1676; x_wconf 83' lang='lat' dir='ltr'>devia</span> <span class='ocrx_word' id='word_1_49' title='bbox 1120 1615 1245 1687; x_wconf 86' lang='lat' dir='ltr'>nescit,</span> <span class='ocrx_word' id='word_1_50' title='bbox 1269 1633 1335 1676; x_wconf 93' lang='lat' dir='ltr'>nec</span> <span class='ocrx_word' id='word_1_51' title='bbox 1360 1616 1415 1676; x_wconf 90' lang='lat' dir='ltr'>est</span> <span class='ocrx_word' id='word_1_52' title='bbox 1449 1631 1607 1692; x_wconf 87' lang='lat' dir='ltr'>unquam</span> <span class='ocrx_word' id='word_1_53' title='bbox 1634 1613 1738 1674; x_wconf 89' lang='lat' dir='ltr'>nimis</span> 
     </span>
     <span class='ocr_line' id='line_1_8' title="bbox 399 1717 1739 1803; baseline -0.001 -21"><span class='ocrx_word' id='word_1_54' title='bbox 399 1722 551 1801; x_wconf 84' lang='lat' dir='ltr'>prolixa,</span> <span class='ocrx_word' id='word_1_55' title='bbox 575 1723 641 1784; x_wconf 89' lang='lat' dir='ltr'>sed</span> <span class='ocrx_word' id='word_1_56' title='bbox 664 1722 825 1803; x_wconf 80' lang='lat' dir='ltr'>diligenti</span> <span class='ocrx_word' id='word_1_57' title='bbox 847 1722 1046 1802; x_wconf 88' lang='lat' dir='ltr'>preciosior</span> <span class='ocrx_word' id='word_1_58' title='bbox 1068 1724 1123 1783; x_wconf 88' lang='lat' dir='ltr'>est</span> <span class='ocrx_word' id='word_1_59' title='bbox 1146 1722 1238 1783; x_wconf 90' lang='lat' dir='ltr'>enim</span> <span class='ocrx_word' id='word_1_60' title='bbox 1263 1721 1357 1783; x_wconf 91' lang='lat' dir='ltr'>omni</span> <span class='ocrx_word' id='word_1_61' title='bbox 1380 1739 1469 1783; x_wconf 90' lang='lat' dir='ltr'>auro</span> <span class='ocrx_word' id='word_1_62' title='bbox 1492 1721 1667 1801; x_wconf 87' lang='lat' dir='ltr'>precioso.</span> <span class='ocrx_word' id='word_1_63' title='bbox 1691 1717 1739 1781; x_wconf 88' lang='lat' dir='ltr'>Et</span> 
     </span>
     <span class='ocr_line' id='line_1_9' title="bbox 399 1824 1738 1909; baseline -0.002 -19"><span class='ocrx_word' id='word_1_64' title='bbox 399 1831 522 1890; x_wconf 89' lang='lat' dir='ltr'>tamen</span> <span class='ocrx_word' id='word_1_65' title='bbox 545 1847 678 1891; x_wconf 87' lang='lat' dir='ltr'>avarus</span> <span class='ocrx_word' id='word_1_66' title='bbox 701 1829 861 1909; x_wconf 92' lang='lat' dir='ltr'>pecuniis</span> <span class='ocrx_word' id='word_1_67' title='bbox 885 1846 1068 1908; x_wconf 89' lang='lat' dir='ltr'>nunquam</span> <span class='ocrx_word' id='word_1_68' title='bbox 1090 1828 1268 1909; x_wconf 88' lang='lat' dir='ltr'>impletur,</span> <span class='ocrx_word' id='word_1_69' title='bbox 1293 1846 1410 1907; x_wconf 91' lang='lat' dir='ltr'>neque</span> <span class='ocrx_word' id='word_1_70' title='bbox 1434 1828 1565 1889; x_wconf 90' lang='lat' dir='ltr'>ostium</span> <span class='ocrx_word' id='word_1_71' title='bbox 1602 1846 1616 1881; x_wconf 72' lang='lat' dir='ltr'>c</span> <span class='ocrx_word' id='word_1_72' title='bbox 1640 1824 1738 1888; x_wconf 84' lang='lat' dir='ltr'>sutti·</span> 
     </span>
     <span class='ocr_line' id='line_1_10' title="bbox 401 1936 622 1998; baseline 0 0"><span class='ocrx_word' id='word_1_73' title='bbox 401 1936 486 1998; x_wconf 80' lang='lat' dir='ltr'>cit»</span> <span class='ocrx_word' id='word_1_74' title='bbox 513 1937 622 1998; x_wconf 83' lang='lat' dir='ltr'>novit.</span> 
     </span>
    </p>

    <p class='ocr_par' dir='ltr' id='par_1_4' title="bbox 399 2037 1786 4258">
     <span class='ocr_line' id='line_1_11' title="bbox 508 2037 1786 2123; baseline -0.003 -20"><span class='ocrx_word' id='word_1_75' title='bbox 508 2042 564 2104; x_wconf 88' lang='lat' dir='ltr'>Ex</span> <span class='ocrx_word' id='word_1_76' title='bbox 588 2044 693 2106; x_wconf 89' lang='lat' dir='ltr'>dictis</span> <span class='ocrx_word' id='word_1_77' title='bbox 717 2043 811 2105; x_wconf 89' lang='lat' dir='ltr'>enim</span> <span class='ocrx_word' id='word_1_78' title='bbox 833 2046 888 2105; x_wconf 91' lang='lat' dir='ltr'>est</span> <span class='ocrx_word' id='word_1_79' title='bbox 912 2045 1036 2105; x_wconf 90' lang='lat' dir='ltr'>notum</span> <span class='ocrx_word' id='word_1_80' title='bbox 1058 2043 1206 2123; x_wconf 89' lang='lat' dir='ltr'>spiritus</span> <span class='ocrx_word' id='word_1_81' title='bbox 1230 2043 1342 2105; x_wconf 90' lang='lat' dir='ltr'>malos</span> <span class='ocrx_word' id='word_1_82' title='bbox 1367 2060 1433 2104; x_wconf 89' lang='lat' dir='ltr'>nec</span> <span class='ocrx_word' id='word_1_83' title='bbox 1454 2041 1601 2104; x_wconf 91' lang='lat' dir='ltr'>eosdem</span> <span class='ocrx_word' id='word_1_84' title='bbox 1616 2056 1739 2103; x_wconf 90' lang='lat' dir='ltr'>omnes</span> <span class='ocrx_word' id='word_1_85' title='bbox 1756 2037 1786 2100; x_wconf 82' lang='lat'>5.</span> 
     </span>
     <span class='ocr_line' id='line_1_12' title="bbox 399 2148 1739 2230; baseline -0.002 -19"><span class='ocrx_word' id='word_1_86' title='bbox 399 2148 556 2212; x_wconf 76' lang='lat' dir='ltr'>aflectus</span> <span class='ocrx_word' id='word_1_87' title='bbox 579 2150 724 2222; x_wconf 89' lang='lat' dir='ltr'>habere,</span> <span class='ocrx_word' id='word_1_88' title='bbox 750 2153 788 2212; x_wconf 87' lang='lat' dir='ltr'>et</span> <span class='ocrx_word' id='word_1_89' title='bbox 809 2151 924 2213; x_wconf 88' lang='lat' dir='ltr'>eciam</span> <span class='ocrx_word' id='word_1_90' title='bbox 947 2168 991 2213; x_wconf 87' lang='lat' dir='ltr'>ex</span> <span class='ocrx_word' id='word_1_91' title='bbox 1019 2150 1254 2212; x_wconf 81' lang='lat' dir='ltr'>continuitate</span> <span class='ocrx_word' id='word_1_92' title='bbox 1282 2150 1393 2230; x_wconf 83' lang='lat' dir='ltr'>magis</span> <span class='ocrx_word' id='word_1_93' title='bbox 1424 2150 1624 2221; x_wconf 90' lang='lat' dir='ltr'>roboratos,</span> <span class='ocrx_word' id='word_1_94' title='bbox 1649 2164 1739 2226; x_wconf 88' lang='lat' dir='ltr'>quos</span> 
     </span>
     <span class='ocr_line' id='line_1_13' title="bbox 400 2253 1741 2337; baseline -0.003 -19"><span class='ocrx_word' id='word_1_95' title='bbox 400 2257 438 2318; x_wconf 91' lang='lat' dir='ltr'>in</span> <span class='ocrx_word' id='word_1_96' title='bbox 477 2276 541 2319; x_wconf 92' lang='lat' dir='ltr'>sue</span> <span class='ocrx_word' id='word_1_97' title='bbox 580 2258 684 2337; x_wconf 89' lang='lat' dir='ltr'>culpe</span> <span class='ocrx_word' id='word_1_98' title='bbox 723 2258 871 2320; x_wconf 89' lang='lat' dir='ltr'>exordio</span> <span class='ocrx_word' id='word_1_99' title='bbox 903 2257 1115 2328; x_wconf 86' lang='lat' dir='ltr'>habuerunt,</span> <span class='ocrx_word' id='word_1_100' title='bbox 1139 2257 1431 2319; x_wconf 83' lang='lat' dir='ltr'>inrevertibiliter</span> <span class='ocrx_word' id='word_1_101' title='bbox 1464 2256 1558 2318; x_wconf 90' lang='lat' dir='ltr'>enim</span> <span class='ocrx_word' id='word_1_102' title='bbox 1582 2253 1741 2316; x_wconf 90' lang='lat' dir='ltr'>totaliter</span> 
     </span>
     <span class='ocr_line' id='line_1_14' title="bbox 402 2361 1739 2444; baseline -0.003 -18"><span class='ocrx_word' id='word_1_103' title='bbox 402 2364 500 2444; x_wconf 91' lang='lat' dir='ltr'>rapti</span> <span class='ocrx_word' id='word_1_104' title='bbox 522 2363 634 2426; x_wconf 89' lang='lat' dir='ltr'>tuere.</span> <span class='ocrx_word' id='word_1_105' title='bbox 659 2363 800 2426; x_wconf 86' lang='lat' dir='ltr'>Primus</span> <span class='ocrx_word' id='word_1_106' title='bbox 823 2367 945 2427; x_wconf 90' lang='lat' dir='ltr'>autem</span> <span class='ocrx_word' id='word_1_107' title='bbox 968 2362 1121 2426; x_wconf 80' lang='lat' dir='ltr'>allectus</span> <span class='ocrx_word' id='word_1_108' title='bbox 1145 2364 1231 2436; x_wconf 87' lang='lat' dir='ltr'>eius,</span> <span class='ocrx_word' id='word_1_109' title='bbox 1256 2364 1352 2426; x_wconf 88' lang='lat' dir='ltr'>unde</span> <span class='ocrx_word' id='word_1_110' title='bbox 1375 2363 1485 2425; x_wconf 89' lang='lat' dir='ltr'>ceteri</span> <span class='ocrx_word' id='word_1_111' title='bbox 1501 2363 1585 2424; x_wconf 89' lang='lat' dir='ltr'>mali</span> <span class='ocrx_word' id='word_1_112' title='bbox 1598 2361 1739 2442; x_wconf 89' lang='lat' dir='ltr'>prodie-</span> 
     </span>
     <span class='ocr_line' id='line_1_15' title="bbox 400 2469 1741 2553; baseline -0.002 -20"><span class='ocrx_word' id='word_1_113' title='bbox 400 2474 486 2533; x_wconf 90' lang='lat' dir='ltr'>runt</span> <span class='ocrx_word' id='word_1_114' title='bbox 509 2473 558 2533; x_wconf 91' lang='lat' dir='ltr'>ad</span> <span class='ocrx_word' id='word_1_115' title='bbox 582 2490 670 2545; x_wconf 88' lang='lat' dir='ltr'>esse,</span> <span class='ocrx_word' id='word_1_116' title='bbox 695 2470 854 2553; x_wconf 83' lang='lat' dir='ltr'>Ysaya</span> <span class='ocrx_word' id='word_1_117' title='bbox 876 2473 960 2533; x_wconf 84' lang='lat' dir='ltr'>vate</span> <span class='ocrx_word' id='word_1_118' title='bbox 984 2470 1107 2532; x_wconf 83' lang='lat' dir='ltr'>divino</span> <span class='ocrx_word' id='word_1_119' title='bbox 1130 2472 1316 2551; x_wconf 86' lang='lat' dir='ltr'>prodente,</span> <span class='ocrx_word' id='word_1_120' title='bbox 1341 2470 1408 2532; x_wconf 84' lang='lat' dir='ltr'>luit</span> <span class='ocrx_word' id='word_1_121' title='bbox 1429 2470 1506 2532; x_wconf 90' lang='lat' dir='ltr'>Deo</span> <span class='ocrx_word' id='word_1_122' title='bbox 1528 2471 1663 2549; x_wconf 87' lang='lat' dir='ltr'>equari.</span> <span class='ocrx_word' id='word_1_123' title='bbox 1680 2469 1741 2530; x_wconf 90' lang='lat' dir='ltr'>Ait</span> 
     </span>
     <span class='ocr_line' id='line_1_16' title="bbox 400 2576 1741 2659; baseline -0.001 -19"><span class='ocrx_word' id='word_1_124' title='bbox 400 2579 497 2640; x_wconf 90' lang='lat' dir='ltr'>enim</span> <span class='ocrx_word' id='word_1_125' title='bbox 531 2579 707 2659; x_wconf 90' lang='lat' dir='ltr'>parabola</span> <span class='ocrx_word' id='word_1_126' title='bbox 737 2581 881 2658; x_wconf 89' lang='lat' dir='ltr'>sumpta</span> <span class='ocrx_word' id='word_1_127' title='bbox 913 2577 1099 2640; x_wconf 89' lang='lat' dir='ltr'>Babilonis</span> <span class='ocrx_word' id='word_1_128' title='bbox 1132 2579 1224 2659; x_wconf 82' lang='lat' dir='ltr'>regis</span> <span class='ocrx_word' id='word_1_129' title='bbox 1256 2579 1393 2657; x_wconf 90' lang='lat' dir='ltr'>iniqui:</span> <span class='ocrx_word' id='word_1_130' title='bbox 1428 2595 1443 2629; x_wconf 62' lang='lat' dir='ltr'>t</span> <span class='ocrx_word' id='word_1_131' title='bbox 1470 2576 1674 2640; x_wconf 88' lang='lat' dir='ltr'>Ascendam</span> <span class='ocrx_word' id='word_1_132' title='bbox 1704 2577 1741 2638; x_wconf 92' lang='lat' dir='ltr'>in</span> 
     </span>
     <span class='ocr_line' id='line_1_17' title="bbox 400 2683 1741 2765; baseline -0.001 -19"><span class='ocrx_word' id='word_1_133' title='bbox 400 2685 518 2748; x_wconf 88' lang='lat' dir='ltr'>celum</span> <span class='ocrx_word' id='word_1_134' title='bbox 541 2687 578 2747; x_wconf 88' lang='lat' dir='ltr'>et</span> <span class='ocrx_word' id='word_1_135' title='bbox 601 2704 663 2747; x_wconf 89' lang='lat' dir='ltr'>ero</span> <span class='ocrx_word' id='word_1_136' title='bbox 686 2686 811 2747; x_wconf 88' lang='lat' dir='ltr'>similis</span> <span class='ocrx_word' id='word_1_137' title='bbox 834 2683 1077 2756; x_wconf 82' lang='lat' dir='ltr'>Altissimo»1,</span> <span class='ocrx_word' id='word_1_138' title='bbox 1115 2704 1195 2747; x_wconf 88' lang='lat' dir='ltr'>cum</span> <span class='ocrx_word' id='word_1_139' title='bbox 1226 2685 1390 2765; x_wconf 88' lang='lat' dir='ltr'>pluribus</span> <span class='ocrx_word' id='word_1_140' title='bbox 1423 2685 1602 2746; x_wconf 88' lang='lat' dir='ltr'>adiunctis</span> <span class='ocrx_word' id='word_1_141' title='bbox 1625 2685 1741 2765; x_wconf 85' lang='lat' dir='ltr'>expri-</span> 
     </span>
     <span class='ocr_line' id='line_1_18' title="bbox 401 2789 1741 2866; baseline 0 -14"><span class='ocrx_word' id='word_1_142' title='bbox 401 2793 580 2854; x_wconf 87' lang='lat' dir='ltr'>mentibus</span> <span class='ocrx_word' id='word_1_143' title='bbox 597 2811 681 2854; x_wconf 88' lang='lat' dir='ltr'>suos</span> <span class='ocrx_word' id='word_1_144' title='bbox 697 2792 963 2854; x_wconf 87' lang='lat' dir='ltr'>stomachantes</span> <span class='ocrx_word' id='word_1_145' title='bbox 979 2791 1142 2854; x_wconf 82' lang='lat' dir='ltr'>aflectus.</span> <span class='ocrx_word' id='word_1_146' title='bbox 1167 2792 1246 2854; x_wconf 90' lang='lat' dir='ltr'>Non</span> <span class='ocrx_word' id='word_1_147' title='bbox 1262 2793 1372 2855; x_wconf 88' lang='lat' dir='ltr'>dixit:</span> <span class='ocrx_word' id='word_1_148' title='bbox 1398 2812 1413 2845; x_wconf 84' lang='lat'><strong>‹</strong></span> <span class='ocrx_word' id='word_1_149' title='bbox 1429 2791 1503 2853; x_wconf 91' lang='lat' dir='ltr'>Ero</span> <span class='ocrx_word' id='word_1_150' title='bbox 1519 2789 1616 2854; x_wconf 90' lang='lat' dir='ltr'>Deus</span> <span class='ocrx_word' id='word_1_151' title='bbox 1633 2813 1659 2866; x_wconf 66' lang='lat' dir='ltr'>u,</span> <span class='ocrx_word' id='word_1_152' title='bbox 1683 2791 1741 2853; x_wconf 88' lang='lat' dir='ltr'>vel</span> 
     </span>
     <span class='ocr_line' id='line_1_19' title="bbox 403 2898 1742 2980; baseline 0.001 -20"><span class='ocrx_word' id='word_1_153' title='bbox 403 2899 637 2961; x_wconf 78' lang='lat' dir='ltr'>‹Altissimus</span> <span class='ocrx_word' id='word_1_154' title='bbox 654 2918 755 2972; x_wconf 81' lang='lat' dir='ltr'>ero»,</span> <span class='ocrx_word' id='word_1_155' title='bbox 781 2900 846 2961; x_wconf 91' lang='lat' dir='ltr'>sed</span> <span class='ocrx_word' id='word_1_156' title='bbox 868 2900 993 2961; x_wconf 89' lang='lat' dir='ltr'>similis</span> <span class='ocrx_word' id='word_1_157' title='bbox 1017 2900 1060 2961; x_wconf 91' lang='lat' dir='ltr'>ei.</span> <span class='ocrx_word' id='word_1_158' title='bbox 1084 2898 1175 2960; x_wconf 91' lang='lat' dir='ltr'>Nam</span> <span class='ocrx_word' id='word_1_159' title='bbox 1198 2900 1328 2962; x_wconf 90' lang='lat' dir='ltr'>nobilis</span> <span class='ocrx_word' id='word_1_160' title='bbox 1351 2900 1413 2961; x_wconf 92' lang='lat' dir='ltr'>illa</span> <span class='ocrx_word' id='word_1_161' title='bbox 1434 2899 1675 2980; x_wconf 83' lang='lat' dir='ltr'>intelligencia</span> <span class='ocrx_word' id='word_1_162' title='bbox 1698 2918 1742 2961; x_wconf 87' lang='lat' dir='ltr'>ex</span> 
     </span>
     <span class='ocr_line' id='line_1_20' title="bbox 400 3006 1742 3087; baseline 0 -19"><span class='ocrx_word' id='word_1_163' title='bbox 400 3008 533 3068; x_wconf 91' lang='lat' dir='ltr'>natura</span> <span class='ocrx_word' id='word_1_164' title='bbox 555 3008 604 3068; x_wconf 91' lang='lat' dir='ltr'>ad</span> <span class='ocrx_word' id='word_1_165' title='bbox 628 3009 766 3069; x_wconf 88' lang='lat' dir='ltr'>tantam</span> <span class='ocrx_word' id='word_1_166' title='bbox 789 3007 980 3069; x_wconf 84' lang='lat' dir='ltr'>cecitatem</span> <span class='ocrx_word' id='word_1_167' title='bbox 995 3006 1164 3068; x_wconf 87' lang='lat' dir='ltr'>devenire</span> <span class='ocrx_word' id='word_1_168' title='bbox 1185 3026 1256 3069; x_wconf 92' lang='lat' dir='ltr'>non</span> <span class='ocrx_word' id='word_1_169' title='bbox 1271 3007 1397 3086; x_wconf 86' lang='lat' dir='ltr'>potuit,</span> <span class='ocrx_word' id='word_1_170' title='bbox 1422 3009 1462 3068; x_wconf 89' lang='lat' dir='ltr'>ut</span> <span class='ocrx_word' id='word_1_171' title='bbox 1478 3025 1517 3068; x_wconf 90' lang='lat' dir='ltr'>se</span> <span class='ocrx_word' id='word_1_172' title='bbox 1533 3008 1742 3087; x_wconf 82' lang='lat' dir='ltr'>opinaretur</span> 
     </span>
     <span class='ocr_line' id='line_1_21' title="bbox 401 3114 1743 3194; baseline 0.001 -19"><span class='ocrx_word' id='word_1_173' title='bbox 401 3114 702 3194; x_wconf 87' lang='lat' dir='ltr'>independentem</span> <span class='ocrx_word' id='word_1_174' title='bbox 727 3132 815 3185; x_wconf 87' lang='lat' dir='ltr'>esse,</span> <span class='ocrx_word' id='word_1_175' title='bbox 842 3114 904 3193; x_wconf 91' lang='lat' dir='ltr'>qui</span> <span class='ocrx_word' id='word_1_176' title='bbox 934 3114 1083 3175; x_wconf 84' lang='lat' dir='ltr'>videbat</span> <span class='ocrx_word' id='word_1_177' title='bbox 1106 3133 1145 3175; x_wconf 90' lang='lat' dir='ltr'>se</span> <span class='ocrx_word' id='word_1_178' title='bbox 1175 3132 1357 3192; x_wconf 89' lang='lat' dir='ltr'>nunquam</span> <span class='ocrx_word' id='word_1_179' title='bbox 1384 3115 1500 3193; x_wconf 89' lang='lat' dir='ltr'>primo</span> <span class='ocrx_word' id='word_1_180' title='bbox 1535 3114 1655 3187; x_wconf 80' lang='lat' dir='ltr'>tuisse,</span> <span class='ocrx_word' id='word_1_181' title='bbox 1678 3116 1743 3176; x_wconf 87' lang='lat' dir='ltr'>aut</span> 
     </span>
     <span class='ocr_line' id='line_1_22' title="bbox 400 3220 1741 3301; baseline 0.001 -19"><span class='ocrx_word' id='word_1_182' title='bbox 400 3221 546 3300; x_wconf 81' lang='lat' dir='ltr'>angelos</span> <span class='ocrx_word' id='word_1_183' title='bbox 584 3239 737 3292; x_wconf 81' lang='lat' dir='ltr'>creasse,</span> <span class='ocrx_word' id='word_1_184' title='bbox 772 3221 835 3299; x_wconf 88' lang='lat' dir='ltr'>qui</span> <span class='ocrx_word' id='word_1_185' title='bbox 872 3221 1015 3301; x_wconf 88' lang='lat' dir='ltr'>penitus</span> <span class='ocrx_word' id='word_1_186' title='bbox 1052 3221 1103 3282; x_wconf 89' lang='lat' dir='ltr'>nil</span> <span class='ocrx_word' id='word_1_187' title='bbox 1142 3222 1272 3301; x_wconf 84' lang='lat' dir='ltr'>egerat,</span> <span class='ocrx_word' id='word_1_188' title='bbox 1313 3223 1375 3282; x_wconf 90' lang='lat' dir='ltr'>aut</span> <span class='ocrx_word' id='word_1_189' title='bbox 1397 3222 1469 3282; x_wconf 91' lang='lat' dir='ltr'>iam</span> <span class='ocrx_word' id='word_1_190' title='bbox 1498 3220 1627 3281; x_wconf 89' lang='lat' dir='ltr'>Filium</span> <span class='ocrx_word' id='word_1_191' title='bbox 1660 3239 1741 3301; x_wconf 92' lang='lat' dir='ltr'>pro·</span> 
     </span>
     <span class='ocr_line' id='line_1_23' title="bbox 402 3325 1741 3407; baseline -0.001 -17"><span class='ocrx_word' id='word_1_192' title='bbox 402 3329 556 3400; x_wconf 87' lang='lat' dir='ltr'>duxisse,</span> <span class='ocrx_word' id='word_1_193' title='bbox 580 3328 638 3389; x_wconf 85' lang='lat' dir='ltr'>vel</span> <span class='ocrx_word' id='word_1_194' title='bbox 661 3327 835 3407; x_wconf 88' lang='lat' dir='ltr'>Spiritum</span> <span class='ocrx_word' id='word_1_195' title='bbox 858 3325 1030 3389; x_wconf 88' lang='lat' dir='ltr'>Sanctum</span> <span class='ocrx_word' id='word_1_196' title='bbox 1052 3329 1219 3407; x_wconf 88' lang='lat' dir='ltr'>spirasse,</span> <span class='ocrx_word' id='word_1_197' title='bbox 1245 3346 1334 3407; x_wconf 91' lang='lat' dir='ltr'>quos</span> <span class='ocrx_word' id='word_1_198' title='bbox 1358 3329 1435 3390; x_wconf 91' lang='lat' dir='ltr'>sine</span> <span class='ocrx_word' id='word_1_199' title='bbox 1459 3328 1689 3390; x_wconf 86' lang='lat' dir='ltr'>dubitacione</span> <span class='ocrx_word' id='word_1_200' title='bbox 1703 3328 1741 3390; x_wconf 91' lang='lat' dir='ltr'>in</span> 
     </span>
     <span class='ocr_line' id='line_1_24' title="bbox 400 3432 1741 3513; baseline 0 -17"><span class='ocrx_word' id='word_1_201' title='bbox 400 3432 579 3497; x_wconf 89' lang='lat' dir='ltr'>Trinitate</span> <span class='ocrx_word' id='word_1_202' title='bbox 603 3453 682 3497; x_wconf 91' lang='lat' dir='ltr'>esse</span> <span class='ocrx_word' id='word_1_203' title='bbox 706 3435 889 3506; x_wconf 89' lang='lat' dir='ltr'>credebat,</span> <span class='ocrx_word' id='word_1_204' title='bbox 913 3435 973 3496; x_wconf 83' lang='lat' dir='ltr'>vel</span> <span class='ocrx_word' id='word_1_205' title='bbox 996 3453 1034 3498; x_wconf 91' lang='lat' dir='ltr'>se</span> <span class='ocrx_word' id='word_1_206' title='bbox 1058 3435 1189 3497; x_wconf 82' lang='lat' dir='ltr'>iecisse</span> <span class='ocrx_word' id='word_1_207' title='bbox 1213 3435 1328 3497; x_wconf 91' lang='lat' dir='ltr'>celum</span> <span class='ocrx_word' id='word_1_208' title='bbox 1361 3437 1397 3496; x_wconf 87' lang='lat' dir='ltr'>et</span> <span class='ocrx_word' id='word_1_209' title='bbox 1420 3438 1563 3506; x_wconf 86' lang='lat' dir='ltr'>terram,</span> <span class='ocrx_word' id='word_1_210' title='bbox 1589 3452 1741 3513; x_wconf 85' lang='lat' dir='ltr'>quorum</span> 
     </span>
     <span class='ocr_line' id='line_1_25' title="bbox 400 3541 1741 3621; baseline 0.001 -18"><span class='ocrx_word' id='word_1_211' title='bbox 400 3543 572 3604; x_wconf 88' lang='lat' dir='ltr'>noticiam</span> <span class='ocrx_word' id='word_1_212' title='bbox 595 3542 722 3603; x_wconf 86' lang='lat' dir='ltr'>habuit</span> <span class='ocrx_word' id='word_1_213' title='bbox 743 3561 826 3604; x_wconf 86' lang='lat' dir='ltr'>mox</span> <span class='ocrx_word' id='word_1_214' title='bbox 850 3546 1003 3604; x_wconf 88' lang='lat' dir='ltr'>creatus.</span> <span class='ocrx_word' id='word_1_215' title='bbox 1040 3541 1114 3604; x_wconf 85' lang='lat' dir='ltr'>Sed</span> <span class='ocrx_word' id='word_1_216' title='bbox 1138 3543 1298 3621; x_wconf 87' lang='lat' dir='ltr'>appeciit</span> <span class='ocrx_word' id='word_1_217' title='bbox 1321 3561 1402 3603; x_wconf 88' lang='lat' dir='ltr'>cum</span> <span class='ocrx_word' id='word_1_218' title='bbox 1425 3541 1501 3604; x_wconf 92' lang='lat' dir='ltr'>Deo</span> <span class='ocrx_word' id='word_1_219' title='bbox 1526 3561 1596 3621; x_wconf 90' lang='lat' dir='ltr'>que</span> <span class='ocrx_word' id='word_1_220' title='bbox 1629 3545 1741 3604; x_wconf 91' lang='lat' dir='ltr'>resta·</span> 
     </span>
     <span class='ocr_line' id='line_1_26' title="bbox 401 3648 1741 3729; baseline -0.001 -18"><span class='ocrx_word' id='word_1_221' title='bbox 401 3651 490 3711; x_wconf 89' lang='lat' dir='ltr'>bant</span> <span class='ocrx_word' id='word_1_222' title='bbox 514 3667 647 3719; x_wconf 87' lang='lat' dir='ltr'>creare,</span> <span class='ocrx_word' id='word_1_223' title='bbox 672 3667 711 3710; x_wconf 89' lang='lat' dir='ltr'>se</span> <span class='ocrx_word' id='word_1_224' title='bbox 734 3667 756 3710; x_wconf 89' lang='lat' dir='ltr'>a</span> <span class='ocrx_word' id='word_1_225' title='bbox 780 3650 957 3711; x_wconf 87' lang='lat' dir='ltr'>creaturis</span> <span class='ocrx_word' id='word_1_226' title='bbox 979 3649 1078 3711; x_wconf 87' lang='lat' dir='ltr'>velut</span> <span class='ocrx_word' id='word_1_227' title='bbox 1102 3648 1311 3711; x_wconf 88' lang='lat' dir='ltr'>Creatorem</span> <span class='ocrx_word' id='word_1_228' title='bbox 1338 3649 1495 3721; x_wconf 87' lang='lat' dir='ltr'>adorari,</span> <span class='ocrx_word' id='word_1_229' title='bbox 1520 3651 1556 3711; x_wconf 92' lang='lat' dir='ltr'>et</span> <span class='ocrx_word' id='word_1_230' title='bbox 1590 3650 1627 3711; x_wconf 91' lang='lat' dir='ltr'>in</span> <span class='ocrx_word' id='word_1_231' title='bbox 1659 3668 1741 3729; x_wconf 92' lang='lat' dir='ltr'>pos·</span> 
     </span>
     <span class='ocr_line' id='line_1_27' title="bbox 401 3756 1740 3836; baseline 0.001 -18"><span class='ocrx_word' id='word_1_232' title='bbox 401 3760 519 3819; x_wconf 86' lang='lat' dir='ltr'>terum</span> <span class='ocrx_word' id='word_1_233' title='bbox 542 3757 708 3818; x_wconf 88' lang='lat' dir='ltr'>creandis</span> <span class='ocrx_word' id='word_1_234' title='bbox 731 3756 1047 3836; x_wconf 88' lang='lat' dir='ltr'>producendisque</span> <span class='ocrx_word' id='word_1_235' title='bbox 1071 3758 1180 3819; x_wconf 89' lang='lat' dir='ltr'>rebus</span> <span class='ocrx_word' id='word_1_236' title='bbox 1203 3774 1351 3836; x_wconf 89' lang='lat' dir='ltr'>preesse</span> <span class='ocrx_word' id='word_1_237' title='bbox 1374 3758 1411 3818; x_wconf 88' lang='lat' dir='ltr'>et</span> <span class='ocrx_word' id='word_1_238' title='bbox 1428 3757 1740 3836; x_wconf 83' lang='lat' dir='ltr'>augendicunctas</span> 
     </span>
     <span class='ocr_line' id='line_1_28' title="bbox 402 3862 1739 3943; baseline -0.001 -17"><span class='ocrx_word' id='word_1_239' title='bbox 402 3864 559 3926; x_wconf 91' lang='lat' dir='ltr'>condere</span> <span class='ocrx_word' id='word_1_240' title='bbox 594 3863 699 3943; x_wconf 80' lang='lat' dir='ltr'>leges.</span> <span class='ocrx_word' id='word_1_241' title='bbox 746 3862 867 3925; x_wconf 89' lang='lat' dir='ltr'>Primo</span> <span class='ocrx_word' id='word_1_242' title='bbox 904 3864 1012 3942; x_wconf 81' lang='lat' dir='ltr'>igitur</span> <span class='ocrx_word' id='word_1_243' title='bbox 1044 3862 1112 3925; x_wconf 83' lang='lat' dir='ltr'>tuit</span> <span class='ocrx_word' id='word_1_244' title='bbox 1136 3864 1332 3942; x_wconf 87' lang='lat' dir='ltr'>superbus;</span> <span class='ocrx_word' id='word_1_245' title='bbox 1373 3863 1541 3935; x_wconf 89' lang='lat' dir='ltr'>secundo,</span> <span class='ocrx_word' id='word_1_246' title='bbox 1567 3864 1739 3938; x_wconf 84' lang='lat' dir='ltr'>mendax;</span> 
     </span>
     <span class='ocr_line' id='line_1_29' title="bbox 401 3969 1740 4050; baseline -0.001 -17"><span class='ocrx_word' id='word_1_247' title='bbox 401 3972 515 4033; x_wconf 89' lang='lat' dir='ltr'>tercio</span> <span class='ocrx_word' id='word_1_248' title='bbox 537 3989 634 4042; x_wconf 85' lang='lat' dir='ltr'>vero,</span> <span class='ocrx_word' id='word_1_249' title='bbox 659 3969 848 4041; x_wconf 85' lang='lat' dir='ltr'>homicida,</span> <span class='ocrx_word' id='word_1_250' title='bbox 875 3971 935 4049; x_wconf 89' lang='lat' dir='ltr'>qui</span> <span class='ocrx_word' id='word_1_251' title='bbox 959 3970 1055 4050; x_wconf 79' lang='lat' dir='ltr'>leges</span> <span class='ocrx_word' id='word_1_252' title='bbox 1079 3971 1224 4031; x_wconf 83' lang='lat' dir='ltr'>volebat</span> <span class='ocrx_word' id='word_1_253' title='bbox 1249 3971 1404 4032; x_wconf 89' lang='lat' dir='ltr'>condere</span> <span class='ocrx_word' id='word_1_254' title='bbox 1438 3971 1573 4032; x_wconf 93' lang='lat' dir='ltr'>mortis.</span> <span class='ocrx_word' id='word_1_255' title='bbox 1600 4001 1639 4011; x_wconf 89' lang='lat'><em>—</em></span> <span class='ocrx_word' id='word_1_256' title='bbox 1665 3969 1740 4032; x_wconf 91' lang='lat' dir='ltr'>Pri·</span> 
     </span>
     <span class='ocr_line' id='line_1_30' title="bbox 401 4076 1740 4158; baseline -0.001 -20"><span class='ocrx_word' id='word_1_257' title='bbox 401 4097 499 4140; x_wconf 90' lang='lat' dir='ltr'>mum</span> <span class='ocrx_word' id='word_1_258' title='bbox 521 4076 713 4158; x_wconf 56' lang='lat' dir='ltr'>Ysayas‘</span> <span class='ocrx_word' id='word_1_259' title='bbox 730 4077 917 4156; x_wconf 86' lang='lat' dir='ltr'>expressit,</span> <span class='ocrx_word' id='word_1_260' title='bbox 943 4095 1024 4138; x_wconf 91' lang='lat' dir='ltr'>cum</span> <span class='ocrx_word' id='word_1_261' title='bbox 1047 4077 1160 4138; x_wconf 88' lang='lat' dir='ltr'>dicit:</span> <span class='ocrx_word' id='word_1_262' title='bbox 1189 4076 1427 4139; x_wconf 83' lang='lat' dir='ltr'>‹Ascendam</span> <span class='ocrx_word' id='word_1_263' title='bbox 1450 4078 1486 4137; x_wconf 94' lang='lat' dir='ltr'>in</span> <span class='ocrx_word' id='word_1_264' title='bbox 1510 4077 1625 4139; x_wconf 89' lang='lat' dir='ltr'>celum</span> <span class='ocrx_word' id='word_1_265' title='bbox 1639 4097 1675 4151; x_wconf 75' lang='grc' dir='ltr'>»ς</span> <span class='ocrx_word' id='word_1_266' title='bbox 1698 4109 1740 4119; x_wconf 95' lang='grc'>--</span> 
     </span>
     <span class='ocr_line' id='line_1_31' title="bbox 402 4182 1741 4258; baseline -0.001 -11"><span class='ocrx_word' id='word_1_267' title='bbox 402 4185 600 4247; x_wconf 89' lang='lat' dir='ltr'>secundum</span> <span class='ocrx_word' id='word_1_268' title='bbox 622 4202 719 4256; x_wconf 83' lang='lat' dir='ltr'>vero,</span> <span class='ocrx_word' id='word_1_269' title='bbox 744 4203 824 4245; x_wconf 90' lang='lat' dir='ltr'>cum</span> <span class='ocrx_word' id='word_1_270' title='bbox 847 4184 991 4246; x_wconf 89' lang='lat' dir='ltr'>subdit:</span> <span class='ocrx_word' id='word_1_271' title='bbox 1018 4201 1033 4235; x_wconf 67' lang='lat' dir='ltr'>e</span> <span class='ocrx_word' id='word_1_272' title='bbox 1052 4182 1099 4245; x_wconf 90' lang='lat' dir='ltr'>Et</span> <span class='ocrx_word' id='word_1_273' title='bbox 1123 4203 1185 4246; x_wconf 90' lang='lat' dir='ltr'>ero</span> <span class='ocrx_word' id='word_1_274' title='bbox 1209 4183 1332 4246; x_wconf 90' lang='lat' dir='ltr'>similis</span> <span class='ocrx_word' id='word_1_275' title='bbox 1355 4183 1539 4246; x_wconf 89' lang='lat' dir='ltr'>Altissimo</span> <span class='ocrx_word' id='word_1_276' title='bbox 1559 4204 1598 4258; x_wconf 80' lang='grc'>»;</span> <span class='ocrx_word' id='word_1_277' title='bbox 1619 4185 1741 4246; x_wconf 90' lang='lat' dir='ltr'>—sed</span> 
     </span>
    </p>
   </div>
   <div class='ocr_carea' id='block_1_3' title="bbox 401 4281 1952 4586">
    <p class='ocr_par' dir='ltr' id='par_1_5' title="bbox 401 4281 1952 4586">
     <span class='ocr_line' id='line_1_32' title="bbox 401 4281 1952 4373; baseline 0.002 -19"><span class='ocrx_word' id='word_1_278' title='bbox 401 4293 553 4354; x_wconf 87' lang='lat' dir='ltr'>tercium</span> <span class='ocrx_word' id='word_1_279' title='bbox 576 4291 613 4352; x_wconf 89' lang='lat' dir='ltr'>in</span> <span class='ocrx_word' id='word_1_280' title='bbox 636 4281 650 4373; x_wconf 67' lang='lat' dir='ltr'>ll</span> <span class='ocrx_word' id='word_1_281' title='bbox 676 4291 859 4353; x_wconf 89' lang='lat' dir='ltr'>locacione</span> <span class='ocrx_word' id='word_1_282' title='bbox 882 4291 978 4352; x_wconf 88' lang='lat' dir='ltr'>sedis</span> <span class='ocrx_word' id='word_1_283' title='bbox 1006 4291 1055 4353; x_wconf 91' lang='lat' dir='ltr'>ad</span> <span class='ocrx_word' id='word_1_284' title='bbox 1077 4289 1292 4369; x_wconf 87' lang='lat' dir='ltr'>Aquilonem</span> <span class='ocrx_word' id='word_1_285' title='bbox 1316 4294 1352 4353; x_wconf 91' lang='lat' dir='ltr'>et</span> <span class='ocrx_word' id='word_1_286' title='bbox 1388 4292 1518 4353; x_wconf 87' lang='lat' dir='ltr'>ceteris</span> <span class='ocrx_word' id='word_1_287' title='bbox 1548 4291 1599 4352; x_wconf 91' lang='lat' dir='ltr'>ibi</span> <span class='ocrx_word' id='word_1_288' title='bbox 1631 4292 1741 4353; x_wconf 86' lang='lat' dir='ltr'>subti-</span> <span class='ocrx_word' id='word_1_289' title='bbox 1813 4285 1952 4357; x_wconf 69' lang='grc' dir='ltr'>Β’106νο</span> 
     </span>
     <span class='ocr_line' id='line_1_33' title="bbox 401 4398 690 4478; baseline -0.007 -18"><span class='ocrx_word' id='word_1_290' title='bbox 401 4399 470 4461; x_wconf 88' lang='lat' dir='ltr'>lius</span> <span class='ocrx_word' id='word_1_291' title='bbox 495 4398 690 4478; x_wconf 86' lang='lat' dir='ltr'>explicatis.</span> 
     </span>
     <span class='ocr_line' id='line_1_34' title="bbox 513 4503 1786 4586; baseline 0.002 -20"><span class='ocrx_word' id='word_1_292' title='bbox 513 4503 609 4567; x_wconf 90' lang='lat' dir='ltr'>Satis</span> <span class='ocrx_word' id='word_1_293' title='bbox 632 4505 699 4567; x_wconf 87' lang='lat' dir='ltr'>hec</span> <span class='ocrx_word' id='word_1_294' title='bbox 722 4507 848 4584; x_wconf 91' lang='lat' dir='ltr'>aperte</span> <span class='ocrx_word' id='word_1_295' title='bbox 870 4505 1053 4566; x_wconf 87' lang='lat' dir='ltr'>insinuare</span> <span class='ocrx_word' id='word_1_296' title='bbox 1077 4505 1218 4566; x_wconf 84' lang='lat' dir='ltr'>curavit</span> <span class='ocrx_word' id='word_1_297' title='bbox 1240 4505 1436 4567; x_wconf 86' lang='lat' dir='ltr'>humanata</span> <span class='ocrx_word' id='word_1_298' title='bbox 1451 4507 1568 4586; x_wconf 90' lang='lat' dir='ltr'>prima</span> <span class='ocrx_word' id='word_1_299' title='bbox 1583 4504 1739 4578; x_wconf 90' lang='lat' dir='ltr'>Veritas,</span> <span class='ocrx_word' id='word_1_300' title='bbox 1755 4507 1786 4569; x_wconf 88' lang='lat'>6.</span> 
     </span>
    </p>
   </div>
   <div class='ocr_carea' id='block_1_4' title="bbox 0 0 2157 6116">
    <p class='ocr_par' dir='ltr' id='par_1_6' title="bbox 0 0 2157 6116">
     <span class='ocr_line' id='line_1_35' title="bbox 0 0 2157 6116; baseline 0 0"><span class='ocrx_word' id='word_1_301' title='bbox 0 0 2157 6116; x_wconf 95' lang='lat' dir='ltr'> </span> 
     </span>
    </p>
   </div>
  </div>
 </body>
</html>
