4300 6117
508 878 573 941 2⁴8
1005 874 1163 955 aucuns
1186 873 1326 928 nuens

505 1099 1266 1179 iacu,1ssrumensciendumquoddux
1297 1100 1544 1172 scientiarum,
1580 1100 1765 1176 Dominus,
1791 1120 1836 1164 ne

504 1228 693 1295 purcussus
715 1210 808 1271 foret
830 1207 866 1267 iu
888 1205 1076 1276 infinitum,
1103 1207 1163 1285 qui
1188 1225 1370 1286 nunquam
1393 1210 1528 1269 certam
1552 1209 1721 1271 noticiam
1738 1207 1834 1279 facit,

501 1318 624 1397 aliqua
646 1314 822 1397 principia
846 1313 1003 1384 inseruit,
1029 1331 1072 1374 ex
1096 1314 1226 1392 quibus
1250 1314 1322 1375 alia
1338 1314 1453 1376 electa
1471 1315 1640 1377 dicuntur
1655 1316 1835 1395 aliquibus

501 1422 651 1489 emilia,
676 1440 746 1501 que
769 1422 888 1482 tamen
911 1419 998 1480 alibi
1021 1422 1112 1491 sunt,
1138 1420 1242 1499 quasi
1265 1420 1546 1484 demonstrative
1569 1424 1733 1501 probata.

451 1536 482 1596 u,
613 1526 683 1589 Pro
705 1526 869 1588 scienciis
893 1527 1116 1588 naturalibus
1145 1527 1322 1606 siquidem
1345 1528 1584 1608 acquirendis,
1602 1532 1685 1590 sunt
1698 1530 1834 1589 inserta

500 1637 627 1697 nature
662 1633 864 1695 arismetice
898 1633 1083 1695 elementa.
1119 1632 1293 1713 Ideoque,
1329 1633 1515 1697 Ysidoro
1547 1639 1673 1697 autore
1689 1634 1713 1707 ¹,
1739 1635 1835 1713 apud

499 1738 730 1820 philosophos
755 1740 958 1801 arismetica
982 1745 1060 1801 erat
1084 1740 1201 1819 prima
1229 1742 1266 1802 in
1294 1741 1502 1804 liberalibus
1530 1743 1769 1822 possidendis,
1793 1760 1835 1803 eo

498 1846 598 1925 quod
622 1845 720 1908 nulla
743 1847 885 1927 indiget,
911 1850 946 1909 et
969 1851 1090 1909 cetere
1113 1850 1303 1927 presertim
1326 1850 1471 1920 musica,
1497 1850 1700 1929 geometria,
1719 1850 1832 1909 astro·

499 1950 602 2031 logia,
628 1953 704 2015 sine
727 1954 806 2033 ipsa
830 1972 909 2015 esse
932 1973 1003 2015 non
1029 1957 1180 2034 possunt
1204 1956 1291 2034 quid
1314 1956 1448 2017 volunt.
1472 1956 1612 2018 Musica
1635 1974 1731 2025 vero,
1749 1956 1835 2017 aris·

497 2057 627 2121 metice
650 2059 780 2139 proles,
805 2061 998 2140 gramatice
1022 2063 1142 2132 servit,
1167 2063 1331 2125 fortassis
1367 2067 1403 2124 et
1425 2063 1526 2136 loice,
1552 2066 1588 2125 et
1611 2061 1833 2142 philosophie

498 2166 656 2227 naturali
681 2167 934 2230 indubitanter.
974 2166 1126 2240 Etenim,
1151 2170 1251 2248 prius
1288 2172 1343 2231 est
1378 2188 1481 2231 omne
1516 2171 1738 2231 abstractum
1773 2187 1836 2230 suo

498 2275 678 2343 concreto.
704 2274 826 2352 sicque
849 2293 1016 2337 numerus
1052 2276 1201 2355 simplex
1237 2276 1401 2355 precedit
1433 2294 1620 2339 numerum
1653 2276 1834 2347 musicum,

498 2379 763 2453 geometricum,
788 2382 925 2459 pariter
947 2384 983 2444 et
1016 2383 1278 2463 astrologicum.
1303 2383 1505 2446 Primordia
1542 2396 1625 2463 ergo
1659 2382 1836 2463 principia

498 2485 581 2546 aunt
599 2504 766 2549 numerus
789 2506 857 2568 par
880 2491 915 2551 et
939 2489 1063 2567 impar.
1088 2491 1156 2551 sub
1180 2475 1251 2568 quo
1274 2491 1388 2552 eciam
1411 2489 1576 2552 infantuli
1598 2491 1658 2550 vix
1681 2488 1836 2551 formare

498 2588 662 2655 valentes
685 2611 885 2658 sermonem
906 2596 1042 2667 ludunt,
1068 2615 1139 2675 quo
1164 2597 1246 2658 ideo
1276 2598 1395 2659 omnia
1434 2598 1599 2676 componi
1633 2598 1720 2675 puto
1755 2614 1836 2675 pru·

499 2693 748 2761 (lentissimum
771 2701 1021 2782 Picthagoram
1044 2702 1231 2776 diffinisse,
1257 2705 1342 2782 quia
1370 2706 1407 2765 in
1430 2704 1670 2766 intellectibus
1705 2702 1836 2764 nostris

499 2806 632 2867 cuncta
664 2824 733 2887 que
768 2813 850 2871 sunt
885 2811 1047 2873 oriuntur
1087 2828 1130 2872 ex
1165 2812 1331 2883 numeris,
1367 2815 1538 2891 tanquam
1573 2829 1617 2872 ex
1653 2810 1835 2872 elementis

499 2906 737 2993 iutelligencie
752 2915 772 2977 ².
820 2916 909 2979 Item
942 2919 978 2979 in
1011 2917 1079 2979 hoc
1113 2918 1227 2979 rivulo
1260 2919 1375 2997 primo
1400 2919 1628 2997 reperiuntur
1650 2917 1779 2996 equale
1802 2917 1837 2977 et

501 3012 678 3095 inequale,
701 3024 814 3085 maius
840 3027 875 3086 et
898 3026 1023 3096 minus,
1049 3027 1163 3086 totum
1197 3028 1233 3086 et
1263 3043 1358 3104 pars,
1383 3027 1483 3105 prius
1519 3027 1554 3087 et
1587 3024 1777 3104 posterius,
1802 3025 1836 3084 et

501 3125 625 3188 cetera
649 3146 718 3207 que
741 3134 905 3193 mutuant
928 3121 1111 3194 mendices
1135 3132 1293 3210 reliquas
1316 3136 1424 3203 artes,
1450 3133 1518 3193 ista
1535 3132 1614 3193 sola
1630 3131 1743 3192 divite
1757 3148 1836 3209 per·

501 3237 679 3297 manente.

610 3340 732 3406 Habet
764 3347 996 3425 gramaticam
1028 3364 1130 3407 suam
1157 3344 1277 3418 fidem,
1314 3346 1400 3424 quia
1434 3346 1615 3426 prioribus
1651 3344 1768 3406 credit
1802 3345 1837 3405 et

502 3441 600 3519 dicit,
626 3454 848 3531 respondens
871 3454 919 3515 ad
936 3454 1128 3532 quemdam
1145 3453 1222 3514 sola
1237 3454 1434 3515 auctoritas
1450 3455 1620 3515 veterum.
1644 3450 1837 3517 Rethorica

502 3554 638 3617 musice
663 3560 787 3632 credit,
812 3561 860 3622 ab
884 3561 1113 3622 arismetica²
1148 3562 1327 3640 generata.
1374 3560 1513 3621 Fidelia
1536 3559 1713 3639 principia
1735 3559 1836 3638 loyce

502 3663 587 3722 sunt
611 3667 647 3726 et
670 3668 953 3746 significaciones
977 3686 1115 3739 vocum,
1142 3670 1177 3729 et
1206 3669 1312 3748 plena
1343 3671 1396 3729 est
1425 3667 1537 3747 priori
1571 3669 1607 3729 et
1633 3665 1834 3747 posteriori,

502 3767 630 3832 maiori
655 3776 691 3835 et
714 3776 850 3846 minori,
882 3775 1109 3837 antecedenti
1140 3778 1176 3836 et
1208 3775 1447 3853 consequenti,
1479 3774 1650 3854 precipue
1677 3772 1836 3853 gaudens

502 3873 662 3940 ternario
686 3900 833 3943 numero
857 3883 894 3942 in
917 3884 991 3943 suis
1015 3880 1227 3944 formalibus
1252 3882 1448 3961 silogismis.
1497 3879 1703 3942 Geometria
1731 3898 1836 3941 aures

504 3984 670 4049 credulas
695 3991 843 4067 prestat,
868 3980 990 4071 quodll
1017 4007 1123 4051 omne
1148 3991 1260 4050 totum
1285 3991 1339 4049 est
1362 3989 1476 4049 maius
1499 4006 1565 4049 sua
1592 3989 1706 4066 parte,
1740 3987 1838 4066 quod

502 4095 658 4165 punctus
681 4098 737 4157 est
759 4096 860 4157 cuius
883 4096 982 4158 nulla
1005 4114 1090 4175 pars
1115 4099 1179 4167 est,
1211 4096 1310 4174 quod
1337 4095 1367 4165 si
1396 4096 1444 4156 ab
1473 4094 1659 4173 equalibus
1694 4094 1838 4174 equalia

504 4193 639 4273 devias,
665 4221 734 4281 que
758 4206 943 4265 remanent
966 4206 1050 4264 sunt
1073 4203 1227 4282 equalia.
1252 4200 1311 4264 Sic
1335 4202 1510 4264 naturalis
1533 4202 1670 4281 phisica
1683 4191 1697 4283 Η
1724 4202 1837 4263 racio·

503 4321 583 4367 nem
630 4312 867 4391 presupponil
904 4313 940 4372 et
984 4311 1134 4392 loycam,
1175 4311 1301 4371 iubens
1340 4310 1598 4389 disputandum
1642 4328 1714 4370 non
1761 4307 1836 4370 fore

610 4685 641 4744 a)
663 4708 693 4717 -
714 4683 762 4734 ab.

610 4856 632 4924 ¹)
650 4860 732 4922 1811),
749 4859 880 4924 Etymol.
898 4859 948 4921 111,
966 4869 985 4921 Ι,
1006 4860 1085 4911 1.1n
1106 4857 1198 4926 Oper.
1219 4860 1242 4910 t.
1262 4858 1312 4919 111,
1330 4857 1389 4910 col.
1410 4857 1470 4909 154.
1511 4856 1630 4929 *Quam
1655 4852 1832 4922 [arithmeti-

502 4942 581 5015 cam]
607 4950 775 5015 scriptores
795 4948 1001 5001 saecularium
1018 4948 1193 5000 litterarum
1211 4947 1292 4999 inter
1314 4946 1494 5012 disciplinas
1514 4946 1748 4998 mathematicas
1766 4945 1833 4996 ideo

501 5036 632 5099 primam
650 5054 721 5092 esse
739 5039 914 5101 voluerunt,
932 5038 1079 5105 quoniam
1097 5037 1172 5104 ipsa,
1192 5038 1225 5089 ut
1244 5037 1291 5099 sit,
1319 5037 1404 5088 nulla
1422 5036 1484 5087 alia
1503 5034 1620 5103 indiget
1638 5034 1822 5101 disciplina»

610 5125 631 5195 ‘l
650 5129 694 5182 Cf.
713 5128 816 5180 AmsT.
834 5128 862 5179 Χ
881 5122 1017 5193 Metupfi.
1035 5128 1098 5179 lect
1128 5127 1178 5189 111,
1199 5129 1281 5179 circa
1300 5128 1375 5178 med.
