4300 6117
464 924 529 986 116
963 933 1122 989 LUCULA
1144 931 1284 988 NOCTIS

461 1152 592 1218 runt›¹.
617 1191 658 1200 —-
682 1153 901 1217 Eusebius
925 1155 1038 1218 eciam
1062 1156 1110 1219 de
1133 1156 1253 1219 studio
1269 1154 1429 1218 Socratis
1453 1156 1505 1218 sic
1529 1157 1565 1218 in
1588 1154 1796 1218 Cronicis

461 1262 603 1324 scribit:
622 1261 802 1325 ‹Nolebat
815 1260 982 1325 Socrates
993 1263 1194 1325 immundos
1210 1263 1363 1325 terrenis
1379 1263 1638 1344 cupiditatibus
1654 1263 1797 1326 animos

460 1386 500 1431 se
516 1348 708 1431 extendere
725 1369 761 1430 in
777 1369 901 1432 divina
916 1371 952 1431 et
966 1370 1099 1432 conari.
1126 1367 1279 1456 Quando
1294 1369 1442 1448 quidem
1465 1387 1594 1432 causas
1610 1388 1731 1431 rerum
1745 1371 1796 1432 ab

460 1475 512 1538 eis
536 1466 550 1556 li
575 1474 724 1537 videbat
754 1476 896 1555 inquiri,
929 1495 1019 1555 quas
1049 1476 1185 1557 primas
1215 1495 1259 1538 ac
1282 1494 1438 1538 summas
1462 1476 1603 1539 nonnisi
1626 1476 1665 1537 in
1686 1476 1797 1538 unius

461 1600 505 1644 ac
539 1582 667 1644 summi
689 1580 756 1644 Dei
790 1582 974 1644 voluntate
1003 1600 1082 1645 esse
1106 1583 1296 1646 credebat:
1334 1583 1431 1645 unde
1454 1601 1520 1646 nec
1544 1601 1607 1645 eas
1629 1584 1794 1663 putabat,

461 1688 531 1750 nisi
552 1689 725 1751 mundata
748 1691 875 1762 mente,
900 1707 1008 1770 posse
1030 1689 1294 1769 comprehendi.
1319 1689 1367 1751 Et
1389 1690 1472 1752 ideo
1488 1690 1674 1770 purgande
1688 1689 1798 1751 bonis

462 1796 619 1858 moribus
643 1795 716 1858 vite
740 1798 910 1859 censebat
935 1797 1151 1870 instandum.
1190 1798 1231 1858 ut
1265 1797 1548 1876 deprimentibus
1583 1795 1793 1859 libidinibus

462 1905 674 1964 exoneratus
698 1903 836 1965 animus
860 1903 1016 1966 naturali
1030 1904 1152 1984 vigore
1176 1903 1212 1964 in
1233 1906 1358 1966 eterna
1380 1922 1419 1965 se
1437 1903 1589 1976 tolleret,
1613 1905 1798 1966 naturam·

462 2026 532 2088 que
565 2009 769 2089 incorporei
802 2012 838 2072 et
873 2011 1173 2072 incommutabilis
1208 2009 1360 2082 luminis,
1399 2010 1461 2071 ubi
1485 2028 1594 2072 cause
1616 2011 1799 2071 laetarum

462 2116 620 2178 omnium
642 2118 851 2178 naturarum
874 2117 1053 2179 stabiliter
1074 2118 1211 2189 vivunt,
1245 2117 1483 2196 intelligencie
1510 2117 1668 2197 puritate
1691 2134 1794 2178 cons·

461 2222 623 2303 piceni»
638 2222 661 2288 ².
677 2221 755 2285 Hec
770 2223 830 2285 ibi.
846 2255 886 2264 -
901 2221 1023 2285 Simile
1038 2224 1088 2286 ad
1102 2221 1325 2304 Esclapium⁸
1340 2222 1519 2303 depromit
1535 2222 1687 2285 Hermes
1699 2221 1798 2283 Mer·

462 2329 591 2404 curius,
616 2329 756 2392 dicens:
798 2329 1050 2411 «Philosophia
1079 2331 1157 2392 sola
1181 2334 1235 2392 est
1258 2331 1295 2392 iu
1317 2330 1566 2410 cognoscenda
1593 2329 1797 2401 diuinitate,

461 2432 629 2514 frequens
653 2437 799 2499 obtutus
823 2439 859 2499 et
881 2441 1007 2499 sancta
1033 2436 1166 2518 religio¹
1202 2437 1355 2516 simplici
1390 2437 1484 2497 enim
1518 2439 1637 2498 mente
1667 2434 1795 2498 divini·

463 2544 574 2604 tatem
597 2543 724 2615 colere,
758 2544 905 2622 eiusque
928 2545 1025 2606 iacta
1056 2544 1217 2606 venerati
1248 2554 1354 2623 agere
1381 2544 1495 2605 eciam
1518 2541 1586 2605 Dei
1619 2542 1799 2604 voluntati

461 2649 610 2728 gracias,
635 2667 705 2728 que
728 2652 783 2712 est
799 2641 812 2732 Ιξ
833 2650 911 2712 sola
932 2651 1076 2713 bouitas
1100 2651 1316 2731 plenissima.
1349 2648 1427 2712 Hec
1451 2651 1507 2711 est
1529 2648 1662 2711 nullius
1686 2647 1801 2710 animi

462 2755 664 2836 importuna
688 2756 895 2819 curiositate
921 2757 1057 2819 violata
1082 2755 1350 2838 philosophia».

570 3146 591 3214 ¹)
609 3149 639 3202 8.
657 3150 739 3202 Aue.
759 3150 806 3203 De
820 3147 906 3203 civit.
922 3151 988 3213 Dei,
1008 3150 1084 3212 VIII,
1099 3160 1130 3202 v.
1151 3150 1206 3203 «Si
1225 3157 1297 3218 ergo
1311 3150 1399 3203 Plato
1414 3149 1473 3202 Dei
1490 3150 1581 3218 hujus
1599 3150 1800 3212 imitatorem?

462 3239 658 3307 cognitorem¹
683 3239 854 3292 amatorem
878 3238 957 3291 dixit
975 3253 1046 3293 esse
1064 3240 1237 3306 sapientem
1256 3240 1342 3306 cujus
1367 3239 1603 3307 participatIone
1621 3238 1659 3291 iit
1676 3240 1797 3302 beatus,

462 3328 537 3395 quid
555 3343 633 3395 opus
652 3328 699 3380 est
717 3330 863 3382 excutere
880 3328 1025 3381 ceteros?
1043 3329 1130 3381 Nulli
1142 3329 1238 3391 nobis,
1251 3343 1344 3394 quum
1357 3331 1415 3392 isti,
1424 3331 1557 3395 propius
1568 3331 1799 3381 accesserunt».

571 3413 592 3482 ἢ
611 3417 653 3470 Ce
671 3417 751 3470 n'est
768 3431 826 3484 pas
844 3417 1047 3470 ditectement
1065 3417 1086 3470 ὲ
1103 3416 1228 3470 Eusebe
1245 3432 1307 3485 qne
1319 3417 1470 3470 Domlnlci
1488 3417 1650 3485 emprunte
1668 3431 1705 3470 ce
1723 3416 1796 3485 long

462 3512 592 3573 passage
611 3521 665 3559 sur
683 3506 715 3559 la
732 3506 894 3572 discipline
912 3506 1097 3574 secretique,
1115 3506 1193 3559 mais
1212 3505 1316 3560 bient
1333 3505 1363 3558 8.
1376 3505 1548 3570 Aucust'm,
1566 3507 1614 3559 De
1629 3505 1714 3558 civit.
1730 3507 1799 3564 Dei,

462 3594 540 3658 vm,
565 3605 607 3647 111.
642 3596 689 3648 De
712 3595 870 3649 Socratica
900 3596 1068 3662 disciplina.
1105 3623 1132 3632 -
1165 3594 1290 3648 Eusebe
1317 3595 1401 3648 avait
1427 3596 1571 3662 compost
1599 3610 1660 3648 une
1684 3589 1797 3660 χρονικὰ

463 3679 648 3749 συγγράμματα
674 3700 715 3738 ou
739 3684 908 3752 chronique
934 3685 1068 3752 abneges
1094 3699 1134 3737 en
1159 3685 1176 3737 2
1201 3685 1306 3737 livres.
1342 3685 1386 3738 Le
1409 3685 1493 3738 texte
1518 3692 1590 3753 grec
1615 3685 1662 3736 est
1687 3684 1798 3751 perdu.

463 3773 512 3826 Du
530 3774 610 3827 livre
628 3774 668 3826 1er
693 3789 733 3826 ou
756 3790 945 3838 χρονογραφια,
975 3789 1017 3827 on
1041 3787 1083 3826 ne
1107 3774 1241 3841 posside
1266 3773 1379 3840 qu'une
1402 3773 1484 3826 trad.
1511 3773 1726 3826 armenlenne:
1754 3773 1800 3825 du

462 3862 544 3916 livre
561 3863 609 3926 ¹11,
638 3879 757 3927 χρονικοι
770 3860 887 3922 κανόνες,
914 3878 955 3916 on
986 3877 1005 3915 a
1035 3863 1067 3916 la
1092 3863 1217 3916 version
1242 3862 1443 3916 armenienne
1473 3864 1502 3915 et
1531 3877 1594 3916 une
1620 3862 1796 3914 traduction

462 3952 559 4006 latine
576 3952 617 4004 de
628 3951 658 4005 S.
671 3952 803 4016 Jerbme.
820 3951 985 4019 composee
1004 3965 1078 4005 vers
1097 3951 1159 4005 381.
1187 3951 1232 4005 Le
1243 3952 1357 4005 travail
1370 3950 1524 4005 d'Eusebe
1536 3951 1689 4004 s'arrltnit
1702 3950 1796 4004 a324„

463 4041 494 4096 8.
512 4041 635 4094 ,Ιέτοιιιε
653 4055 672 4093 a
690 4041 850 4108 poursnivi
868 4041 900 4095 la
917 4041 1088 4109 &ronique
1104 4041 1247 4108 jusqu'en
1264 4041 1326 4094 378.
1361 4041 1406 4093 Le
1430 4042 1516 4094 texte
1540 4040 1617 4093 latin
1640 4039 1681 4092 de
1699 4039 1729 4093 8.
1747 4039 1799 4092 le·

462 4133 549 4184 rbme
568 4147 586 4183 a
605 4129 690 4184 servi
707 4129 749 4182 de
772 4130 895 4183 modele
912 4131 944 4182 et
962 4131 1002 4183 de
1021 4130 1118 4183 debut
1136 4129 1155 4182 ὲ
1173 4130 1205 4183 la
1227 4131 1354 4198 plupart
1379 4129 1436 4183 des
1461 4129 1647 4196 chroniqnes
1672 4129 1796 4182 univer·

463 4219 557 4273 selles
575 4220 618 4273 du
635 4220 750 4289 Moyen
768 4218 841 4288 Age.
859 4219 919 4272 Sur
936 4220 983 4271 les
1003 4219 1136 4273 editions
1156 4219 1212 4273 des
1234 4219 1383 4273 Chronica
1409 4220 1440 4272 et
1467 4218 1514 4272 les
1533 4219 1665 4271 travaux
1684 4217 1703 4270 a
1721 4233 1796 4271 oon-

463 4309 570 4373 sniter,
589 4308 627 4361 ci.
645 4309 681 4360 A.
699 4309 866 4372 Momm,
885 4307 1017 4362 Sources
1034 4310 1072 4361 de
1092 4309 1191 4361 t'Hist.
1212 4310 1250 4362 de
1269 4309 1399 4371 Franco,
1417 4308 1439 4373 1,
1457 4304 1492 4360 n⁰
1509 4307 1573 4361 ⁶08.

571 4393 592 4463 ¹¹)
611 4399 693 4450 Pour
711 4397 895 4464 Asclepium.
914 4395 959 4451 ci.
978 4397 1008 4450 S.
1027 4396 1108 4450 Auo.
1133 4398 1180 4450 De
1201 4398 1285 4450 clvii.
1304 4399 1369 4460 Dei,
1387 4396 1465 4460 vm,
1483 4407 1576 4461 xxvn
1594 4396 1736 4449 Vnicum
1754 4403 1800 4446 DE

464 4486 637 4552 ΒΕΑΙΝΑΕ,
656 4485 817 4554 Speculum
835 4487 996 4550 Naturale,
1014 4486 1037 4550 1,
1055 4496 1088 4538 11.
