<?xml version="1.0" encoding="UTF-8"?>
<!DOCTYPE html PUBLIC "-//W3C//DTD XHTML 1.0 Transitional//EN"
    "http://www.w3.org/TR/xhtml1/DTD/xhtml1-transitional.dtd">
<html xmlns="http://www.w3.org/1999/xhtml" xml:lang="en" lang="en">
 <head>
  <title>
</title>
<meta http-equiv="Content-Type" content="text/html;charset=utf-8" />
  <meta name='ocr-system' content='tesseract 3.04.00' />
  <meta name='ocr-capabilities' content='ocr_page ocr_carea ocr_par ocr_line ocrx_word'/>
</head>
<body>
  <div class='ocr_page' id='page_1' title='image "./luculanoctis00domigoog_0188.png"; bbox 0 0 4300 6117; ppageno 0'>
   <div class='ocr_carea' id='block_1_1' title="bbox 452 882 1289 946">
    <p class='ocr_par' dir='ltr' id='par_1_1' title="bbox 452 882 1289 946">
     <span class='ocr_line' id='line_1_1' title="bbox 452 882 1289 946; baseline -0.002 0"><span class='ocrx_word' id='word_1_1' title='bbox 452 882 498 946; x_wconf 80' lang='lat'><strong>64</strong></span> <span class='ocrx_word' id='word_1_2' title='bbox 969 890 1129 945; x_wconf 85' lang='lat' dir='ltr'>LUCULA</span> <span class='ocrx_word' id='word_1_3' title='bbox 1150 888 1289 945; x_wconf 82' lang='lat' dir='ltr'>NOCTIS</span> 
     </span>
    </p>
   </div>
   <div class='ocr_carea' id='block_1_2' title="bbox 402 1111 1788 3973">
    <p class='ocr_par' dir='ltr' id='par_1_2' title="bbox 449 1111 1788 2691">
     <span class='ocr_line' id='line_1_2' title="bbox 450 1111 1786 1194; baseline 0 -18"><span class='ocrx_word' id='word_1_4' title='bbox 450 1114 557 1178; x_wconf 88' lang='lat' dir='ltr'><strong>Clara</strong></span> <span class='ocrx_word' id='word_1_5' title='bbox 579 1116 671 1188; x_wconf 88' lang='lat' dir='ltr'><strong>sunt,</strong></span> <span class='ocrx_word' id='word_1_6' title='bbox 697 1132 766 1193; x_wconf 88' lang='lat' dir='ltr'><strong>que</strong></span> <span class='ocrx_word' id='word_1_7' title='bbox 792 1114 905 1175; x_wconf 84' lang='lat' dir='ltr'><strong>tradit</strong></span> <span class='ocrx_word' id='word_1_8' title='bbox 930 1111 1149 1194; x_wconf 87' lang='lat' dir='ltr'><strong>Agellius,</strong></span> <span class='ocrx_word' id='word_1_9' title='bbox 1174 1114 1298 1177; x_wconf 88' lang='lat' dir='ltr'><strong>libro</strong></span> <span class='ocrx_word' id='word_1_10' title='bbox 1321 1113 1525 1177; x_wconf 87' lang='lat' dir='ltr'><strong>Noctium</strong></span> <span class='ocrx_word' id='word_1_11' title='bbox 1549 1112 1786 1187; x_wconf 85' lang='lat' dir='ltr'><strong>Aticarum,</strong></span> 
     </span>
     <span class='ocr_line' id='line_1_3' title="bbox 450 1221 1787 1302; baseline 0 -18"><span class='ocrx_word' id='word_1_12' title='bbox 450 1223 496 1284; x_wconf 92' lang='lat' dir='ltr'><strong>de</strong></span> <span class='ocrx_word' id='word_1_13' title='bbox 518 1221 693 1283; x_wconf 88' lang='lat' dir='ltr'><strong>aviditate</strong></span> <span class='ocrx_word' id='word_1_14' title='bbox 722 1221 1038 1300; x_wconf 82' lang='lat' dir='ltr'><strong>peripateticorum</strong></span> <span class='ocrx_word' id='word_1_15' title='bbox 1072 1222 1244 1301; x_wconf 86' lang='lat' dir='ltr'><strong>principis</strong></span> <span class='ocrx_word' id='word_1_16' title='bbox 1269 1222 1419 1283; x_wconf 91' lang='lat' dir='ltr'><strong>aliorum</strong></span> <span class='ocrx_word' id='word_1_17' title='bbox 1453 1221 1551 1283; x_wconf 91' lang='lat' dir='ltr'><strong>dicta</strong></span> <span class='ocrx_word' id='word_1_18' title='bbox 1575 1222 1787 1302; x_wconf 86' lang='lat' dir='ltr'><strong>scriptaque</strong></span> 
     </span>
     <span class='ocr_line' id='line_1_4' title="bbox 449 1326 1786 1409; baseline 0.001 -19"><span class='ocrx_word' id='word_1_19' title='bbox 449 1328 597 1390; x_wconf 90' lang='lat' dir='ltr'><strong>videndi</strong></span> <span class='ocrx_word' id='word_1_20' title='bbox 629 1330 666 1389; x_wconf 92' lang='lat' dir='ltr'><strong>et</strong></span> <span class='ocrx_word' id='word_1_21' title='bbox 688 1328 786 1407; x_wconf 88' lang='lat' dir='ltr'><strong>apud</strong></span> <span class='ocrx_word' id='word_1_22' title='bbox 810 1345 849 1389; x_wconf 90' lang='lat' dir='ltr'><strong>se</strong></span> <span class='ocrx_word' id='word_1_23' title='bbox 873 1328 1110 1389; x_wconf 90' lang='lat' dir='ltr'><strong>conservandi</strong></span> <span class='ocrx_word' id='word_1_24' title='bbox 1126 1326 1145 1389; x_wconf 82' lang='lat'><strong>¹.</strong></span> <span class='ocrx_word' id='word_1_25' title='bbox 1184 1326 1263 1390; x_wconf 92' lang='lat' dir='ltr'><strong>Non</strong></span> <span class='ocrx_word' id='word_1_26' title='bbox 1286 1330 1489 1408; x_wconf 83' lang='lat' dir='ltr'><strong>ignoramus</strong></span> <span class='ocrx_word' id='word_1_27' title='bbox 1524 1329 1786 1409; x_wconf 88' lang='lat' dir='ltr'><strong>peregrinacio-</strong></span> 
     </span>
     <span class='ocr_line' id='line_1_5' title="bbox 449 1434 1787 1515; baseline 0.001 -18"><span class='ocrx_word' id='word_1_28' title='bbox 449 1454 532 1497; x_wconf 92' lang='lat' dir='ltr'><strong>nem</strong></span> <span class='ocrx_word' id='word_1_29' title='bbox 546 1434 715 1507; x_wconf 86' lang='lat' dir='ltr'><strong>Platonis,</strong></span> <span class='ocrx_word' id='word_1_30' title='bbox 741 1437 781 1496; x_wconf 91' lang='lat' dir='ltr'><strong>ut</strong></span> <span class='ocrx_word' id='word_1_31' title='bbox 795 1452 918 1495; x_wconf 92' lang='lat' dir='ltr'><strong>omnes</strong></span> <span class='ocrx_word' id='word_1_32' title='bbox 933 1434 1044 1497; x_wconf 91' lang='lat' dir='ltr'><strong>libros</strong></span> <span class='ocrx_word' id='word_1_33' title='bbox 1061 1436 1175 1496; x_wconf 89' lang='lat' dir='ltr'><strong>eciam</strong></span> <span class='ocrx_word' id='word_1_34' title='bbox 1188 1453 1312 1497; x_wconf 89' lang='lat' dir='ltr'><strong>sacros</strong></span> <span class='ocrx_word' id='word_1_35' title='bbox 1335 1435 1526 1506; x_wconf 84' lang='lat' dir='ltr'><strong>evolveret,</strong></span> <span class='ocrx_word' id='word_1_36' title='bbox 1551 1435 1634 1497; x_wconf 92' lang='lat' dir='ltr'><strong>divo</strong></span> <span class='ocrx_word' id='word_1_37' title='bbox 1650 1434 1787 1515; x_wconf 88' lang='lat' dir='ltr'><strong>Augus·</strong></span> 
     </span>
     <span class='ocr_line' id='line_1_6' title="bbox 450 1539 1788 1622; baseline -0.001 -18"><span class='ocrx_word' id='word_1_38' title='bbox 450 1544 524 1604; x_wconf 92' lang='lat' dir='ltr'><strong>tino</strong></span> <span class='ocrx_word' id='word_1_39' title='bbox 559 1539 742 1603; x_wconf 78' lang='lat' dir='ltr'><strong>docente².</strong></span> <span class='ocrx_word' id='word_1_40' title='bbox 782 1539 875 1602; x_wconf 91' lang='lat' dir='ltr'><strong>Hinc</strong></span> <span class='ocrx_word' id='word_1_41' title='bbox 905 1541 1086 1603; x_wconf 89' lang='lat' dir='ltr'><strong>Anneus</strong></span> <span class='ocrx_word' id='word_1_42' title='bbox 1116 1540 1307 1613; x_wconf 79' lang='lat' dir='ltr'>Seneca,</span> <span class='ocrx_word' id='word_1_43' title='bbox 1348 1542 1549 1622; x_wconf 88' lang='lat' dir='ltr'><strong>epistola</strong></span> <span class='ocrx_word' id='word_1_44' title='bbox 1583 1543 1788 1604; x_wconf 91' lang='lat' dir='ltr'><strong>secunda</strong></span> 
     </span>
     <span class='ocr_line' id='line_1_7' title="bbox 449 1646 1786 1728; baseline -0.001 -16"><span class='ocrx_word' id='word_1_45' title='bbox 449 1651 505 1712; x_wconf 90' lang='lat' dir='ltr'><strong>sui</strong></span> <span class='ocrx_word' id='word_1_46' title='bbox 521 1648 776 1710; x_wconf 90' lang='lat' dir='ltr'><strong>emulacionem</strong></span> <span class='ocrx_word' id='word_1_47' title='bbox 792 1660 965 1728; x_wconf 90' lang='lat' dir='ltr'><strong>generans</strong></span> <span class='ocrx_word' id='word_1_48' title='bbox 977 1650 1118 1721; x_wconf 83' lang='lat' dir='ltr'><strong>bonam,</strong></span> <span class='ocrx_word' id='word_1_49' title='bbox 1135 1650 1187 1711; x_wconf 89' lang='lat' dir='ltr'><strong>sic</strong></span> <span class='ocrx_word' id='word_1_50' title='bbox 1203 1650 1362 1728; x_wconf 87' lang='lat' dir='ltr'><strong>loquitur</strong></span> <span class='ocrx_word' id='word_1_51' title='bbox 1378 1649 1427 1710; x_wconf 91' lang='lat' dir='ltr'><strong>ad</strong></span> <span class='ocrx_word' id='word_1_52' title='bbox 1440 1646 1632 1710; x_wconf 86' lang='lat' dir='ltr'><strong>Lucillum:</strong></span> <span class='ocrx_word' id='word_1_53' title='bbox 1660 1647 1786 1711; x_wconf 78' lang='lat' dir='ltr'><strong>«Soleo</strong></span> 
     </span>
     <span class='ocr_line' id='line_1_8' title="bbox 450 1754 1785 1835; baseline -0.001 -17"><span class='ocrx_word' id='word_1_54' title='bbox 450 1757 544 1819; x_wconf 92' lang='lat' dir='ltr'><strong>enim</strong></span> <span class='ocrx_word' id='word_1_55' title='bbox 559 1756 646 1816; x_wconf 92' lang='lat' dir='ltr'><strong>etin</strong></span> <span class='ocrx_word' id='word_1_56' title='bbox 661 1754 779 1816; x_wconf 88' lang='lat' dir='ltr'><strong>aliena</strong></span> <span class='ocrx_word' id='word_1_57' title='bbox 793 1757 913 1816; x_wconf 89' lang='lat' dir='ltr'><strong>castra</strong></span> <span class='ocrx_word' id='word_1_58' title='bbox 936 1756 1099 1829; x_wconf 90' lang='lat' dir='ltr'><strong>transire,</strong></span> <span class='ocrx_word' id='word_1_59' title='bbox 1125 1775 1197 1818; x_wconf 90' lang='lat' dir='ltr'><strong>non</strong></span> <span class='ocrx_word' id='word_1_60' title='bbox 1213 1758 1384 1835; x_wconf 86' lang='lat' dir='ltr'><strong>tanquam</strong></span> <span class='ocrx_word' id='word_1_61' title='bbox 1400 1757 1596 1835; x_wconf 83' lang='lat' dir='ltr'><strong>transfuga,</strong></span> <span class='ocrx_word' id='word_1_62' title='bbox 1623 1755 1688 1817; x_wconf 93' lang='lat' dir='ltr'><strong>sed</strong></span> <span class='ocrx_word' id='word_1_63' title='bbox 1710 1758 1785 1817; x_wconf 89' lang='lat' dir='ltr'><strong>tan-</strong></span> 
     </span>
     <span class='ocr_line' id='line_1_9' title="bbox 451 1860 1785 1942; baseline -0.001 -17"><span class='ocrx_word' id='word_1_64' title='bbox 451 1880 558 1942; x_wconf 87' lang='lat' dir='ltr'><strong>quam</strong></span> <span class='ocrx_word' id='word_1_65' title='bbox 581 1863 824 1941; x_wconf 80' lang='lat' dir='ltr'><strong>transiugator</strong></span> <span class='ocrx_word' id='word_1_66' title='bbox 840 1862 899 1924; x_wconf 95' lang='lat' dir='ltr'><strong>vel</strong></span> <span class='ocrx_word' id='word_1_67' title='bbox 918 1862 1142 1941; x_wconf 78' lang='lat' dir='ltr'><strong>explorator»</strong></span> <span class='ocrx_word' id='word_1_68' title='bbox 1158 1860 1179 1924; x_wconf 66' lang='grc' dir='ltr'><strong>Ι.</strong></span> <span class='ocrx_word' id='word_1_69' title='bbox 1205 1862 1350 1933; x_wconf 87' lang='lat' dir='ltr'><strong>lterum,</strong></span> <span class='ocrx_word' id='word_1_70' title='bbox 1375 1863 1575 1942; x_wconf 90' lang='lat' dir='ltr'><strong>epistola</strong></span> <span class='ocrx_word' id='word_1_71' title='bbox 1598 1871 1785 1935; x_wconf 79' lang='lat' dir='ltr'><strong>LXXXIV,</strong></span> 
     </span>
     <span class='ocr_line' id='line_1_10' title="bbox 450 1966 1787 2049; baseline -0.001 -18"><span class='ocrx_word' id='word_1_72' title='bbox 450 1969 590 2031; x_wconf 88' lang='lat' dir='ltr'><strong>scribit:</strong></span> <span class='ocrx_word' id='word_1_73' title='bbox 632 1966 763 2047; x_wconf 78' lang='lat' dir='ltr'><strong>«Apes</strong></span> <span class='ocrx_word' id='word_1_74' title='bbox 788 1968 959 2031; x_wconf 88' lang='lat' dir='ltr'><strong>debemus</strong></span> <span class='ocrx_word' id='word_1_75' title='bbox 992 1970 1134 2041; x_wconf 90' lang='lat' dir='ltr'><strong>imitari,</strong></span> <span class='ocrx_word' id='word_1_76' title='bbox 1177 1988 1258 2049; x_wconf 90' lang='lat' dir='ltr'><strong>que,</strong></span> <span class='ocrx_word' id='word_1_77' title='bbox 1283 1972 1323 2031; x_wconf 90' lang='lat' dir='ltr'><strong>ut</strong></span> <span class='ocrx_word' id='word_1_78' title='bbox 1346 1973 1520 2049; x_wconf 80' lang='lat' dir='ltr'><strong>vagantur</strong></span> <span class='ocrx_word' id='word_1_79' title='bbox 1544 1972 1580 2031; x_wconf 94' lang='lat' dir='ltr'><strong>et</strong></span> <span class='ocrx_word' id='word_1_80' title='bbox 1606 1970 1714 2031; x_wconf 87' lang='lat' dir='ltr'><strong>flores</strong></span> <span class='ocrx_word' id='word_1_81' title='bbox 1737 1969 1787 2030; x_wconf 92' lang='lat' dir='ltr'><strong>ad</strong></span> 
     </span>
     <span class='ocr_line' id='line_1_11' title="bbox 450 2075 1785 2156; baseline 0 -19"><span class='ocrx_word' id='word_1_82' title='bbox 450 2077 519 2138; x_wconf 96' lang='lat' dir='ltr'><strong>mel</strong></span> <span class='ocrx_word' id='word_1_83' title='bbox 539 2075 743 2138; x_wconf 85' lang='lat' dir='ltr'><strong>iaciendum</strong></span> <span class='ocrx_word' id='word_1_84' title='bbox 757 2076 916 2156; x_wconf 87' lang='lat' dir='ltr'><strong>ydoneos</strong></span> <span class='ocrx_word' id='word_1_85' title='bbox 931 2079 1101 2155; x_wconf 87' lang='lat' dir='ltr'><strong>carpunt;</strong></span> <span class='ocrx_word' id='word_1_86' title='bbox 1127 2077 1258 2138; x_wconf 90' lang='lat' dir='ltr'><strong>deinde</strong></span> <span class='ocrx_word' id='word_1_87' title='bbox 1278 2076 1450 2156; x_wconf 90' lang='lat' dir='ltr'><strong>quicquid</strong></span> <span class='ocrx_word' id='word_1_88' title='bbox 1468 2077 1643 2148; x_wconf 87' lang='lat' dir='ltr'><strong>attullere,</strong></span> <span class='ocrx_word' id='word_1_89' title='bbox 1666 2077 1785 2156; x_wconf 90' lang='lat' dir='ltr'><strong>dispo·</strong></span> 
     </span>
     <span class='ocr_line' id='line_1_12' title="bbox 449 2180 1787 2263; baseline 0 -19"><span class='ocrx_word' id='word_1_90' title='bbox 449 2185 539 2244; x_wconf 90' lang='lat' dir='ltr'><strong>nunt</strong></span> <span class='ocrx_word' id='word_1_91' title='bbox 562 2202 605 2244; x_wconf 91' lang='lat' dir='ltr'><strong>ac</strong></span> <span class='ocrx_word' id='word_1_92' title='bbox 629 2201 696 2261; x_wconf 92' lang='lat' dir='ltr'><strong>per</strong></span> <span class='ocrx_word' id='word_1_93' title='bbox 717 2180 819 2243; x_wconf 79' lang='lat' dir='ltr'><strong>favos</strong></span> <span class='ocrx_word' id='word_1_94' title='bbox 843 2182 1017 2261; x_wconf 91' lang='lat' dir='ltr'><strong>digerunt,</strong></span> <span class='ocrx_word' id='word_1_95' title='bbox 1043 2183 1094 2244; x_wconf 91' lang='lat' dir='ltr'><strong>ita</strong></span> <span class='ocrx_word' id='word_1_96' title='bbox 1119 2184 1300 2255; x_wconf 89' lang='lat' dir='ltr'><strong>debemus,</strong></span> <span class='ocrx_word' id='word_1_97' title='bbox 1327 2201 1552 2263; x_wconf 89' lang='lat' dir='ltr'><strong>quecumque</strong></span> <span class='ocrx_word' id='word_1_98' title='bbox 1575 2203 1618 2245; x_wconf 89' lang='lat' dir='ltr'><strong>ex</strong></span> <span class='ocrx_word' id='word_1_99' title='bbox 1642 2184 1787 2245; x_wconf 89' lang='lat' dir='ltr'><strong>diversa</strong></span> 
     </span>
     <span class='ocr_line' id='line_1_13' title="bbox 450 2290 1783 2369; baseline 0 -18"><span class='ocrx_word' id='word_1_100' title='bbox 450 2290 603 2351; x_wconf 90' lang='lat' dir='ltr'><strong>lectione</strong></span> <span class='ocrx_word' id='word_1_101' title='bbox 627 2290 875 2368; x_wconf 83' lang='lat' dir='ltr'><strong>congessimus,</strong></span> <span class='ocrx_word' id='word_1_102' title='bbox 906 2307 1085 2369; x_wconf 89' lang='lat' dir='ltr'><strong>separare,</strong></span> <span class='ocrx_word' id='word_1_103' title='bbox 1122 2291 1248 2351; x_wconf 89' lang='lat' dir='ltr'><strong>melius</strong></span> <span class='ocrx_word' id='word_1_104' title='bbox 1274 2292 1369 2352; x_wconf 89' lang='lat' dir='ltr'><strong>enim</strong></span> <span class='ocrx_word' id='word_1_105' title='bbox 1392 2291 1562 2353; x_wconf 89' lang='lat' dir='ltr'><strong>distincta</strong></span> <span class='ocrx_word' id='word_1_106' title='bbox 1585 2294 1783 2362; x_wconf 91' lang='lat' dir='ltr'><strong>servantur,</strong></span> 
     </span>
     <span class='ocr_line' id='line_1_14' title="bbox 450 2394 1787 2477; baseline 0 -19"><span class='ocrx_word' id='word_1_107' title='bbox 450 2395 582 2458; x_wconf 91' lang='lat' dir='ltr'><strong>deinde</strong></span> <span class='ocrx_word' id='word_1_108' title='bbox 605 2394 654 2456; x_wconf 89' lang='lat' dir='ltr'><strong>ad</strong></span> <span class='ocrx_word' id='word_1_109' title='bbox 683 2395 842 2459; x_wconf 87' lang='lat' dir='ltr'><strong>debitam</strong></span> <span class='ocrx_word' id='word_1_110' title='bbox 873 2397 1080 2459; x_wconf 76' lang='lat' dir='ltr'><strong>facultatem</strong></span> <span class='ocrx_word' id='word_1_111' title='bbox 1116 2398 1246 2477; x_wconf 89' lang='lat' dir='ltr'><strong>ingenii</strong></span> <span class='ocrx_word' id='word_1_112' title='bbox 1283 2399 1319 2458; x_wconf 91' lang='lat' dir='ltr'><strong>in</strong></span> <span class='ocrx_word' id='word_1_113' title='bbox 1350 2417 1459 2459; x_wconf 91' lang='lat' dir='ltr'><strong>unum</strong></span> <span class='ocrx_word' id='word_1_114' title='bbox 1495 2416 1660 2477; x_wconf 90' lang='lat' dir='ltr'><strong>saporem</strong></span> <span class='ocrx_word' id='word_1_115' title='bbox 1684 2397 1787 2458; x_wconf 89' lang='lat' dir='ltr'><strong>varia</strong></span> 
     </span>
     <span class='ocr_line' id='line_1_15' title="bbox 450 2502 1784 2585; baseline 0.001 -21"><span class='ocrx_word' id='word_1_116' title='bbox 450 2503 512 2564; x_wconf 89' lang='lat' dir='ltr'><strong>illa</strong></span> <span class='ocrx_word' id='word_1_117' title='bbox 535 2502 729 2564; x_wconf 82' lang='lat' dir='ltr'><strong>libamenta</strong></span> <span class='ocrx_word' id='word_1_118' title='bbox 753 2503 980 2575; x_wconf 82' lang='lat' dir='ltr'><strong>contundere,</strong></span> <span class='ocrx_word' id='word_1_119' title='bbox 1005 2506 1045 2565; x_wconf 92' lang='lat' dir='ltr'><strong>ut</strong></span> <span class='ocrx_word' id='word_1_120' title='bbox 1060 2505 1184 2575; x_wconf 88' lang='lat' dir='ltr'><strong>eciam,</strong></span> <span class='ocrx_word' id='word_1_121' title='bbox 1210 2505 1240 2567; x_wconf 89' lang='lat' dir='ltr'><strong>si</strong></span> <span class='ocrx_word' id='word_1_122' title='bbox 1265 2505 1479 2585; x_wconf 90' lang='lat' dir='ltr'><strong>apparuerit</strong></span> <span class='ocrx_word' id='word_1_123' title='bbox 1494 2505 1589 2566; x_wconf 89' lang='lat' dir='ltr'><strong>unde</strong></span> <span class='ocrx_word' id='word_1_124' title='bbox 1605 2507 1784 2585; x_wconf 91' lang='lat' dir='ltr'><strong>sumptum</strong></span> 
     </span>
     <span class='ocr_line' id='line_1_16' title="bbox 451 2609 1676 2691; baseline 0 -19"><span class='ocrx_word' id='word_1_125' title='bbox 451 2612 514 2682; x_wconf 86' lang='lat' dir='ltr'><strong>est,</strong></span> <span class='ocrx_word' id='word_1_126' title='bbox 539 2609 639 2670; x_wconf 90' lang='lat' dir='ltr'><strong>aliud</strong></span> <span class='ocrx_word' id='word_1_127' title='bbox 662 2611 781 2670; x_wconf 90' lang='lat' dir='ltr'><strong>tamen</strong></span> <span class='ocrx_word' id='word_1_128' title='bbox 804 2627 883 2671; x_wconf 88' lang='lat' dir='ltr'><strong>esse</strong></span> <span class='ocrx_word' id='word_1_129' title='bbox 907 2627 1015 2689; x_wconf 91' lang='lat' dir='ltr'><strong>quam</strong></span> <span class='ocrx_word' id='word_1_130' title='bbox 1039 2612 1135 2673; x_wconf 91' lang='lat' dir='ltr'><strong>unde</strong></span> <span class='ocrx_word' id='word_1_131' title='bbox 1158 2614 1338 2691; x_wconf 90' lang='lat' dir='ltr'><strong>sumptum</strong></span> <span class='ocrx_word' id='word_1_132' title='bbox 1365 2615 1420 2674; x_wconf 93' lang='lat' dir='ltr'><strong>est</strong></span> <span class='ocrx_word' id='word_1_133' title='bbox 1443 2610 1676 2691; x_wconf 63' lang='lat' dir='ltr'><strong>appareatii.</strong></span> 
     </span>
    </p>

    <p class='ocr_par' dir='ltr' id='par_1_3' title="bbox 402 2714 1785 3973">
     <span class='ocr_line' id='line_1_17' title="bbox 402 2714 1784 2798; baseline 0.001 -21"><span class='ocrx_word' id='word_1_134' title='bbox 402 2715 434 2779; x_wconf 89' lang='lat'><strong>3.</strong></span> <span class='ocrx_word' id='word_1_135' title='bbox 555 2714 642 2777; x_wconf 93' lang='lat' dir='ltr'><strong>Ideo</strong></span> <span class='ocrx_word' id='word_1_136' title='bbox 680 2717 858 2777; x_wconf 88' lang='lat' dir='ltr'><strong>instruens</strong></span> <span class='ocrx_word' id='word_1_137' title='bbox 882 2718 1153 2780; x_wconf 91' lang='lat' dir='ltr'><strong>venerabilis</strong></span> <span class='ocrx_word' id='word_1_138' title='bbox 1178 2717 1309 2798; x_wconf 88' lang='lat' dir='ltr'><strong>Hugo</strong></span> <span class='ocrx_word' id='word_1_139' title='bbox 1332 2718 1628 2797; x_wconf 82' lang='lat' dir='ltr'><strong>adquerendam</strong></span> <span class='ocrx_word' id='word_1_140' title='bbox 1653 2718 1784 2779; x_wconf 91' lang='lat' dir='ltr'><strong>doctri·</strong></span> 
     </span>
     <span class='ocr_line' id='line_1_18' title="bbox 448 2822 1782 2897; baseline 0 -13"><span class='ocrx_word' id='word_1_141' title='bbox 448 2842 532 2884; x_wconf 91' lang='lat' dir='ltr'><strong>nam</strong></span> <span class='ocrx_word' id='word_1_142' title='bbox 566 2822 723 2884; x_wconf 90' lang='lat' dir='ltr'><strong>scolares</strong></span> <span class='ocrx_word' id='word_1_143' title='bbox 739 2823 743 2836; x_wconf 85' lang='lat'>&#39;</span> <span class='ocrx_word' id='word_1_144' title='bbox 761 2823 924 2895; x_wconf 90' lang='lat' dir='ltr'><strong>docebat,</strong></span> <span class='ocrx_word' id='word_1_145' title='bbox 966 2824 1105 2887; x_wconf 88' lang='lat' dir='ltr'><strong>dicens:</strong></span> <span class='ocrx_word' id='word_1_146' title='bbox 1156 2824 1338 2887; x_wconf 70' lang='lat' dir='ltr'><strong>«Prudens</strong></span> <span class='ocrx_word' id='word_1_147' title='bbox 1374 2826 1498 2896; x_wconf 89' lang='lat' dir='ltr'><strong>lector,</strong></span> <span class='ocrx_word' id='word_1_148' title='bbox 1539 2825 1595 2886; x_wconf 94' lang='lat' dir='ltr'><strong>vel</strong></span> <span class='ocrx_word' id='word_1_149' title='bbox 1629 2825 1782 2897; x_wconf 88' lang='lat' dir='ltr'><strong>auditor,</strong></span> 
     </span>
     <span class='ocr_line' id='line_1_19' title="bbox 449 2929 1780 3011; baseline 0 -19"><span class='ocrx_word' id='word_1_150' title='bbox 449 2948 571 2992; x_wconf 91' lang='lat' dir='ltr'><strong>omnes</strong></span> <span class='ocrx_word' id='word_1_151' title='bbox 594 2929 749 2991; x_wconf 89' lang='lat' dir='ltr'><strong>libenter</strong></span> <span class='ocrx_word' id='word_1_152' title='bbox 771 2930 881 3003; x_wconf 92' lang='lat' dir='ltr'><strong>audit,</strong></span> <span class='ocrx_word' id='word_1_153' title='bbox 907 2932 1026 2992; x_wconf 89' lang='lat' dir='ltr'><strong>omnia</strong></span> <span class='ocrx_word' id='word_1_154' title='bbox 1049 2932 1141 3011; x_wconf 92' lang='lat' dir='ltr'><strong>legit,</strong></span> <span class='ocrx_word' id='word_1_155' title='bbox 1165 2951 1238 2994; x_wconf 91' lang='lat' dir='ltr'><strong>non</strong></span> <span class='ocrx_word' id='word_1_156' title='bbox 1255 2933 1479 3011; x_wconf 89' lang='lat' dir='ltr'><strong>scripturam,</strong></span> <span class='ocrx_word' id='word_1_157' title='bbox 1505 2951 1577 2994; x_wconf 91' lang='lat' dir='ltr'><strong>non</strong></span> <span class='ocrx_word' id='word_1_158' title='bbox 1599 2932 1780 3011; x_wconf 89' lang='lat' dir='ltr'><strong>periciam,</strong></span> 
     </span>
     <span class='ocr_line' id='line_1_20' title="bbox 447 3036 1783 3118; baseline 0.001 -21"><span class='ocrx_word' id='word_1_159' title='bbox 447 3055 519 3097; x_wconf 90' lang='lat' dir='ltr'><strong>nou</strong></span> <span class='ocrx_word' id='word_1_160' title='bbox 542 3036 741 3098; x_wconf 88' lang='lat' dir='ltr'><strong>doctrinam</strong></span> <span class='ocrx_word' id='word_1_161' title='bbox 764 3038 909 3116; x_wconf 89' lang='lat' dir='ltr'><strong>spernit,</strong></span> <span class='ocrx_word' id='word_1_162' title='bbox 934 3040 981 3100; x_wconf 89' lang='lat' dir='ltr'><strong>ab</strong></span> <span class='ocrx_word' id='word_1_163' title='bbox 1005 3040 1169 3100; x_wconf 90' lang='lat' dir='ltr'><strong>omnibus</strong></span> <span class='ocrx_word' id='word_1_164' title='bbox 1194 3039 1443 3101; x_wconf 78' lang='lat' dir='ltr'><strong>indifferenter</strong></span> <span class='ocrx_word' id='word_1_165' title='bbox 1466 3039 1564 3118; x_wconf 91' lang='lat' dir='ltr'><strong>quod</strong></span> <span class='ocrx_word' id='word_1_166' title='bbox 1588 3038 1657 3100; x_wconf 91' lang='lat' dir='ltr'><strong>sibi</strong></span> <span class='ocrx_word' id='word_1_167' title='bbox 1680 3038 1783 3099; x_wconf 87' lang='lat' dir='ltr'><strong>deest</strong></span> 
     </span>
     <span class='ocr_line' id='line_1_21' title="bbox 448 3143 1782 3225; baseline -0.001 -19"><span class='ocrx_word' id='word_1_168' title='bbox 448 3147 484 3206; x_wconf 92' lang='lat' dir='ltr'><strong>et</strong></span> <span class='ocrx_word' id='word_1_169' title='bbox 508 3143 606 3223; x_wconf 88' lang='lat' dir='ltr'><strong>quod</strong></span> <span class='ocrx_word' id='word_1_170' title='bbox 629 3143 756 3205; x_wconf 89' lang='lat' dir='ltr'><strong>deesse</strong></span> <span class='ocrx_word' id='word_1_171' title='bbox 777 3143 878 3205; x_wconf 91' lang='lat' dir='ltr'><strong>videt</strong></span> <span class='ocrx_word' id='word_1_172' title='bbox 902 3146 1028 3223; x_wconf 90' lang='lat' dir='ltr'><strong>querit,</strong></span> <span class='ocrx_word' id='word_1_173' title='bbox 1067 3164 1139 3206; x_wconf 90' lang='lat' dir='ltr'><strong>non</strong></span> <span class='ocrx_word' id='word_1_174' title='bbox 1176 3148 1349 3225; x_wconf 88' lang='lat' dir='ltr'><strong>quantum</strong></span> <span class='ocrx_word' id='word_1_175' title='bbox 1381 3147 1480 3217; x_wconf 90' lang='lat' dir='ltr'><strong>sciat,</strong></span> <span class='ocrx_word' id='word_1_176' title='bbox 1517 3145 1582 3206; x_wconf 87' lang='lat' dir='ltr'><strong>sed</strong></span> <span class='ocrx_word' id='word_1_177' title='bbox 1608 3148 1782 3224; x_wconf 90' lang='lat' dir='ltr'><strong>quantum</strong></span> 
     </span>
     <span class='ocr_line' id='line_1_22' title="bbox 447 3247 1780 3331; baseline -0.001 -19"><span class='ocrx_word' id='word_1_178' title='bbox 447 3252 597 3331; x_wconf 88' lang='lat' dir='ltr'><strong>ignorat,</strong></span> <span class='ocrx_word' id='word_1_179' title='bbox 632 3247 898 3312; x_wconf 74' lang='lat' dir='ltr'><strong>considerat›⁵.</strong></span> <span class='ocrx_word' id='word_1_180' title='bbox 944 3250 1110 3313; x_wconf 86' lang='lat' dir='ltr'><strong>Delectat</strong></span> <span class='ocrx_word' id='word_1_181' title='bbox 1143 3252 1291 3331; x_wconf 89' lang='lat' dir='ltr'><strong>insuper</strong></span> <span class='ocrx_word' id='word_1_182' title='bbox 1324 3251 1382 3314; x_wconf 92' lang='lat' dir='ltr'><strong>hic</strong></span> <span class='ocrx_word' id='word_1_183' title='bbox 1403 3270 1549 3331; x_wconf 82' lang='lat' dir='ltr'><strong>ponere</strong></span> <span class='ocrx_word' id='word_1_184' title='bbox 1582 3250 1780 3313; x_wconf 90' lang='lat' dir='ltr'><strong>beatissimi</strong></span> 
     </span>
     <span class='ocr_line' id='line_1_23' title="bbox 447 3356 1783 3439; baseline 0 -22"><span class='ocrx_word' id='word_1_185' title='bbox 447 3357 689 3419; x_wconf 88' lang='lat' dir='ltr'><strong>leronimi</strong></span> <span class='ocrx_word' id='word_1_186' title='bbox 724 3356 1056 3422; x_wconf 88' lang='lat' dir='ltr'><strong>determinationem</strong></span> <span class='ocrx_word' id='word_1_187' title='bbox 1079 3359 1289 3439; x_wconf 88' lang='lat' dir='ltr'><strong>preclaram,</strong></span> <span class='ocrx_word' id='word_1_188' title='bbox 1317 3362 1428 3420; x_wconf 90' lang='lat' dir='ltr'><strong>totam</strong></span> <span class='ocrx_word' id='word_1_189' title='bbox 1444 3359 1536 3421; x_wconf 91' lang='lat' dir='ltr'><strong>hanc</strong></span> <span class='ocrx_word' id='word_1_190' title='bbox 1561 3357 1783 3438; x_wconf 90' lang='lat' dir='ltr'><strong>questionem</strong></span> 
     </span>
     <span class='ocr_line' id='line_1_24' title="bbox 447 3463 1782 3545; baseline -0.002 -19"><span class='ocrx_word' id='word_1_191' title='bbox 447 3464 669 3544; x_wconf 90' lang='lat' dir='ltr'><strong>sigillantem.</strong></span> <span class='ocrx_word' id='word_1_192' title='bbox 708 3463 769 3525; x_wconf 89' lang='lat' dir='ltr'><strong>Ait</strong></span> <span class='ocrx_word' id='word_1_193' title='bbox 792 3482 945 3543; x_wconf 90' lang='lat' dir='ltr'><strong>namque</strong></span> <span class='ocrx_word' id='word_1_194' title='bbox 968 3466 1023 3525; x_wconf 96' lang='lat' dir='ltr'><strong>ad</strong></span> <span class='ocrx_word' id='word_1_195' title='bbox 1046 3464 1250 3545; x_wconf 87' lang='lat' dir='ltr'><strong>Magnum</strong></span> <span class='ocrx_word' id='word_1_196' title='bbox 1274 3468 1509 3527; x_wconf 91' lang='lat' dir='ltr'><strong>oratorem</strong></span> <span class='ocrx_word' id='word_1_197' title='bbox 1534 3482 1782 3527; x_wconf 90' lang='lat' dir='ltr'><strong>romanum:</strong></span> 
     </span>
     <span class='ocr_line' id='line_1_25' title="bbox 450 3569 1781 3656; baseline -0.002 -24"><span class='ocrx_word' id='word_1_198' title='bbox 450 3569 605 3656; x_wconf 75' lang='lat' dir='ltr'><strong>«Queris</strong></span> <span class='ocrx_word' id='word_1_199' title='bbox 628 3571 752 3633; x_wconf 89' lang='lat' dir='ltr'><strong>curin</strong></span> <span class='ocrx_word' id='word_1_200' title='bbox 775 3571 955 3649; x_wconf 87' lang='lat' dir='ltr'><strong>opusculis</strong></span> <span class='ocrx_word' id='word_1_201' title='bbox 971 3574 1112 3643; x_wconf 90' lang='lat' dir='ltr'><strong>nostris,</strong></span> <span class='ocrx_word' id='word_1_202' title='bbox 1136 3573 1350 3634; x_wconf 85' lang='lat' dir='ltr'><strong>secularium</strong></span> <span class='ocrx_word' id='word_1_203' title='bbox 1373 3573 1573 3634; x_wconf 90' lang='lat' dir='ltr'><strong>litterarum</strong></span> <span class='ocrx_word' id='word_1_204' title='bbox 1600 3570 1781 3633; x_wconf 89' lang='lat' dir='ltr'><strong>interdum</strong></span> 
     </span>
     <span class='ocr_line' id='line_1_26' title="bbox 448 3677 1781 3758; baseline -0.001 -19"><span class='ocrx_word' id='word_1_205' title='bbox 448 3678 610 3756; x_wconf 86' lang='lat' dir='ltr'><strong>exempla</strong></span> <span class='ocrx_word' id='word_1_206' title='bbox 633 3695 807 3757; x_wconf 88' lang='lat' dir='ltr'><strong>ponamus</strong></span> <span class='ocrx_word' id='word_1_207' title='bbox 821 3681 852 3749; x_wconf 78' lang='lat'><strong>⁸,</strong></span> <span class='ocrx_word' id='word_1_208' title='bbox 878 3679 1142 3758; x_wconf 89' lang='lat' dir='ltr'><strong>candoremque</strong></span> <span class='ocrx_word' id='word_1_209' title='bbox 1163 3678 1303 3741; x_wconf 91' lang='lat' dir='ltr'><strong>Eclesie</strong></span> <span class='ocrx_word' id='word_1_210' title='bbox 1327 3680 1548 3741; x_wconf 90' lang='lat' dir='ltr'><strong>ethnicorum</strong></span> <span class='ocrx_word' id='word_1_211' title='bbox 1573 3678 1683 3741; x_wconf 93' lang='lat' dir='ltr'><strong>sorde</strong></span> <span class='ocrx_word' id='word_1_212' title='bbox 1707 3677 1781 3757; x_wconf 94' lang='lat' dir='ltr'><strong>pol·</strong></span> 
     </span>
     <span class='ocr_line' id='line_1_27' title="bbox 447 3783 1784 3866; baseline -0.002 -19"><span class='ocrx_word' id='word_1_213' title='bbox 447 3784 611 3847; x_wconf 83' lang='lat' dir='ltr'><strong>luamus?</strong></span> <span class='ocrx_word' id='word_1_214' title='bbox 648 3784 872 3863; x_wconf 89' lang='lat' dir='ltr'><strong>Responsum</strong></span> <span class='ocrx_word' id='word_1_215' title='bbox 894 3786 1053 3848; x_wconf 90' lang='lat' dir='ltr'><strong>breviter</strong></span> <span class='ocrx_word' id='word_1_216' title='bbox 1074 3786 1223 3849; x_wconf 89' lang='lat' dir='ltr'><strong>habeto:</strong></span> <span class='ocrx_word' id='word_1_217' title='bbox 1252 3805 1435 3866; x_wconf 91' lang='lat' dir='ltr'><strong>nunquam</strong></span> <span class='ocrx_word' id='word_1_218' title='bbox 1458 3787 1524 3848; x_wconf 92' lang='lat' dir='ltr'><strong>hoc</strong></span> <span class='ocrx_word' id='word_1_219' title='bbox 1552 3802 1689 3865; x_wconf 90' lang='lat' dir='ltr'><strong>queres,</strong></span> <span class='ocrx_word' id='word_1_220' title='bbox 1715 3783 1784 3845; x_wconf 90' lang='lat' dir='ltr'><strong>nisi</strong></span> 
     </span>
     <span class='ocr_line' id='line_1_28' title="bbox 447 3888 1785 3973; baseline -0.001 -19"><span class='ocrx_word' id='word_1_221' title='bbox 447 3894 483 3954; x_wconf 88' lang='lat' dir='ltr'><strong>te</strong></span> <span class='ocrx_word' id='word_1_222' title='bbox 519 3894 631 3953; x_wconf 85' lang='lat' dir='ltr'><strong>totum</strong></span> <span class='ocrx_word' id='word_1_223' title='bbox 659 3888 795 3953; x_wconf 88' lang='lat' dir='ltr'><strong>Tullius</strong></span> <span class='ocrx_word' id='word_1_224' title='bbox 829 3893 1039 3972; x_wconf 88' lang='lat' dir='ltr'><strong>possideret,</strong></span> <span class='ocrx_word' id='word_1_225' title='bbox 1078 3894 1109 3955; x_wconf 88' lang='lat' dir='ltr'><strong>si</strong></span> <span class='ocrx_word' id='word_1_226' title='bbox 1143 3892 1348 3973; x_wconf 86' lang='lat' dir='ltr'><strong>Scripturas</strong></span> <span class='ocrx_word' id='word_1_227' title='bbox 1378 3896 1521 3955; x_wconf 88' lang='lat' dir='ltr'><strong>sanctas</strong></span> <span class='ocrx_word' id='word_1_228' title='bbox 1560 3893 1705 3973; x_wconf 89' lang='lat' dir='ltr'><strong>legeres,</strong></span> <span class='ocrx_word' id='word_1_229' title='bbox 1747 3893 1785 3953; x_wconf 91' lang='lat' dir='ltr'><strong>et</strong></span> 
     </span>
    </p>
   </div>
   <div class='ocr_carea' id='block_1_3' title="bbox 448 4104 662 4113">
    <p class='ocr_par' dir='ltr' id='par_1_4' title="bbox 448 4104 662 4113">
     <span class='ocr_line' id='line_1_29' title="bbox 448 4104 662 4113; baseline -0.009 0"><span class='ocrx_word' id='word_1_230' title='bbox 448 4104 662 4113; x_wconf 51' lang='grc'><strong>*-</strong></span> 
     </span>
    </p>
   </div>
   <div class='ocr_carea' id='block_1_4' title="bbox 553 4297 1555 4364">
    <p class='ocr_par' dir='ltr' id='par_1_5' title="bbox 553 4297 1555 4364">
     <span class='ocr_line' id='line_1_30' title="bbox 553 4297 1555 4364; baseline -0.002 -13"><span class='ocrx_word' id='word_1_231' title='bbox 553 4302 586 4363; x_wconf 85' lang='grc' dir='ltr'><strong>α)</strong></span> <span class='ocrx_word' id='word_1_232' title='bbox 605 4324 638 4333; x_wconf 87' lang='grc'><strong>-</strong></span> <span class='ocrx_word' id='word_1_233' title='bbox 657 4299 884 4364; x_wconf 83' lang='lat' dir='ltr'><strong>candoremque</strong></span> <span class='ocrx_word' id='word_1_234' title='bbox 903 4297 1033 4350; x_wconf 87' lang='lat' dir='ltr'><strong>ecclesie</strong></span> <span class='ocrx_word' id='word_1_235' title='bbox 1051 4298 1245 4351; x_wconf 88' lang='lat' dir='ltr'><strong>ethnicorum</strong></span> <span class='ocrx_word' id='word_1_236' title='bbox 1263 4298 1355 4350; x_wconf 88' lang='lat' dir='ltr'><strong>sorde</strong></span> <span class='ocrx_word' id='word_1_237' title='bbox 1373 4297 1555 4364; x_wconf 86' lang='lat' dir='ltr'><strong>polluamus.</strong></span> 
     </span>
    </p>
   </div>
   <div class='ocr_carea' id='block_1_5' title="bbox 444 4465 1782 5245">
    <p class='ocr_par' dir='ltr' id='par_1_6' title="bbox 445 4465 1782 4711">
     <span class='ocr_line' id='line_1_31' title="bbox 554 4465 1782 4534; baseline -0.004 -13"><span class='ocrx_word' id='word_1_238' title='bbox 554 4466 576 4534; x_wconf 92' lang='lat'><strong>¹)</strong></span> <span class='ocrx_word' id='word_1_239' title='bbox 593 4468 628 4521; x_wconf 80' lang='lat' dir='ltr'><strong>A.</strong></span> <span class='ocrx_word' id='word_1_240' title='bbox 648 4468 743 4519; x_wconf 74' lang='lat' dir='ltr'>GELL.</span> <span class='ocrx_word' id='word_1_241' title='bbox 764 4467 852 4519; x_wconf 85' lang='lat' dir='ltr'><strong>Noet.</strong></span> <span class='ocrx_word' id='word_1_242' title='bbox 870 4465 962 4518; x_wconf 81' lang='lat' dir='ltr'><strong>Attio.</strong></span> <span class='ocrx_word' id='word_1_243' title='bbox 977 4466 1027 4529; x_wconf 90' lang='lat'><strong>111,</strong></span> <span class='ocrx_word' id='word_1_244' title='bbox 1040 4476 1120 4519; x_wconf 80' lang='lat' dir='ltr'><strong>XVII:</strong></span> <span class='ocrx_word' id='word_1_245' title='bbox 1142 4466 1362 4519; x_wconf 80' lang='lat' dir='ltr'><strong>«Aristotelem</strong></span> <span class='ocrx_word' id='word_1_246' title='bbox 1381 4480 1504 4532; x_wconf 90' lang='lat' dir='ltr'><strong>quoque</strong></span> <span class='ocrx_word' id='word_1_247' title='bbox 1522 4465 1669 4517; x_wconf 83' lang='lat' dir='ltr'><strong>traditum</strong></span> <span class='ocrx_word' id='word_1_248' title='bbox 1684 4465 1782 4517; x_wconf 85' lang='lat' dir='ltr'><strong>libros</strong></span> 
     </span>
     <span class='ocr_line' id='line_1_32' title="bbox 445 4554 1781 4628; baseline -0.004 -16"><span class='ocrx_word' id='word_1_249' title='bbox 445 4560 593 4628; x_wconf 87' lang='lat' dir='ltr'><strong>pauculos</strong></span> <span class='ocrx_word' id='word_1_250' title='bbox 621 4556 785 4624; x_wconf 85' lang='lat' dir='ltr'><strong>Speusippi</strong></span> <span class='ocrx_word' id='word_1_251' title='bbox 810 4555 994 4622; x_wconf 86' lang='lat' dir='ltr'><strong>philosophi,</strong></span> <span class='ocrx_word' id='word_1_252' title='bbox 1019 4557 1090 4622; x_wconf 89' lang='lat' dir='ltr'><strong>post</strong></span> <span class='ocrx_word' id='word_1_253' title='bbox 1117 4556 1250 4607; x_wconf 91' lang='lat' dir='ltr'><strong>mortem</strong></span> <span class='ocrx_word' id='word_1_254' title='bbox 1277 4556 1358 4621; x_wconf 80' lang='lat' dir='ltr'><strong>ejus,</strong></span> <span class='ocrx_word' id='word_1_255' title='bbox 1386 4554 1496 4607; x_wconf 89' lang='lat' dir='ltr'><strong>emisse</strong></span> <span class='ocrx_word' id='word_1_256' title='bbox 1527 4554 1653 4608; x_wconf 83' lang='lat' dir='ltr'><strong>talentis</strong></span> <span class='ocrx_word' id='word_1_257' title='bbox 1682 4554 1781 4606; x_wconf 83' lang='lat' dir='ltr'><strong>atticis</strong></span> 
     </span>
     <span class='ocr_line' id='line_1_33' title="bbox 445 4643 1505 4711; baseline -0.006 -10"><span class='ocrx_word' id='word_1_258' title='bbox 445 4650 554 4701; x_wconf 90' lang='lat' dir='ltr'><strong>tribus.</strong></span> <span class='ocrx_word' id='word_1_259' title='bbox 590 4646 636 4698; x_wconf 89' lang='lat' dir='ltr'><strong>Ea</strong></span> <span class='ocrx_word' id='word_1_260' title='bbox 656 4660 774 4698; x_wconf 88' lang='lat' dir='ltr'><strong>summa</strong></span> <span class='ocrx_word' id='word_1_261' title='bbox 792 4643 828 4697; x_wconf 83' lang='lat' dir='ltr'><strong>iit</strong></span> <span class='ocrx_word' id='word_1_262' title='bbox 845 4644 931 4697; x_wconf 89' lang='lat' dir='ltr'><strong>numi</strong></span> <span class='ocrx_word' id='word_1_263' title='bbox 950 4645 1049 4697; x_wconf 90' lang='lat' dir='ltr'><strong>nostri</strong></span> <span class='ocrx_word' id='word_1_264' title='bbox 1067 4644 1125 4697; x_wconf 89' lang='lat' dir='ltr'><strong>HS.</strong></span> <span class='ocrx_word' id='word_1_265' title='bbox 1144 4645 1206 4697; x_wconf 92' lang='lat' dir='ltr'><strong>duo</strong></span> <span class='ocrx_word' id='word_1_266' title='bbox 1225 4645 1256 4696; x_wconf 92' lang='lat' dir='ltr'><strong>et</strong></span> <span class='ocrx_word' id='word_1_267' title='bbox 1274 4644 1505 4711; x_wconf 81' lang='lat' dir='ltr'><strong>septuaginta».</strong></span> 
     </span>
    </p>

    <p class='ocr_par' dir='ltr' id='par_1_7' title="bbox 445 4731 1780 4893">
     <span class='ocr_line' id='line_1_34' title="bbox 553 4731 1780 4802; baseline -0.001 -15"><span class='ocrx_word' id='word_1_268' title='bbox 553 4732 573 4800; x_wconf 79' lang='lat'><strong>²)</strong></span> <span class='ocrx_word' id='word_1_269' title='bbox 593 4734 652 4788; x_wconf 91' lang='lat' dir='ltr'><strong>Sur</strong></span> <span class='ocrx_word' id='word_1_270' title='bbox 670 4736 716 4787; x_wconf 86' lang='lat' dir='ltr'><strong>les</strong></span> <span class='ocrx_word' id='word_1_271' title='bbox 732 4740 867 4802; x_wconf 83' lang='lat' dir='ltr'><strong>voyages</strong></span> <span class='ocrx_word' id='word_1_272' title='bbox 885 4734 925 4785; x_wconf 91' lang='lat' dir='ltr'><strong>de</strong></span> <span class='ocrx_word' id='word_1_273' title='bbox 944 4734 1062 4796; x_wconf 90' lang='lat' dir='ltr'><strong>Platon,</strong></span> <span class='ocrx_word' id='word_1_274' title='bbox 1088 4732 1127 4785; x_wconf 81' lang='lat' dir='ltr'><strong>ct.</strong></span> <span class='ocrx_word' id='word_1_275' title='bbox 1148 4732 1177 4784; x_wconf 90' lang='lat' dir='ltr'><strong>S.</strong></span> <span class='ocrx_word' id='word_1_276' title='bbox 1195 4731 1276 4786; x_wconf 76' lang='lat' dir='ltr'><strong>Auo.</strong></span> <span class='ocrx_word' id='word_1_277' title='bbox 1299 4734 1346 4785; x_wconf 87' lang='lat' dir='ltr'><strong>De</strong></span> <span class='ocrx_word' id='word_1_278' title='bbox 1367 4732 1450 4785; x_wconf 79' lang='lat' dir='ltr'><strong>civit.</strong></span> <span class='ocrx_word' id='word_1_279' title='bbox 1468 4734 1534 4795; x_wconf 83' lang='lat' dir='ltr'><strong>Dei,</strong></span> <span class='ocrx_word' id='word_1_280' title='bbox 1553 4731 1698 4796; x_wconf 87' lang='lat' dir='ltr'><strong>VIII,1v;</strong></span> <span class='ocrx_word' id='word_1_281' title='bbox 1727 4748 1780 4786; x_wconf 85' lang='lat' dir='ltr'><strong>sur</strong></span> 
     </span>
     <span class='ocr_line' id='line_1_35' title="bbox 445 4822 1316 4893; baseline -0.006 -15"><span class='ocrx_word' id='word_1_282' title='bbox 445 4843 479 4880; x_wconf 87' lang='lat' dir='ltr'><strong>sa</strong></span> <span class='ocrx_word' id='word_1_283' title='bbox 498 4826 670 4893; x_wconf 85' lang='lat' dir='ltr'><strong>pre‘tendue</strong></span> <span class='ocrx_word' id='word_1_284' title='bbox 688 4823 910 4876; x_wconf 90' lang='lat' dir='ltr'><strong>connaissance</strong></span> <span class='ocrx_word' id='word_1_285' title='bbox 926 4824 966 4876; x_wconf 95' lang='lat' dir='ltr'><strong>de</strong></span> <span class='ocrx_word' id='word_1_286' title='bbox 984 4823 1155 4886; x_wconf 85' lang='lat' dir='ltr'><strong>l’Ecriture,</strong></span> <span class='ocrx_word' id='word_1_287' title='bbox 1174 4822 1256 4884; x_wconf 83' lang='lat' dir='ltr'><strong>ibid,</strong></span> <span class='ocrx_word' id='word_1_288' title='bbox 1274 4832 1316 4874; x_wconf 79' lang='lat' dir='ltr'><strong>XI.</strong></span> 
     </span>
    </p>

    <p class='ocr_par' dir='ltr' id='par_1_8' title="bbox 554 4911 1120 4980">
     <span class='ocr_line' id='line_1_36' title="bbox 554 4911 1120 4980; baseline -0.004 -14"><span class='ocrx_word' id='word_1_289' title='bbox 554 4911 574 4980; x_wconf 71' lang='lat'><strong>⁸)</strong></span> <span class='ocrx_word' id='word_1_290' title='bbox 593 4914 716 4976; x_wconf 71' lang='lat' dir='ltr'><strong>SENEC,</strong></span> <span class='ocrx_word' id='word_1_291' title='bbox 735 4914 837 4979; x_wconf 83' lang='lat' dir='ltr'><strong>Epist.</strong></span> <span class='ocrx_word' id='word_1_292' title='bbox 856 4913 899 4964; x_wconf 82' lang='lat' dir='ltr'><strong>ud</strong></span> <span class='ocrx_word' id='word_1_293' title='bbox 915 4912 1021 4964; x_wconf 74' lang='lat' dir='ltr'><strong>Luotll,</strong></span> <span class='ocrx_word' id='word_1_294' title='bbox 1040 4912 1075 4976; x_wconf 91' lang='lat'><strong>11,</strong></span> <span class='ocrx_word' id='word_1_295' title='bbox 1095 4912 1120 4964; x_wconf 87' lang='grc'><strong>5.</strong></span> 
     </span>
    </p>

    <p class='ocr_par' dir='ltr' id='par_1_9' title="bbox 550 5000 1309 5067">
     <span class='ocr_line' id='line_1_37' title="bbox 550 5000 1309 5067; baseline -0.004 -12"><span class='ocrx_word' id='word_1_296' title='bbox 550 5001 573 5067; x_wconf 84' lang='lat'><strong>⁴)</strong></span> <span class='ocrx_word' id='word_1_297' title='bbox 586 5004 640 5061; x_wconf 71' lang='lat'><strong>11),</strong></span> <span class='ocrx_word' id='word_1_298' title='bbox 658 5002 816 5064; x_wconf 82' lang='lat' dir='ltr'><strong>LXXXIV,</strong></span> <span class='ocrx_word' id='word_1_299' title='bbox 835 5000 861 5053; x_wconf 85' lang='lat'><strong>3.</strong></span> <span class='ocrx_word' id='word_1_300' title='bbox 881 5000 1013 5053; x_wconf 87' lang='lat' dir='ltr'><strong>Citation</strong></span> <span class='ocrx_word' id='word_1_301' title='bbox 1031 5002 1096 5054; x_wconf 78' lang='lat' dir='ltr'><strong>tres</strong></span> <span class='ocrx_word' id='word_1_302' title='bbox 1114 5001 1309 5067; x_wconf 73' lang='lat' dir='ltr'><strong>incomplete.</strong></span> 
     </span>
    </p>

    <p class='ocr_par' dir='ltr' id='par_1_10' title="bbox 444 5086 1778 5245">
     <span class='ocr_line' id='line_1_38' title="bbox 552 5086 1778 5157; baseline -0.004 -14"><span class='ocrx_word' id='word_1_303' title='bbox 552 5089 719 5157; x_wconf 75' lang='lat' dir='ltr'><strong>⁵)Hue.a.</strong></span> <span class='ocrx_word' id='word_1_304' title='bbox 741 5090 876 5144; x_wconf 83' lang='lat' dir='ltr'><strong>S.V1c&#39;r.</strong></span> <span class='ocrx_word' id='word_1_305' title='bbox 903 5090 1022 5143; x_wconf 82' lang='lat' dir='ltr'><strong>Erudit.</strong></span> <span class='ocrx_word' id='word_1_306' title='bbox 1045 5092 1171 5143; x_wconf 80' lang='lat' dir='ltr'><strong>Didasc.</strong></span> <span class='ocrx_word' id='word_1_307' title='bbox 1189 5090 1239 5153; x_wconf 89' lang='grc' dir='ltr'><strong>ΙΙΙ,</strong></span> <span class='ocrx_word' id='word_1_308' title='bbox 1265 5099 1328 5153; x_wconf 89' lang='lat' dir='ltr'><strong>X1v,</strong></span> <span class='ocrx_word' id='word_1_309' title='bbox 1353 5091 1400 5141; x_wconf 86' lang='lat' dir='ltr'><strong>De</strong></span> <span class='ocrx_word' id='word_1_310' title='bbox 1425 5088 1599 5141; x_wconf 78' lang='lat' dir='ltr'><strong>humilitate.</strong></span> <span class='ocrx_word' id='word_1_311' title='bbox 1626 5087 1663 5139; x_wconf 90' lang='lat' dir='ltr'><strong>ln</strong></span> <span class='ocrx_word' id='word_1_312' title='bbox 1685 5086 1778 5154; x_wconf 84' lang='lat' dir='ltr'><strong>Oper.</strong></span> 
     </span>
     <span class='ocr_line' id='line_1_39' title="bbox 444 5182 563 5245; baseline -0.008 -11"><span class='ocrx_word' id='word_1_313' title='bbox 444 5182 481 5245; x_wconf 88' lang='lat' dir='ltr'><strong>H,</strong></span> <span class='ocrx_word' id='word_1_314' title='bbox 501 5183 563 5234; x_wconf 81' lang='lat'><strong>774.</strong></span> 
     </span>
    </p>
   </div>
   <div class='ocr_carea' id='block_1_6' title="bbox 0 0 2154 6117">
    <p class='ocr_par' dir='ltr' id='par_1_11' title="bbox 0 0 2154 6117">
     <span class='ocr_line' id='line_1_40' title="bbox 0 0 2154 6117; baseline 0 0"><span class='ocrx_word' id='word_1_315' title='bbox 0 0 2154 6117; x_wconf 95' lang='lat' dir='ltr'><strong> </strong></span> 
     </span>
    </p>
   </div>
  </div>
 </body>
</html>
