4300 6117
885 895 1071 949 IOHANNIS
1094 893 1274 948 DOMINICI

844 1660 1054 1766 [CAPUT
1093 1660 1281 1766 XLV.]

498 1997 678 2085 [V]erba
716 2004 1092 2084 philosophorum
1125 2004 1337 2068 tenebris
1369 2005 1499 2084 plena
1540 2024 1624 2067 non
1656 2023 1724 2068 so-

389 2111 477 2173 lum
514 2109 753 2192 superflua
792 2114 892 2173 sunt
928 2130 1009 2190 pro
1046 2111 1331 2174 veritatibus
1373 2111 1725 2192 virtutibusque

390 2219 708 2297 assequendis,
745 2219 824 2280 sed
847 2219 1065 2280 mortales
1090 2218 1356 2298 periculosa
1384 2217 1440 2279 ad
1463 2237 1630 2280 omnem
1655 2237 1723 2280 er·

391 2343 535 2387 rorem
580 2327 716 2403 atque
758 2325 999 2404 quodlibet
1040 2325 1210 2387 vicium
1248 2326 1399 2404 aperit
1438 2326 1723 2405 multiplices

391 2433 544 2495 calles.

496 2627 591 2691 Satis
616 2647 695 2691 esse
718 2633 849 2710 posset,
887 2631 923 2691 et
945 2630 1100 2690 fortasse
1123 2628 1296 2690 viciosum
1330 2629 1481 2701 dicetur,
1516 2625 1767 2692 nonsemel1.

389 2738 527 2799 tantum
550 2736 618 2798 hoc
634 2736 730 2798 idem
753 2735 830 2798 iore
852 2737 1055 2816 probatum,
1080 2735 1146 2798 sed
1169 2735 1255 2814 quia
1278 2737 1354 2797 tota
1378 2753 1488 2798 causa
1511 2739 1632 2799 nostre
1650 2737 1722 2799 dis·

389 2845 590 2924 putacionis
613 2844 709 2906 circa
738 2844 837 2906 istud
860 2843 1030 2914 consistit.
1065 2861 1137 2904 non
1159 2861 1243 2905 reor
1272 2843 1502 2922 superfluum,
1529 2843 1722 2906 dummodo
1762 2831 1764 2834 ⁵

388 2969 462 3013 non
483 2951 611 3013 eadem
632 2952 702 3024 via,
727 2951 793 3012 sed
815 2951 895 3013 aliis
918 2950 1124 3012 racionibus
1149 2950 1300 3029 aliisque
1324 2951 1600 3012 auctoritatibus
1624 2951 1720 3012 ialsi·

387 3060 445 3120 tas
468 3061 698 3139 expugnetur.
734 3057 875 3144 Quippe
898 3056 1066 3120 Herculis
1091 3059 1298 3130 monstrum,
1335 3057 1433 3136 quod
1462 3058 1625 3138 plerique
1649 3058 1722 3137 opi·

388 3167 520 3226 nantur
542 3166 652 3228 luisse
675 3165 866 3244 quemdam
881 3166 1075 3228 verbosum
1099 3164 1305 3243 sophistam,
1331 3183 1401 3226 non
1421 3165 1536 3227 solum
1551 3183 1721 3226 mucrone

388 3274 425 3334 et
446 3271 560 3344 basta,
583 3272 665 3334 telis
689 3274 725 3334 et
748 3273 911 3335 astilibus
935 3273 990 3333 est
1013 3270 1268 3351 metendum,
1293 3272 1358 3332 sed
1373 3271 1546 3333 vallatum
1562 3272 1723 3350 undique

388 3378 468 3458 igne
491 3380 735 3441 cremandum.

495 3485 574 3548 Non
601 3505 684 3548 reor
714 3487 864 3547 multum
897 3485 1106 3548 bellandum
1144 3488 1268 3547 contra
1303 3485 1494 3547 scienciam
1529 3487 1565 3546 et
1600 3486 1722 3548 obsce·
1736 3478 1768 3540 2·

388 3611 471 3654 nam
505 3597 620 3656 artem
654 3593 851 3673 poeticam,
887 3611 957 3671 que
992 3595 1113 3654 tamen
1149 3593 1186 3653 in
1215 3594 1340 3654 nostra
1374 3591 1650 3654 Florencia
1687 3594 1723 3654 et

387 3699 474 3762 alibi
507 3700 544 3760 in
567 3699 672 3761 Italia
694 3700 829 3779 passim
863 3700 941 3761 sine
974 3699 1092 3780 legum
1117 3699 1244 3761 timore
1272 3699 1464 3779 palamque
1489 3700 1648 3772 docetur,
1686 3702 1722 3762 et

387 3807 488 3869 tanto
511 3807 660 3886 turpius,
696 3808 831 3886 quanto
855 3807 1061 3878 ethicorum,
1100 3806 1328 3886 phisicorum‚
1364 3807 1628 3886 satirorumque
1651 3806 1721 3887 gig·

386 3914 488 3975 nasia
510 3915 608 3976 iacta
631 3917 713 3975 sunt
737 3912 879 3976 theatra
902 3913 1129 3975 comicorum.
1155 3943 1197 3954 -
1228 3911 1407 3991 Equidem
1437 3931 1507 3992 que
1540 3914 1577 3974 in
1603 3914 1719 3975 scenis

385 4023 495 4100 atque
518 4019 668 4082 theatris
691 4039 713 4082 a
736 4021 852 4082 mimis
876 4023 911 4082 et
934 4019 1167 4082 histrionibus
1191 4023 1301 4098 atque
1322 4021 1506 4100 paraxitis¹
1544 4023 1582 4082 et
1603 4019 1721 4082 huius·

385 4127 483 4189 modi
516 4127 727 4198 hominibus,
764 4127 925 4189 enormia
959 4127 1192 4199 canebantur,
1241 4127 1325 4188 olim
1360 4127 1503 4190 omuino
1538 4127 1721 4189 abstulere

385 4237 495 4313 atque
517 4235 760 4314 reprobavere
775 4233 926 4296 Romani
940 4236 1085 4296 veteres
1102 4224 1133 4317 Η,
1158 4233 1403 4315 Cycerone
1426 4235 1527 4307 teste,
1554 4236 1589 4296 et
1606 4235 1720 4313 ipsam
1796 4224 1826 4285 B
1844 4223 1938 4287 101ro

386 4358 530 4404 scenam
553 4344 589 4403 et
611 4345 726 4404 artem
749 4341 925 4404 ludricam
948 4341 1192 4420 dampnavere
1204 4339 1224 4414 ¹,
1260 4343 1476 4422 agentesque
1512 4344 1598 4403 nota
1633 4341 1719 4403 mul·

385 4450 510 4510 tavere
534 4449 707 4522 censoria,
732 4451 768 4510 et
791 4467 852 4511 eos
875 4467 1043 4510 amovere
1068 4465 1112 4510 ex
1135 4448 1297 4510 urbibus.
1334 4446 1393 4510 Sic
1418 4449 1531 4510 eciam
1555 4451 1592 4510 et
1613 4466 1720 4527 pre·

386 4641 599 4651 ...ι-...-

492 4788 594 4857 ¹)c1c.
613 4794 660 4844 De
678 4793 795 4860 Repub.
814 4792 912 4855 1v‚x.
939 4793 1019 4846 Edit.
1037 4792 1109 4857 Mai,
1127 4808 1158 4860 p.
1179 4793 1222 4846 94.
1261 4792 1305 4847 ct.
1325 4793 1354 4846 s.
1373 4793 1454 4846 Auo.
1479 4794 1526 4846 De
1547 4790 1631 4845 civit.
1650 4794 1716 4854 Der,

384 4881 420 4943 ΙΙ,
438 4891 492 4944 xn,
511 4891 574 4944 xm,
593 4881 637 4944 56,
655 4883 698 4935 57.
724 4882 768 4934 Le
785 4883 867 4935 droit
885 4884 1013 4944 romain,
1033 4898 1072 4937 en
1091 4881 1175 4946 eliel,
1193 4882 1329 4949 trappait
1347 4882 1439 4935 d'une
1456 4883 1530 4936 note
1549 4881 1722 4936 infamante

383 4970 431 5022 les
455 4969 700 5036 prolesslouuels
718 4971 759 5024 de
783 4972 814 5024 la
839 4971 939 5026 scene.
965 4971 1010 5025 Ct.
1028 4973 1181 5023 ΡΑΡΙΝΙΕΝ
1209 4973 1228 5024 l.
1248 4973 1290 5034 10,
1316 4971 1383 5041 Dig.
1401 4973 1448 5024 De
1467 4971 1616 5025 adulteris
1626 4986 1637 5032 ,·
1657 4971 1717 5024 UL-

384 5069 465 5122 PIEN,
482 5060 502 5111 l.
520 5060 547 5122 2,
564 5059 632 5127 Dig.
645 5062 691 5113 De
709 5063 758 5113 his
775 5064 831 5127 qut
846 5064 992 5114 notantur
1011 5060 1159 5126 infamta;
1176 5061 1360 5128 Principalis
1380 5060 1564 5114 Constitutio
1583 5061 1615 5112 in
1628 5060 1648 5112 1.
1663 5061 1726 5112 Im·

380 5151 517 5215 pertalis,
536 5149 568 5202 C.
587 5151 624 5203 de
642 5150 767 5216 Nuptiis
785 5153 816 5204 et
833 5152 982 5218 rubrique
1000 5151 1042 5203 du
1062 5150 1136 5204 cod.
1154 5149 1268 5204 Theod.
1287 5153 1334 5204 De
1353 5151 1495 5204 Seentcis.
