4300 6117
827 947 1013 1001 IOHANNIS
1035 949 1217 1002 DOMINICI

864 1587 1072 1694 [CAPUT
1104 1589 1189 1696 X.l

462 1927 601 2015 [R]acio
625 1934 768 1996 decima
792 1934 839 1996 sit
861 1934 961 1996 talis:
1000 1933 1264 1996 Nefarium
1300 1938 1448 1997 estet
1476 1937 1691 1998 horren·

354 2040 779 2103 dum⁸detrahere
802 2042 934 2103 viris
973 2041 1124 2104 bonis
1149 2045 1196 2103 et
1229 2042 1474 2105 laudibus
1508 2044 1689 2123 dignis.

354 2145 452 2210 Sed
489 2149 629 2209 inter
651 2148 995 2228 philosophos
1024 2149 1172 2210 multi
1206 2147 1414 2222 fulsere,
1451 2152 1581 2212 omni
1604 2151 1691 2211 hu·

354 2274 492 2316 mano
515 2255 767 2335 preconio
791 2255 975 2316 meriti.
1016 2253 1145 2335 Ergo
1168 2255 1282 2317 illis
1307 2251 1575 2319 detrahere
1596 2258 1691 2318 erit

353 2373 576 2442 magnum
599 2365 866 2442 peccatum
889 2363 1169 2441 scelusque
1193 2363 1397 2442 grande.
1424 2395 1463 2402 -
1488 2362 1590 2425 Unde
1615 2365 1690 2443 qui·

354 2486 506 2547 cumque
530 2472 629 2531 vetat
652 2489 713 2531 eos
737 2470 915 2549 legendos,
950 2487 1011 2530 eos
1037 2469 1247 2531 criminatur
1278 2471 1340 2531 aut
1363 2470 1523 2532 moribus
1546 2489 1688 2550 pravos,

352 2577 417 2636 aut
440 2576 549 2638 falsos
566 2577 799 2648 sermonibus,
823 2576 882 2636 vel
896 2575 1020 2637 forsan
1035 2576 1174 2638 invidet
1188 2577 1342 2648 veritati,
1367 2579 1431 2638 aut
1445 2580 1563 2639 mente
1579 2577 1690 2656 glorie

352 2682 471 2761 gliscit
505 2683 705 2745 detrahere.
744 2681 904 2767 Quorum
941 2683 1128 2762 quodlibet
1152 2683 1309 2763 elegeris,
1346 2702 1428 2745 cum
1459 2703 1530 2746 non
1558 2685 1690 2745 fuerint

352 2789 487 2861 viciosi,
523 2791 561 2850 in
582 2790 734 2851 immane
758 2791 914 2852 fascinus
940 2784 1179 2852 ter-minarisb.
1204 2787 1298 2869 Ergo
1321 2791 1476 2852 habetur
1503 2793 1601 2870 quod
1623 2792 1690 2853 fuit

352 2896 592 2974 probandum.

461 3000 499 3063 Si
513 3005 633 3064 autem
651 3003 843 3082 quisquam
859 3003 996 3065 diceret
1011 3021 1073 3064 eos
1090 3002 1158 3082 legi
1174 3003 1385 3082 prohibitos,
1403 3023 1474 3065 non
1487 3005 1572 3083 quia
1587 3005 1690 3084 pravi
1706 3001 1737 3064 1.

353 3110 512 3172 moribus
548 3110 680 3171 fuerint
715 3113 779 3172 aut
801 3110 1025 3172 sermonibus
1053 3108 1164 3182 falsis,
1189 3111 1255 3171 sed
1280 3111 1364 3189 quia
1388 3114 1492 3172 erant
1514 3111 1688 3181 infideles,

352 3217 540 3295 responsio
563 3216 762 3295 sophistica
786 3220 841 3278 est
864 3217 972 3296 atque
994 3217 1167 3296 neganda.
1217 3215 1308 3277 Nam
1336 3215 1400 3278 Iob
1427 3217 1589 3279 ethnicus
1612 3216 1688 3288 fuit,

354 3325 390 3384 et
413 3341 484 3385 non
500 3323 545 3385 de
564 3323 841 3396 circumcisione,
867 3327 903 3385 et
926 3326 1046 3385 tamen
1068 3323 1161 3385 liber
1177 3323 1253 3385 eius
1277 3324 1370 3385 inter
1386 3324 1591 3397 catholicos,
1617 3326 1690 3385 tam

354 3430 452 3509 apud
468 3427 631 3491 Hebreos
648 3448 756 3509 quam
778 3431 877 3509 apud
892 3429 1048 3501 Latinos,
1065 3428 1142 3492 fere
1157 3431 1293 3510 primus
1309 3430 1463 3492 habetur
1474 3428 1495 3492 ¹.
1520 3428 1689 3493 Salomon

354 3554 497 3615 quoque
520 3537 632 3598 erexit
647 3537 765 3619 ydolis
781 3536 874 3610 fana,
899 3549 1014 3617 genua
1029 3536 1140 3608 flexit,
1166 3538 1341 3608 adoravit,
1367 3538 1555 3617 cultosque
1570 3556 1689 3600 sacra·

353 3645 404 3705 vit
427 3643 586 3705 divinos:
609 3646 863 3715 verumtamen,
889 3644 1017 3723 ipsiusc
1033 3644 1132 3705 dicta
1148 3648 1232 3706 ante
1248 3644 1384 3723 nephas
1400 3647 1592 3724 postquam
1609 3663 1690 3706 con·

353 3751 489 3829 scripta
513 3750 559 3811 de
576 3751 675 3812 cuius
690 3751 895 3829 penitencia
910 3751 960 3811 nil
977 3750 1193 3812 catholicum
1209 3753 1349 3812 constat
1370 3751 1498 3813 crebro
1515 3752 1688 3832 leguntur.

354 3856 449 3942 Quot
473 3857 566 3919 enim
589 3857 736 3936 gentiles
753 3858 939 3928 hereticos,
965 3860 1002 3919 et
1024 3858 1185 3920 moribus
1209 3858 1370 3936 perditos
1387 3858 1537 3919 ascribit
1559 3856 1689 3919 Viris

354 3963 643 4034 illustribus,
662 3982 813 4043 quorum
830 3965 1004 4027 doctrinis
1020 3965 1097 4026 vult
1115 3964 1327 4026 catholicam
1344 3963 1455 4025 fidem
1469 3983 1540 4026 non
1555 3965 1689 4026 medio·

355 4071 464 4132 criter
487 4071 667 4132 roborari!
699 4071 867 4132 Forsitan
891 4072 987 4133 dicet
1011 4072 1104 4132 alter
1128 4071 1420 4150 philosophorum
1444 4090 1515 4132 non
1540 4089 1618 4132 esse
1641 4072 1690 4132 le·

353 4177 506 4258 gendam
528 4177 731 4239 doctrinam
755 4179 839 4256 quia
861 4179 1007 4257 leprosa
1032 4182 1096 4251 est,
1139 4181 1239 4239 extra
1275 4181 1394 4239 castra
1429 4197 1495 4257 per
1532 4178 1691 4238 divinam

353 4285 466 4364 legem
489 4285 697 4346 adiudicata
720 4303 865 4347 manere
877 4284 897 4357 ²,
934 4304 976 4347 eo
1002 4286 1100 4364 quod
1138 4285 1249 4346 multa
1284 4284 1375 4346 falsa
1411 4285 1560 4346 misceat
1582 4285 1689 4346 veris.

353 4388 426 4453 Sed
439 4392 553 4453 eciam
568 4393 831 4470 acquiescendo
847 4393 1045 4472 supposito,
1061 4392 1159 4470 quod
1171 4392 1351 4454 doctiores
1367 4391 1535 4453 audatius
1549 4393 1688 4471 negant,

354 4499 434 4579 pari
468 4499 614 4560 racione
637 4516 753 4577 neque
775 4498 1004 4579 Augustinus,
1034 4496 1198 4560 Ecclesie
1232 4499 1360 4560 doctor
1393 4501 1467 4559 tam
1490 4498 1597 4570 utilis,
1624 4498 1692 4559 erit

459 4827 492 4887 a)
510 4838 545 4868 ε
567 4825 598 4884 -i-
618 4824 674 4876 est.
712 4823 743 4885 b)
763 4839 796 4870 Ξ
815 4823 997 4876 criminaris.
1034 4825 1063 4885 c)
1083 4840 1117 4868 =
1136 4823 1213 4874 eius.

460 4945 481 5012 ¹)
499 4947 543 5000 Cf.
562 4948 686 5015 Prologi
704 4947 736 5000 S.
756 4949 935 5012 Hieronymi
953 4950 982 5000 in
1001 4948 1128 5000 Librum
1151 4947 1210 5000 Job
1229 4947 1403 5014 explanatio
1426 4945 1505 4997 dans
1529 4946 1621 4998 Beati
1637 4945 1691 4997 Ai-

353 5037 433 5089 berii
449 5037 557 5104 Magni
582 5034 617 5090 Ο.
638 5038 673 5088 P.
696 5036 911 5089 Commentarii
937 5039 968 5088 in
992 5037 1050 5089 Joh
1077 5031 1159 5103 [edit.
1177 5035 1328 5088 Melchior
1346 5033 1455 5097 Weiss,
1481 5034 1633 5101 Fribourg
1650 5048 1690 5085 en

353 5124 491 5193 Brisgau,
511 5121 600 5192 19041,
619 5142 649 5193 p.
667 5125 685 5178 6
704 5140 752 5193 sq.

463 5211 484 5279 ²)
502 5217 573 5267 Lev.
592 5213 670 5278 xm,
690 5215 737 5268 46.
