4300 6117
850 867 1037 920 IOHANNIS
1060 866 1241 921 DOMlNICI
1646 857 1713 921 443

374 1092 496 1170 posita
518 1094 601 1153 sunt
624 1091 660 1153 in
675 1088 826 1153 Daniele
850 1094 886 1153 et
908 1092 1051 1171 regibus
1075 1092 1205 1171 quibus
1230 1092 1378 1154 servivit
1386 1090 1407 1164 ¹,
1432 1095 1542 1172 atque
1558 1095 1711 1171 utroque

376 1199 503 1259 sancto
518 1197 678 1277 Ioseph².
704 1197 788 1261 Scio
802 1198 981 1261 hominem
998 1198 1157 1261 nondum
1173 1197 1381 1261 defunctum
1398 1200 1527 1261 crebro
1540 1199 1578 1259 in
1594 1217 1712 1279 somp-

377 1305 445 1366 niis
468 1305 602 1367 vidisse
625 1307 791 1367 notorum
814 1306 961 1378 animas,
985 1306 1185 1386 purgatorii
1219 1305 1321 1385 penis
1345 1305 1521 1378 detentas,
1559 1324 1711 1385 quarum

377 1414 555 1474 tormenta
577 1414 653 1474 tam
673 1413 830 1493 proprie,
869 1415 944 1474 tam
967 1413 1077 1486 varie,
1114 1416 1260 1491 tamque
1295 1411 1494 1474 horrendas
1527 1412 1709 1486 describit,

377 1519 475 1598 quod
498 1520 529 1581 si
542 1517 615 1582 iide
637 1519 715 1598 ipse
738 1519 865 1599 dignus
880 1538 953 1582 non
967 1522 1070 1594 foret,
1095 1520 1259 1582 inaudita
1282 1520 1394 1582 series
1417 1520 1528 1582 iidem
1550 1519 1711 1581 vindicat

376 1629 521 1688 certam.
561 1625 758 1714 Conceptui
796 1627 919 1698 eciam,
955 1629 1019 1688 aut
1050 1627 1240 1698 nativitati,
1280 1627 1535 1705 predominans
1573 1627 1711 1706 signum

375 1733 517 1804 celeste,
543 1752 614 1795 non
635 1731 797 1795 intimam
821 1751 967 1795 causam
990 1733 1155 1812 ponimus
1171 1733 1424 1813 sompniorum.
1450 1733 1506 1795 Ita
1522 1736 1627 1795 natus
1644 1733 1711 1795 sub

374 1840 565 1911 Mercurio,
590 1841 627 1904 in
641 1837 800 1902 Geminis
817 1841 999 1912 existente,
1025 1841 1189 1919 sompnia
1204 1830 1218 1922 ll
1243 1841 1445 1903 futurorum
1466 1841 1609 1920 prescia
1641 1858 1711 1900 non

373 1948 524 2026 ignorat.
541 1946 706 2009 Celorum
719 1947 805 2010 item
817 1946 974 2010 iniluxus
986 1947 1024 2009 in
1038 1966 1164 2009 sensus
1177 1948 1366 2010 interiores
1381 1948 1547 2019 racionis,
1561 1965 1711 2026 sompno

374 2054 500 2134 sopite,
526 2072 719 2133 corporeos
741 2066 860 2134 agens,
896 2073 966 2134 que
988 2056 1232 2134 producturus
1257 2057 1311 2116 est
1333 2053 1544 2134 frequenter
1566 2055 1711 2116 demon·

373 2163 466 2223 strat
474 2159 496 2222 ³.
519 2159 587 2223 Hic
603 2159 745 2224 Pharao
769 2180 850 2223 cum
873 2161 994 2223 vaccis
1017 2162 1092 2223 suis
1116 2178 1183 2239 pro
1207 2161 1370 2241 exemplo
1393 2163 1551 2240 ponatur
1561 2159 1583 2222 ⁴.
1609 2159 1711 2222 Com·

371 2267 577 2348 plexionum
599 2269 757 2329 varietas
781 2268 952 2330 distincta
971 2268 1049 2330 visa
1072 2269 1252 2347 producit.
1277 2266 1428 2348 Sanguis
1452 2268 1591 2330 scilicet
1613 2267 1710 2329 circa

372 2375 488 2455 ignem
505 2375 626 2436 colera
640 2375 792 2447 volatus,
816 2393 883 2454 per
906 2393 1028 2436 aerem
1051 2375 1144 2437 dicis
1160 2376 1384 2437 melanconia
1399 2386 1508 2454 regna
1527 2375 1708 2447 terrenda,

372 2481 438 2544 sed
469 2483 617 2543 flumina
641 2482 828 2543 terrestria
848 2482 1073 2555 deversatur,
1099 2482 1274 2562 phisicam
1297 2482 1425 2543 invoco
1449 2485 1589 2545 testem.
1621 2479 1710 2560 Pug-

371 2590 458 2650 nant
483 2589 582 2650 mixti
605 2591 728 2650 mutuo
764 2589 801 2650 in
824 2589 996 2650 memorie
1029 2589 1141 2650 archa
1164 2589 1298 2650 servati
1323 2591 1528 2668 conceptus,
1565 2591 1602 2650 et
1624 2589 1709 2667 quia

371 2697 550 2757 fantasma
573 2695 668 2757 hunc
691 2696 823 2758 abillo
846 2695 1056 2758 discernere
1080 2696 1225 2775 nequit:

623 2888 1329 2923 .................
1347 2870 1463 2923 tetrum

623 2977 636 3002 «
651 2959 773 3012 Desinit
792 2960 825 3011 in
842 2959 960 3026 piscem
979 2959 1090 3013 mulier
1108 2958 1245 3013 ior-mosa
1264 2973 1399 3027 superne
1415 2955 1456 3011 »⁵.

369 3118 557 3202 Temporis
573 3123 750 3203 qualitate
770 3124 960 3185 cerebrum
974 3126 1160 3196 mutatum,
1181 3122 1243 3186 illo
1259 3125 1506 3195 evanescente,
1522 3122 1706 3185 evanescit

369 3230 493 3291 invisa.
531 3228 590 3291 Sic
614 3230 712 3309 apud
735 3229 932 3309 Virgilium,
956 3228 1051 3292 ioliis
1074 3231 1247 3293 arborum
1269 3232 1464 3310 autumpno
1488 3230 1703 3301 labentibus,

368 3334 411 3398 iit
433 3337 482 3398 ad
509 3335 700 3409 Internum,
731 3335 880 3416 Sompni
908 3339 1106 3417 parentem,
1135 3337 1335 3399 animarum
1364 3355 1569 3410 concursus,
1595 3337 1633 3398 in
1662 3355 1705 3398 eo

368 3443 471 3516 libro,
496 3444 559 3506 ubi
581 3444 696 3506 tocius
719 3443 956 3526 phylosophie
980 3444 1133 3506 rimatur
1155 3444 1314 3507 archana
1324 3441 1345 3506 ⁶.

480 3548 657 3612 Locorum
692 3568 836 3630 quoque
870 3551 1062 3613 diversitas
1097 3551 1170 3612 suis
1194 3551 1389 3630 vaporibus
1422 3567 1575 3630 corpore
1598 3551 1704 3612 nudis
1720 3543 1774 3606 10·

369 3657 516 3719 cellulas
540 3658 668 3737 capitis
691 3658 815 3730 ambit,
849 3676 933 3720 suas
956 3658 1006 3720 ibi
1036 3657 1278 3737 proprietates
1303 3657 1481 3735 relinquit,
1518 3675 1609 3735 quas
1633 3675 1705 3719 non

368 3765 477 3826 sentit
498 3765 582 3845 vigil
603 3764 801 3827 maioribus
825 3766 1031 3844 occupatus.
1068 3763 1233 3849 Quedam
1257 3763 1417 3843 reliquie,
1455 3764 1555 3826 velut
1578 3764 1705 3826 eximie

368 3887 412 3932 ex
444 3871 629 3933 exerciciis
662 3872 701 3932 in
736 3871 875 3951 vigiliis,
911 3871 1087 3952 potenciis
1111 3871 1280 3933 vitalibus
1313 3870 1489 3934 adherent
1517 3871 1703 3950 impresse,

472 4327 494 4395 ¹)
513 4329 559 4383 ef.
578 4331 658 4383 Dan.
676 4330 699 4393 1,
713 4331 764 4395 ,17.

472 4416 556 4483 ¹)Ci.
578 4419 684 4473 Genea.
702 4419 764 4482 XL,
783 4420 835 4482 18,
853 4420 929 4484 XLI,
949 4418 999 4483 223
1017 4419 1166 4484 XXXVH,
1184 4419 1234 4483 203
1254 4419 1284 4472 S.
1302 4419 1428 4472 ΜΑττΗ.
1449 4418 1472 4482 1,
1490 4417 1536 4471 20.

472 4505 493 4573 ³)
511 4509 555 4562 Le
571 4509 687 4578 Moyen
699 4507 764 4576 Age
782 4508 944 4563 admettait
962 4523 1024 4576 que
1042 4509 1069 4561 si
1085 4510 1131 4563 les
1150 4523 1241 4576 corps
1260 4509 1390 4562 celestes
1408 4523 1450 4561 ne
1463 4507 1602 4574 penvent
1614 4506 1704 4559 avoir

363 4611 483 4651 aucune
507 4598 611 4652 action
633 4597 839 4650 directement
865 4598 1094 4652 determinante
1119 4611 1174 4651 sur
1199 4611 1257 4651 nos
1281 4598 1428 4661 vouloirs,
1453 4595 1636 4649 neanmoins
1661 4609 1701 4648 en

364 4686 469 4740 raison
497 4687 538 4762 de
565 4686 697 4740 l'etroite
721 4686 817 4740 union
841 4686 882 4740 de
906 4687 997 4741 l'tme
1021 4688 1053 4741 et
1072 4686 1116 4740 du
1134 4701 1225 4754 corps
1243 4686 1290 4740 les
1309 4688 1417 4751 astres,
1436 4685 1572 4752 agissant
1598 4697 1652 4737 sur
1670 4684 1701 4737 le

364 4790 464 4843 corps,
483 4775 653 4843 pouvaient
669 4775 872 4843 pre'disposer
889 4775 1017 4830 I'Amet
1043 4777 1087 4831 tel
1112 4791 1152 4831 on
1176 4775 1219 4830 tel
1245 4775 1316 4833 etat.
1343 4775 1387 4829 Ci.
1413 4774 1443 4827 S.
1461 4771 1565 4826 Tnorl.
1586 4771 1700 4826 Contra

366 4864 473 4919 Genttl.
492 4865 542 4928 111,
560 4874 684 4927 Lxxxv;
703 4865 732 4917 Ιι
755 4865 812 4916 11⁸2
829 4864 865 4938 Q.
884 4865 935 4927 1x,
957 4881 983 4919 a.
1002 4882 1031 4918 v.
1054 4893 1057 4900 ·

470 4952 492 5018 ⁴)
512 4953 556 5007 ef.
577 4952 685 5008 Genea.
702 4954 782 5016 XLI,
802 4953 817 5004 1
837 4969 883 5021 sq.

472 5039 494 5107 ⁶)
511 5043 633 5096 Horat.
652 5043 748 5096 rme.
766 5043 909 5098 De'Arte
923 5046 1055 5109 posuer,
1072 5043 1130 5096 3-4.

387 5187 392 5203 ‚
470 5129 492 5196 ⁶)
512 5131 555 5185 ci.
574 5133 663 5185 VIRG.
682 5134 809 5187 Aenetd.
827 5132 877 5196 Vl,
895 5131 1023 5186 309-316.
