4300 6117
476 886 543 949 284
995 898 1154 951 LUCULA
1176 896 1315 951 NOCTIS
1333 955 1336 961 ,

472 1121 570 1191 riosi,
597 1125 633 1182 et
656 1124 776 1183 tamen
798 1122 836 1182 in
857 1122 925 1183 hac
950 1123 1117 1201 opinione
1141 1126 1225 1184 sunt
1239 1125 1352 1185 secuti
1369 1123 1527 1203 Papiam.
1540 1123 1700 1185 —Multi
1716 1124 1806 1185 enim

471 1228 588 1289 sancti
612 1228 821 1307 simpliciter
844 1229 881 1289 in
903 1230 1083 1308 aliquibus
1107 1249 1247 1292 errasse
1274 1231 1447 1311 leguntur,
1466 1232 1558 1292 sicut
1579 1231 1804 1293 beatissimus

471 1334 845 1416 martirCyprianus
862 1335 912 1398 de
926 1338 1252 1418 rebaptizandis
1268 1337 1471 1400 hereticis
1484 1337 1589 1400 etille
1599 1356 1806 1400 numerosus

471 1445 677 1504 sanctorum
692 1445 836 1521 patrum
853 1462 994 1513 cuneus,
1016 1462 1106 1523 quos
1123 1443 1577 1524 antropomoriitarum
1590 1445 1804 1507 venerabilis

471 1547 662 1611 Cassianus
698 1551 833 1612 invenit
867 1569 1028 1612 errorum
1058 1552 1151 1613 iuste
1184 1551 1349 1614 detentos
1358 1550 1378 1624 ¹,
1403 1552 1469 1613 sed
1504 1571 1547 1614 eo
1586 1552 1803 1632 predicante,

470 1657 593 1717 statim
615 1657 663 1718 ad
698 1658 887 1719 veritatem
921 1677 1095 1729 reversos,
1130 1659 1200 1738 qui,
1241 1678 1310 1720 non
1349 1659 1501 1739 prescisi
1537 1660 1603 1721 sed
1632 1659 1733 1730 uniti,
1760 1659 1804 1720 ab

469 1761 632 1825 Ecclesia
670 1768 902 1837 venerantur,
943 1768 1093 1844 propter
1129 1768 1262 1828 bonam
1295 1766 1533 1828 intencionem
1556 1763 1664 1845 quam
1699 1765 1804 1827 habe-

469 1872 567 1942 bant,
602 1889 673 1932 non
706 1869 939 1934 defendentes
973 1874 1181 1951 queminus
1211 1891 1298 1935 vere
1328 1873 1507 1943 dicebant,
1537 1874 1602 1935 sed
1627 1873 1805 1934 humiliter

468 1978 611 2039 veritati
636 1979 722 2039 fidei
747 1978 839 2041 colla
862 1980 1066 2041 subdentes.
1105 1979 1228 2042 Nescit
1263 1992 1345 2060 ergo
1381 1981 1512 2060 gracia,
1538 1998 1607 2059 qne
1641 1980 1803 2041 fortassis

468 2085 614 2146 racione
638 2087 715 2147 sola
739 2089 793 2147 est
817 2106 838 2147 a
863 2087 1014 2148 caritate
1038 2086 1205 2159 discreta,
1232 2088 1411 2149 cervicem
1448 2088 1594 2167 erigere,
1631 2105 1712 2148 cum
1735 2106 1803 2148 non

468 2192 515 2252 sit
538 2192 734 2254 ambiciosa
757 2211 823 2254 nec
860 2191 1015 2254 infletur.
1062 2192 1141 2256 Hec
1165 2195 1258 2255 enim
1281 2212 1351 2255 non
1376 2196 1495 2273 querit
1517 2212 1587 2273 qne
1619 2212 1685 2255 sua
1713 2197 1802 2265 sunt,

467 2297 533 2359 sed
556 2299 673 2361 credit
697 2300 817 2361 omnia
840 2302 876 2362 et
897 2301 1015 2361 omnia
1039 2302 1163 2378 sperat
1174 2300 1194 2362 ².
1236 2299 1313 2361 Hec
1337 2301 1414 2362 sola
1437 2299 1580 2380 perlicit
1613 2300 1802 2362 humanam

467 2408 633 2467 naturam
658 2407 695 2468 in
718 2408 777 2468 via
799 2409 834 2469 et
858 2407 906 2468 ad
929 2407 1078 2487 gloriam
1101 2410 1258 2469 futuram
1282 2407 1449 2487 disponit
1474 2406 1552 2469 Hec
1573 2411 1636 2479 est,
1661 2425 1732 2485 que
1751 2408 1801 2469 di-

466 2512 558 2574 vidit
580 2514 675 2575 inter
698 2512 792 2575 tilios
821 2514 1034 2576 salvacionis
1069 2516 1105 2575 et
1132 2513 1299 2594 gehenne.
1347 2514 1433 2575 Ideo
1464 2514 1530 2577 hec
1562 2533 1633 2576 non
1664 2513 1802 2575 habitat

466 2638 547 2681 cum
570 2622 745 2699 superbis,
770 2621 893 2683 horret
916 2622 1121 2683 obstinaces
1135 2626 1159 2693 ⁸,
1184 2620 1361 2683 hereticos
1385 2623 1482 2701 fugit,
1499 2621 1692 2701 sacrilegos
1716 2622 1799 2691 odit,
1896 2685 1901 2695 ,

466 2726 632 2789 infideles
650 2730 686 2789 et
701 2727 816 2790 Deum
831 2727 1121 2807 blasphemantes
1137 2728 1265 2790 audire
1280 2748 1349 2790 non
1364 2731 1494 2809 potest,
1508 2730 1577 2790 nisi
1589 2730 1711 2806 speret
1723 2746 1801 2808 pos-

466 2852 505 2895 se
514 2834 594 2896 illos
606 2834 655 2896 ad
666 2835 866 2897 claritatem
880 2835 1054 2897 reducere
1069 2836 1159 2897 lucis
1175 2836 1303 2915 ignote.
1325 2868 1368 2876 —-
1387 2834 1467 2896 Hac
1484 2836 1628 2898 racione
1643 2836 1801 2914 prescise
1853 2842 1861 2859 ·

466 2942 578 3002 nostri
602 2942 749 3021 quidam
773 2942 1029 3017 catholicorum
1053 2943 1208 3021 probati,
1226 2942 1443 3022 disputaturi
1460 2945 1572 3005 verbo
1593 2943 1651 3004 vel
1667 2943 1800 3021 scripto

464 3047 640 3110 adversus
654 3050 937 3111 scismaticorum
953 3067 1104 3121 errores,
1121 3050 1263 3111 illorum
1279 3051 1377 3112 dicta
1392 3050 1560 3129 legebant
1574 3053 1611 3111 et
1625 3048 1800 3128 quidquid

465 3157 656 3235 spectabat
680 3156 728 3217 ad
751 3157 891 3218 rutnam
908 3175 1039 3230 eorum,
1065 3160 1110 3227 et,
1137 3159 1301 3219 cessante
1317 3175 1436 3228 causa,
1459 3158 1625 3218 cessebat
1640 3155 1798 3217 eftectus.

466 3261 618 3341 Propter
641 3263 709 3325 hoc
733 3263 926 3343 vapulatur
942 3263 1149 3336 temnimus,
1168 3282 1277 3343 quum
1293 3263 1341 3325 ad
1355 3264 1578 3343 voluptatem
1593 3261 1800 3325 Ciceronem

465 3371 501 3431 et
524 3370 614 3431 alios
637 3372 844 3432 assumebat
859 3368 880 3442 ³,
904 3371 970 3432 sed
999 3390 1070 3432 non
1103 3372 1166 3433 ubi
1199 3373 1324 3432 contra
1352 3370 1575 3431 Iovinianum
1609 3373 1646 3431 et
1679 3370 1798 3449 plures

464 3478 635 3549 scribens,
661 3478 768 3540 dictis
792 3479 934 3539 illorum
953 3480 1065 3541 libros
1082 3497 1176 3550 suos,
1202 3496 1273 3539 non
1298 3478 1379 3539 dico
1402 3477 1664 3540 ornabatsicut
1679 3477 1799 3539 sidera

463 3583 569 3655 celos,
594 3584 660 3645 sed
684 3585 848 3663 replebat
880 3585 979 3646 velut
1012 3586 1188 3667 tyriacam
1218 3585 1399 3647 salubrem
1430 3585 1467 3645 in
1501 3585 1628 3664 seipsis
1652 3585 1797 3646 nocivis.

463 3688 634 3752 Similiter
656 3690 964 3771 Augustinus,
991 3711 1071 3754 cum
1095 3711 1117 3753 a
1139 3693 1241 3754 libris
1265 3690 1435 3763 Platonis,
1459 3695 1499 3753 ut
1534 3686 1799 3754 terminis'utar

568 4091 600 4151 a)
621 4105 655 4135 :
674 4090 857 4141 obstinatos.

459 4267 660 4334 temporains,
686 4267 739 4334 qui
764 4268 934 4321 donnaient
959 4268 978 4320 a
1000 4267 1176 4320 Victorinus
1201 4268 1357 4334 l'epitbtte
1382 4268 1422 4319 de
1442 4270 1656 4333 pictaviensis.
1684 4282 1721 4321 ce
1745 4268 1797 4335 qni

459 4358 490 4410 le
507 4356 599 4410 ierait
617 4356 781 4425 originaIre
800 4358 840 4410 de
858 4357 998 4420 Poitlers,
1019 4357 1102 4409 alors
1122 4372 1183 4424 que
1201 4355 1315 4409 detail
1332 4358 1355 4409 il
1373 4356 1510 4424 naqnita
1524 4357 1636 4409 Pettan
1647 4354 1796 4422 (Petavio)

360 4458 362 4462 ’
459 4462 499 4500 en
517 4446 630 4515 Styrie,
648 4446 719 4500 d'ob
731 4460 789 4498 son
804 4461 876 4498 nom
890 4447 930 4499 de
945 4447 1183 4509 Petavlonensis,
1202 4446 1255 4513 qni
1262 4446 1369 4499 devint
1380 4446 1575 4513 rapidement
1589 4448 1795 4511 pictaviensis

460 4534 505 4589 cf.
524 4536 658 4599 LAUNOI,
687 4534 723 4598 11,
748 4538 827 4601 part.
847 4536 869 4598 1,
894 4552 924 4604 p.
942 4536 1004 4589 6³4
1030 4534 1055 4586 Il
1077 4536 1161 4587 subit
1185 4536 1216 4588 le
1240 4537 1379 4604 martyre
1404 4549 1445 4587 en
1463 4529 1727 4597 mastalone,
1749 4536 1795 4587 De

465 4625 543 4677 Viris
568 4626 744 4687 illustribus,
771 4640 836 4691 cap.
856 4626 899 4687 74,
927 4624 971 4677 lui
997 4625 1132 4677 attribue
1162 4640 1205 4677 un
1230 4625 1328 4694 grand
1353 4626 1483 4677 nombre
1501 4624 1541 4677 de
1559 4626 1724 4677 comment.
1742 4638 1794 4677 sur

458 4714 630 4767 l'Ecritnre.
666 4714 715 4767 On
738 4729 780 4767 ne
803 4714 938 4782 posside
964 4729 1026 4781 que
1045 4715 1125 4767 celui
1144 4729 1197 4766 sur
1215 4714 1439 4780 l'Apoculypse,
1462 4713 1714 4776 Goma,1652,u
1751 4712 1793 4766 ct.

458 4804 636 4867 FABRICIUS,
655 4804 733 4856 Bibl.
754 4805 805 4856 lat.
824 4806 900 4857 med.
920 4806 950 4856 et
968 4801 1022 4868 tuf.
1042 4807 1163 4866 aetatis,
1180 4803 1230 4867 Vl,
1248 4803 1311 4856 586.

565 4891 588 4959 ¹)
607 4893 653 4946 Ci.
675 4892 817 4946 Cassum.
857 4892 961 4946 collat.
980 4893 1016 4955 X,
1043 4907 1110 4960 cap.
1129 4902 1159 4955 11,
1184 4894 1231 4945 De
1249 4894 1370 4945 Abbate
1396 4892 1571 4958 Serapione,
1589 4894 1620 4945 et
1641 4893 1789 4957 Antropo·

457 4984 678 5049 morphitarum
696 4984 825 5046 haeresi,
843 4997 937 5048 quam
955 4984 1161 5049 simplicitatis
1179 4996 1283 5035 errore
1302 4984 1461 5035 cmtruxlt.

566 5069 586 5136 ἢ
605 5072 634 5125 8.
654 5072 761 5135 ΡΑυΙ..,
781 5072 794 5123 1
813 5075 855 5124 ad
874 5071 950 5135 Cor..
968 5071 1047 5134 XIII,
1066 5072 1123 5124 5·7.

567 5158 872 5225 ⁸)EUSEB.H1ERON.
897 5162 1038 5227 Epistola
1057 5162 1100 5213 ud
1117 5162 1315 5214 Eustochium
1333 5160 1425 5211 XXII.
1444 5160 1480 5213 In
1500 5160 1590 5226 Oper.
1608 5160 1630 5223 I,
1648 5159 1711 5213 41⁶.
