4300 6117
851 898 1038 953 IOHANNIS
1060 897 1243 952 DOMINICI

774 1665 985 1772 [CAPUT
1017 1665 1309 1771 XXXVIII

489 2000 654 2089 [R]imari
678 2028 771 2071 nunc
795 2010 883 2071 libet
906 2009 1005 2070 illam
1028 2010 1207 2081 noticiam,
1245 2027 1329 2087 que
1352 1988 1424 2070 v'ia
1457 2013 1618 2072 nature
1641 2028 1718 2089 po·

382 2117 477 2177 test
500 2116 679 2187 haberi,
701 2120 771 2178 est
794 2134 879 2195 que
903 2134 1004 2196 pars
1030 2114 1716 2192 secundafelicitatishumane,

382 2240 509 2301 quum
544 2221 738 2302 perficit
771 2223 896 2285 illam
930 2224 1216 2302 superiorem
1249 2224 1397 2284 anime
1435 2227 1716 2303 porcionem,

382 2348 466 2407 que
489 2330 802 2400 nobiliorest,
843 2333 885 2392 et
909 2331 1006 2391 sine
1029 2348 1116 2408 qua
1139 2330 1264 2391 nulla
1299 2333 1455 2409 potest
1492 2349 1592 2393 esse
1615 2351 1718 2412 per·

382 2435 524 2506 lecta,
564 2439 702 2515 atque
737 2454 818 2516 per
852 2456 981 2515 quam
1018 2438 1158 2516 magis
1197 2438 1620 2517 appropinquamus
1655 2440 1717 2501 le·

381 2543 561 2605 licitati
586 2544 866 2624 simplicIter
892 2544 1095 2605 dicte...

488 2736 809 2818 Torquatum¹
847 2742 956 2818 atque
980 2738 1263 2811 Varronem,
1302 2740 1359 2801 vel
1392 2740 1429 2800 in
1463 2740 1531 2801 hoc
1566 2736 1763 2802 articulot.

381 2843 717 2925 Augustinum,
741 2854 886 2907 XVIIII
909 2844 970 2907 De
994 2844 1084 2906 Civ.
1108 2844 1234 2918 Deii,
1259 2838 1581 2929 abbreviatoremll
1605 2847 1716 2927 ipsius
1804 2844 1923 2908 Ι,96το

382 2953 554 3031 requirat,
580 2954 642 3031 qui
666 2953 803 3014 dehac
827 2972 867 3014 re
891 2952 1077 3032 disputare
1103 2952 1295 3014 contendit.
1334 2951 1400 3015 Est
1424 2955 1591 3032 equidem
1614 2954 1716 3016 intel-

381 3059 512 3120 lectiva
535 3060 705 3139 potencia
729 3061 766 3120 in
782 3077 867 3121 aree
890 3060 1007 3121 anIme
1025 3050 1061 3142 ΙΙ,
1079 3060 1188 3121 velud
1203 3060 1326 3121 oculus
1350 3061 1443 3122 inter
1461 3062 1621 3141 corporis
1638 3080 1716 3123 sen·
1805 3059 1836 3121 B
1851 3058 1924 3122 801⁰

381 3184 452 3238 sus,
477 3169 513 3227 et
533 3168 584 3229 sic
609 3167 816 3246 appellatur
838 3167 932 3228 inter
954 3186 1025 3238 eos,
1050 3167 1247 3228 nobilitatis
1271 3170 1396 3228 tenens
1419 3168 1622 3248 primatum.
1648 3167 1715 3230 Hic

381 3275 436 3334 est
459 3272 519 3334 lux
543 3275 683 3346 mentis,
707 3274 901 3335 voluntatis
924 3274 1104 3353 magister,
1128 3275 1333 3353 pedagogus
1357 3275 1523 3347 racionis,
1543 3279 1580 3337 et
1601 3276 1716 3337 tocius

381 3380 498 3441 anime
522 3381 560 3440 di
568 3381 735 3442 rectivus.
759 3379 816 3442 Ab
833 3381 910 3453 hoc,
929 3384 1102 3459 tanquam
1118 3399 1141 3441 a
1156 3381 1332 3453 nobiliori,
1357 3383 1458 3461 apud
1481 3382 1599 3444 scolas
1624 3400 1718 3445 com-

382 3504 505 3548 munes
529 3487 634 3548 homo
658 3487 790 3549 dicitur
812 3487 1053 3567 intelligibilis,
1080 3506 1160 3549 cum
1184 3489 1435 3561 denominatio,
1470 3487 1717 3551 Aristotile

383 3596 483 3666 teste,
520 3594 653 3673 debeat
690 3595 770 3655 lieri
794 3614 815 3656 a
839 3595 1005 3655 nobiliori
1022 3593 1050 3668 ³3
1089 3594 1157 3656 hoc
1179 3596 1351 3675 precipue
1384 3597 1584 3657 secernitur
1607 3607 1716 3676 genus

381 3700 573 3762 humanum
591 3720 613 3762 a
628 3702 755 3773 brutis,
781 3704 818 3762 et
833 3703 869 3762 in
884 3702 1058 3763 societate
1086 3702 1231 3781 ponitur
1250 3703 1473 3782 angelorum
1499 3704 1717 3765 racionalem

381 3807 439 3869 hic
463 3809 648 3870 constituit
672 3808 859 3878 hominem,
895 3827 966 3869 non
989 3808 1168 3880 voluntas,
1204 3809 1289 3887 quia
1324 3810 1578 3872 raciocinando
1614 3813 1651 3871 et
1674 3810 1719 3871 si-

381 3915 541 3995 logistice
565 3916 647 3995 agit,
686 3916 839 3985 scilicet,
877 3935 956 3977 cunr
980 3915 1156 3987 discursu,
1181 3934 1252 3995 quo
1274 3916 1427 3977 maxime
1450 3915 1569 3978 Adam
1593 3921 1649 3979 est
1672 3918 1718 3978 ab

382 4022 516 4102 angelis
541 4022 740 4084 distinctus.
765 4022 821 4083 Illi
842 4023 935 4083 enim
959 4041 1049 4093 mox,
1067 4025 1108 4083 ut
1127 4024 1260 4093 volunt,
1286 4026 1349 4084 aut
1371 4023 1438 4085 hoc
1455 4024 1513 4085 vel
1526 4025 1616 4085 illud
1639 4044 1719 4104 spe·

383 4129 574 4191 eulandum
600 4130 771 4209 contingit
793 4130 1060 4200 intellectivum,
1085 4130 1363 4209 progrediuntur
1385 4131 1421 4190 in
1445 4134 1574 4202 actum,
1612 4149 1718 4211 quem

302 4244 305 4251 '
382 4235 486 4297 homo
510 4238 650 4315 absque
673 4238 812 4299 morula
835 4238 1007 4317 temporis
1031 4255 1104 4297 non
1127 4238 1291 4317 acquirit.
1316 4236 1410 4299 Huic
1432 4240 1556 4300 subest
1569 4239 1718 4300 volitiva

381 4344 559 4423 potencia,
585 4347 624 4406 ut
649 4362 783 4423 sponsa
805 4345 945 4416 marito,
970 4344 1016 4405 ob
1042 4344 1119 4415 hoc,
1145 4347 1185 4406 ut
1215 4363 1306 4417 reor,
1331 4346 1368 4404 iu
1395 4345 1565 4406 feminino
1588 4356 1717 4425 genere

382 4454 588 4531 nuncupata
598 4450 619 4511 ⁴.
654 4451 833 4513 Fortassis
857 4454 1006 4531 propter
1030 4452 1128 4512 istud
1152 4453 1199 4513 ab
1222 4450 1479 4531 Augustino
1503 4451 1721 4513 describitur

383 4649 594 4658 ———·

490 4802 510 4869 ¹)
529 4804 626 4857 BOEI'.
649 4804 798 4857 Consului.
817 4805 1043 4871 Philosophiae,
1061 4806 1184 4856 surtout
1201 4805 1220 4855 Ι.
1239 4804 1344 4857 III-IV.
1362 4805 1465 4873 Migne
1483 4805 1587 4857 Lxm.

491 4890 512 4959 ⁹)
532 4894 561 4947 s.
576 4894 655 4947 Iun.
674 4893 757 4961 Auo,
773 4896 820 4947 De
841 4893 925 4946 civit.
944 4895 1010 4955 Dei,
1028 4893 1108 4956 XIII,
1126 4903 1167 4953 m,
1189 4903 1231 4956 Ν,
1250 4904 1281 4955 x,
1299 4904 1341 4945 x1.

487 4980 671 5047 'lARISToI
690 4985 941 5046 Perthennenias,
961 4982 1076 5035 Comm.
1095 4982 1124 5035 S.
1143 4980 1249 5035 Thom.
1267 4983 1337 5035 leet
1355 4983 1392 5035 V.

488 5070 509 5136 ⁴)
535 5072 623 5126 Cette
649 5072 865 5140 comparaison
891 5072 1013 5125 revient
1042 5086 1114 5125 sans
1133 5086 1222 5124 cesse
1240 5072 1318 5125 dans
1337 5073 1384 5125 les
1403 5073 1512 5125 traites
1530 5072 1719 5140 philosophi·

380 5174 457 5227 ques
477 5162 520 5215 du
539 5162 653 5231 Moyen
665 5162 739 5231 Age.
