4300 6117
816 928 1004 981 IOHANNIS
1027 930 1208 983 DOMINICI
1638 919 1677 983 17

344 1151 460 1220 aliter,
486 1149 729 1229 metaphorice
753 1155 882 1223 tamen,
908 1153 1049 1214 divinus
1073 1153 1173 1214 locus
1198 1153 1330 1214 dicitnr
1352 1152 1427 1215 fore
1452 1155 1578 1215 domus
1594 1172 1679 1232 que·

344 1257 428 1317 dam
464 1258 628 1337 superior
659 1259 788 1319 mentis
820 1258 983 1329 humane.
1024 1261 1117 1321 sicut
1140 1258 1437 1339 Augustinus
1467 1263 1503 1322 et
1526 1260 1635 1322 ceteri
1659 1250 1678 1343 Ι)

345 1364 511 1426 doctores
536 1363 702 1426 catholici
717 1363 876 1427 fideliter
890 1367 1015 1427 volunt
1030 1364 1049 1436 ¹,
1075 1367 1191 1444 primo
1207 1365 1272 1428 hec
1290 1367 1422 1428 dixisse
1438 1367 1570 1429 ethnici
1587 1386 1679 1428 com·

343 1473 552 1550 probantur.
593 1469 696 1533 Unde
720 1472 758 1532 id
782 1470 979 1534 Senece:
1006 1471 1187 1552 «Spiritus
1210 1473 1306 1534 intra
1328 1492 1392 1535 nos
1416 1476 1507 1547 est»,
1531 1474 1680 1552 loquens

345 1578 391 1639 de
413 1576 490 1639 Deo
513 1596 610 1649 vero,
649 1579 712 1657 qui
748 1581 803 1639 est
826 1581 922 1641 solus
955 1580 1063 1641 latria
1086 1581 1322 1651 venerandus,
1366 1582 1581 1660 epistola
1605 1580 1646 1641 41
1659 1580 1680 1641 ².

344 1683 405 1746 Ait
428 1686 541 1745 eciam
564 1686 766 1763 epistola
790 1684 850 1748 73:
878 1685 1042 1747 «Miraris
1065 1687 1226 1748 homines
1252 1688 1300 1748 ad
1317 1688 1403 1749 deos
1420 1688 1497 1748 ire?
1520 1687 1617 1749 Deus
1634 1687 1681 1747 ad

343 1790 503 1853 homines
526 1793 632 1863 venit,
656 1812 784 1873 ymmo,
809 1794 908 1871 quod
932 1796 987 1855 est
1008 1795 1167 1873 propius,
1192 1795 1229 1853 in
1251 1793 1412 1856 homines
1435 1795 1541 1856 venit.
1575 1794 1680 1855 Nulla

343 1899 421 1959 sine
444 1897 522 1959 Deo
544 1917 644 1960 mens
667 1901 763 1960 bona
787 1902 849 1961 est.
889 1898 1034 1961 Semina
1059 1902 1095 1960 in
1119 1901 1330 1979 corporibus
1365 1900 1527 1962 humanis
1559 1901 1682 1961 divina

345 2005 508 2084 dispersa
534 2008 625 2075 sunt,
651 2024 722 2083 que
744 2007 774 2066 si
797 2008 912 2068 bonus
938 2008 1054 2068 cultor
1079 2008 1218 2085 ercipit¹
1254 2008 1383 2068 similia
1407 2008 1575 2087 originis²
1600 2025 1681 2086 pro·

344 2112 464 2182 deunt‚
490 2114 526 2173 et
547 2113 650 2191 paria
672 2112 750 2183 hiis,
776 2132 819 2174 ex
843 2116 972 2191 quibus
996 2117 1075 2176 orta
1099 2116 1190 2187 sunt,
1215 2118 1378 2194 surgunt:
1411 2116 1440 2176 si
1457 2116 1581 2185 maluS,
1610 2133 1681 2175 non

344 2218 449 2279 aliter
485 2236 592 2297 quam
614 2218 742 2280 humus
778 2221 909 2281 sterilis
935 2238 978 2282 ac
1002 2221 1174 2299 palustris
1201 2223 1315 2292 necat,
1355 2240 1396 2283 ac
1427 2222 1558 2283 deinde
1582 2222 1682 2282 creat

332 2328 576 2404 ,purgamenta
599 2344 666 2405 pro
691 2324 870 2406 frugibus»
884 2326 905 2388 ³.
930 2361 969 2367 —
987 2326 1103 2389 Deum
1126 2327 1273 2407 insuper
1289 2347 1368 2390 esse
1383 2329 1422 2390 id
1438 2330 1569 2390 bonum
1584 2328 1681 2406 quod

343 2433 462 2492 omnia
486 2435 669 2511 appetunt,
710 2452 781 2494 non
812 2434 910 2495 siluit
932 2435 1106 2513 providus
1131 2434 1395 2507 Avicenna,
1436 2437 1592 2496 tractatu
1615 2433 1679 2493 IX⁰

342 2537 680 2620 Metaphysice
704 2558 777 2612 sue,
803 2541 945 2602 dicens:
986 2539 1123 2601 «Causa
1146 2542 1262 2621 prima
1284 2544 1339 2603 est
1363 2542 1582 2603 desiderium
1605 2542 1679 2603 uni-

343 2646 523 2707 versitatis
541 2648 793 2707 communiter»
806 2646 827 2707 ⁴.
852 2646 900 2708 Et
915 2647 980 2709 hec
996 2651 1051 2709 est
1066 2649 1222 2710 intencio
1240 2649 1285 2710 de
1301 2648 1378 2721 hoc,
1401 2649 1498 2727 quod
1514 2649 1681 2709 dixerunt

343 2752 492 2831 antiqui,
517 2753 615 2831 quod
639 2754 854 2815 universitas
877 2754 987 2815 habet
1010 2758 1186 2817 motorem
1209 2775 1318 2817 unum
1342 2756 1543 2818 amabilem.
1572 2755 1680 2834 Apud

344 2857 513 2920 Cicero
525 2879 640 2921 nem:
670 2860 787 2922 «Deus
805 2864 859 2921 est
876 2862 1031 2940 quedam
1048 2881 1147 2923 mens
1170 2864 1287 2923 soluta
1304 2866 1339 2924 et
1353 2863 1477 2934 libera,
1496 2865 1681 2942 segregata

343 2968 390 3027 ab
416 2966 512 3027 omni
537 2968 770 3029 concrecione
793 2969 945 3039 mortali,
971 2970 1089 3029 omnia
1109 2970 1270 3031 senciens
1294 2972 1330 3031 et
1349 2988 1504 3040 movens,
1529 2971 1679 3049 ipsaque

343 3073 485 3151 predita
506 3076 605 3135 motu
628 3076 865 3154 sempiterno»
879 3074 899 3136 ⁵.

456 3178 537 3251 Sed.
574 3182 604 3241 si
639 3182 809 3243 colendus
834 3182 930 3243 Deus
960 3185 1014 3244 est
1042 3184 1171 3254 mente,
1211 3184 1331 3244 verbis
1362 3185 1398 3243 et
1428 3182 1543 3254 factis,
1583 3176 1745 3243 unde10.

343 3283 552 3347 fertiliorem
575 3288 778 3349 doctrinam
801 3289 997 3368 poterimus
1021 3290 1175 3359 haurire,
1211 3307 1318 3368 quam
1343 3309 1385 3351 ex
1410 3291 1558 3368 antiquo
1582 3291 1679 3350 fonte

343 3392 523 3471 sapiencie
547 3394 744 3455 secularis?
785 3394 892 3473 Apud
917 3395 1125 3456 Plinium
1162 3396 1280 3457 disces
1310 3415 1452 3476 semper
1475 3395 1580 3457 thura
1604 3395 1680 3457 Deo

344 3500 452 3561 tuisse
476 3500 597 3561 oblata
622 3518 644 3560 a
664 3502 873 3563 nacionibus
890 3503 1074 3572 universis,
1100 3502 1364 3582 genuflexiones
1381 3522 1460 3564 esse
1477 3505 1679 3583 perpetuas,

345 3608 378 3666 et
393 3625 562 3668 manuum
590 3608 812 3669 elevaciones
839 3609 876 3667 in
893 3610 1018 3680 celum,
1046 3610 1227 3670 sacrificia
1250 3628 1393 3689 quoque
1409 3608 1679 3671 vetustissima‘i

344 3710 514 3791 Reperies
552 3714 665 3775 eciam
698 3715 920 3793 respublicas
956 3717 1048 3777 mira
1084 3715 1212 3778 fecisse
1236 3719 1437 3778 ob'numen
1472 3719 1680 3777 veneratum

345 3818 512 3880 divinum.
535 3818 663 3881 Omnia
687 3840 841 3899 namque
866 3823 1034 3901 ponenda
1055 3825 1138 3901 post
1153 3824 1360 3903 religionem
1383 3841 1531 3884 romana
1556 3824 1681 3884 civitas

344 3941 485 4006 semper
507 3927 617 3997 duxit.
643 3947 724 3989 cum
748 3928 885 4000 ceteris.
913 3946 983 4007 que
999 3926 1171 3991 Valerius
1188 3928 1319 3991 diffuse
1342 3930 1448 3991 docet
1460 3928 1479 3990 ⁷.
1503 3929 1545 3989 In
1566 3930 1681 4010 primo

448 4208 481 4268 α)
500 4221 534 4251 :
553 4206 672 4271 origini.

450 4344 469 4409 ¹)
489 4346 520 4398 S.
536 4347 616 4399 Auo.
648 4349 695 4400 De
714 4350 869 4415 Magistro
887 4364 952 4416 cap.
971 4360 990 4400 1.
1009 4346 1027 4415 ᾖ
1047 4350 1071 4401 2.
1107 4351 1142 4402 In
1164 4349 1257 4416 Oper.
1279 4351 1398 4413 1‚1195.

449 4432 470 4496 Ι)
489 4435 601 4487 SENEc.
637 4437 738 4502 Epist.
772 4437 856 4488 XLI:
895 4455 908 4479 ‹
926 4438 972 4491 Ita
1000 4439 1079 4501 dico,
1108 4440 1212 4503 Lucili,
1243 4455 1332 4492 sacer
1362 4442 1443 4493 intra
1471 4456 1527 4492 nos
1556 4439 1681 4505 spiritus

344 4524 438 4587 sedet,
457 4525 608 4577 malorum
627 4527 840 4592 bonorumque
859 4529 967 4579 nostro
975 4543 1043 4580 rum
1062 4529 1253 4592 observator,
1273 4532 1304 4581 et
1323 4532 1435 4583 custos.
1453 4550 1464 4575 »
1486 4529 1510 4581 2.

450 4610 470 4677 Ι)
489 4614 532 4665 ln.
555 4615 656 4680 Epist.
678 4615 808 4677 LXXIII,
829 4616 871 4667 16.

448 4700 470 4766 ⁴)
488 4704 618 4754 AVICEN.
638 4706 774 4770 Metaptr.
796 4702 897 4756 Tract.
914 4705 992 4768 VIII,
1007 4721 1072 4772 cap.
1088 4715 1135 4757 VI:
1153 4706 1310 4759 «Necesse
1324 4708 1371 4758 est
1383 4721 1440 4771 per
1455 4722 1488 4758 se
1501 4706 1547 4757 est
1559 4706 1681 4757 bonitas

342 4806 434 4857 pura:
461 4793 491 4843 et
516 4793 687 4845 bonitatem
713 4794 869 4846 desiderat
895 4796 1019 4847 omnino
1046 4795 1195 4861 quidquid
1221 4797 1277 4847 est.
1314 4796 1349 4847 Id
1369 4798 1472 4847 autem
1499 4796 1582 4860 quod
1601 4796 1679 4846 desi·

343 4880 431 4932 derat
449 4882 549 4932 omnis
568 4896 620 4933 res
640 4882 775 4935 estesse
794 4884 825 4934 et
843 4882 993 4949 perfectio
1013 4898 1118 4935 esse.»

448 4965 469 5033 ⁶)
489 4969 551 5021 erc.
576 4969 660 5022 Taso.
680 4970 703 5032 1,
724 4981 822 5023 xxvn.

447 5054 573 5123 ⁶)PL1N.
603 5060 720 5112 Hister.
741 5059 833 5123 XXII,
852 5060 896 5112 56.

449 5142 469 5212 τ)
487 5147 565 5198 VAL.
583 5147 670 5201 Max.
703 5149 842 5214 Exempt.
863 5151 1025 5202 memorab.
1046 5150 1067 5213 1,
1087 5160 1105 5213 Ι,
1133 5152 1170 5204 de
1190 5151 1341 5219 religione.
1375 5150 1419 5202 Ct.
1441 5151 1631 5217 Epistolorio
1648 5154 1681 5203 di

346 5234 482 5288 Coluecto
501 5235 640 5299 salutati,
658 5237 680 5301 I,
698 5238 750 5290 lib.
769 5237 791 5300 1,
810 5238 896 5304 epist.
916 5238 966 5291 IV.
1555 5307 1568 5348 2
