4300 6117
802 926 989 980 IOHANNIS
1011 926 1193 980 DOMINICI
1597 915 1662 978 149

319 1151 432 1212 dixit:
460 1147 646 1212 «Omnino
670 1151 831 1230 iniquum
854 1153 909 1212 est
931 1150 1109 1211 nobiliora
1124 1149 1265 1229 ingenia
1280 1148 1408 1211 studiis
1435 1147 1663 1210 dehonestari

319 1258 518 1320 minoribus
544 1259 580 1318 et
603 1275 673 1330 eos,
693 1276 782 1336 quos
802 1257 917 1319 ardua
939 1261 974 1319 et
990 1257 1156 1337 graviora
1183 1258 1373 1336 expectant
1393 1256 1523 1326 oiiicia,
1541 1255 1664 1335 volup·

320 1367 405 1428 tatis
431 1367 468 1428 et
489 1365 659 1426 vanitatis
683 1365 983 1445 occupacionibus
1005 1365 1180 1445 agitari».

432 1471 680 1534 Mandatum
703 1472 845 1534 demum
868 1472 945 1534 vult
968 1475 1067 1534 esse·
1088 1471 1340 1552 iurisperitum,
1366 1471 1527 1532 maxime
1549 1469 1663 1531 archi·
1677 1466 1709 1527 4.

321 1579 484 1642 diaconis
508 1597 589 1641 cum
612 1577 770 1659 Hugone,
795 1579 889 1640 infra
911 1582 1130 1660 preceptum,
1157 1581 1193 1640 et
1216 1578 1402 1641 consilium
1425 1596 1597 1657 superare
1626 1577 1663 1639 in

322 1705 366 1749 eo
390 1688 487 1765 quod
520 1687 655 1765 obligat
688 1686 737 1748 ad
771 1705 918 1767 penam,
944 1686 1041 1766 quod
1065 1705 1137 1748 non
1159 1685 1247 1747 iacit
1271 1685 1466 1757 consilium,
1503 1684 1663 1746 sednon

322 1795 457 1875 obligat
480 1794 528 1856 ad
552 1795 703 1873 culpam,
728 1796 836 1873 prout
859 1795 914 1855 est
936 1793 982 1855 de
1008 1793 1154 1854 racione
1186 1793 1347 1872 precepti
1361 1789 1381 1853 ¹.
1406 1787 1507 1854 Tunc
1532 1792 1664 1853 dicitur

322 1901 371 1962 ad
392 1901 571 1980 quesitum
593 1919 660 1980 per
682 1899 841 1962 Iudicem
869 1901 1123 1980 sempiternum
1157 1901 1234 1962 tore
1266 1899 1483 1970 mandatum,
1508 1918 1552 1960 ne
1583 1899 1663 1978 quis

322 2008 360 2068 in
392 2008 499 2070 dictis
521 1998 537 2091 Ι)
568 2008 750 2088 gentilium
785 2007 917 2069 debeat
949 2025 1170 2087 permanere,
1213 2007 1399 2069 verberari
1437 2006 1531 2067 euim
1565 2006 1664 2067 iuxta

323 2113 547 2186 Ierouimum,
572 2117 612 2176 ut
635 2115 907 2184 ciceronianum,
931 2115 1010 2194 ipso
1034 2115 1226 2176 verberato
1251 2116 1342 2176 teste
1365 2113 1413 2174 ad
1429 2131 1569 2174 sacram
1592 2113 1662 2173 vir-

323 2220 438 2301 ginem
460 2220 810 2283 Eustochium².
852 2219 957 2306 Quod
979 2220 1116 2283 factum
1153 2220 1427 2283 Gracianus
1462 2220 1664 2281 assumitin

325 2326 492 2390 Canone
516 2347 582 2408 pro
606 2329 847 2390 stabilimento
871 2329 1108 2390 conclusionis
1133 2328 1293 2390 eiusdem
1306 2326 1327 2389 ³.

435 2434 511 2496 Iam
526 2454 597 2497 non
614 2438 755 2514 oportet
778 2437 968 2497 memorari
991 2436 1078 2514 quid
1098 2454 1164 2516 per
1188 2437 1437 2516 preceptum
1452 2435 1499 2496 sit
1523 2435 1663 2513 capien·
1678 2431 1708 2492 5.

326 2542 419 2612 dnm,
445 2549 525 2603 cuni
548 2543 596 2604 sit
623 2543 712 2604 illud
742 2543 899 2622 speciale
929 2543 1148 2614 mandatum,
1172 2543 1273 2604 cuius
1296 2542 1410 2604 libera
1427 2541 1664 2621 transgressio

326 2649 475 2710 mortale
507 2648 640 2711 crimen
671 2650 818 2711 inducit.
843 2649 900 2710 An
932 2668 1018 2711 vero
1049 2651 1116 2712 sub
1155 2649 1218 2711 tali
1250 2653 1421 2730 precepto
1448 2650 1532 2711 libri
1555 2648 1664 2728 genti·

325 2755 411 2816 lium
433 2754 630 2836 Xpistianis
653 2757 799 2836 intelligi
823 2757 981 2819 debeant
1012 2757 1207 2828 interdicti,
1239 2758 1431 2819 temerario
1454 2775 1525 2817 non
1547 2755 1664 2817 audeo

326 2861 517 2932 affirmare,
534 2864 618 2925 licet
630 2864 731 2925 multi
747 2867 856 2925 testes
873 2864 911 2925 id
926 2864 1119 2926 videantur
1135 2882 1273 2925 sonare.
1292 2860 1392 2925 Sicut
1409 2864 1501 2925 enim
1518 2862 1666 2943 quidam

241 3043 242 3048 γ
326 2988 465 3049 pauper
488 2971 595 3032 rebus
619 2971 791 3042 humanis,
823 2969 974 3032 Domino
1008 2972 1162 3042 iubente,
1195 2971 1311 3033 extitit
1343 2989 1365 3032 a
1403 2971 1536 3051 populo
1568 2969 1663 3030 saxis

328 3078 487 3146 obrutus,
512 3097 583 3156 quo
618 3078 712 3158 ligna
749 3079 808 3140 die
840 3079 983 3140 sabbati
1007 3079 1062 3140 sui
1085 3079 1197 3157 ipsius
1219 3078 1451 3158 recolligebat
1473 3078 1521 3139 ad
1552 3096 1664 3150 usum,

328 3186 366 3245 nt
390 3187 485 3246 esset
508 3185 636 3246 ceteris
660 3186 696 3245 in
721 3187 930 3264 exemplum,
962 3187 997 3247 et
1027 3185 1198 3265 sanguine
1222 3186 1495 3265 transgressoris
1519 3185 1665 3246 inicium

328 3291 412 3369 legis
444 3289 658 3353 fundaretur
689 3291 870 3354 timoretz
904 3293 965 3364 sic,
1000 3293 1109 3354 credo
1143 3291 1310 3354 doctores
1343 3310 1466 3354 sacros
1490 3292 1664 3353 adversus

332 3401 518 3458 extraneas
558 3399 696 3460 litteras
729 3400 862 3461 acriter
894 3399 1141 3469 dimicarent
1175 3399 1284 3461 illecti
1320 3418 1443 3461 earum
1474 3398 1664 3460 blandiciis

330 3505 498 3566 resistant
522 3506 643 3584 aliqui,
662 3507 722 3584 qui
745 3525 868 3568 earum
884 3507 1034 3568 vinculis
1051 3506 1191 3568 astricti
1206 3507 1304 3567 velut
1320 3507 1384 3567 bos
1410 3506 1458 3567 ad
1483 3506 1665 3567 victimam

332 3701 542 3710 --.

434 3860 468 3921 α)
490 3883 520 3892 -
542 3870 620 3910 esse.

328 4049 398 4086 enm
423 4033 636 4086 incunctanter
662 4034 817 4097 erudiatis,
845 4049 977 4102 eumque
1003 4035 1178 4102 expectanti
1196 4035 1292 4088 amico
1311 4036 1458 4088 remittite
1476 4036 1663 4103 castigatum.

327 4122 395 4175 Non
414 4122 557 4189 equidem
582 4125 616 4176 ut
640 4123 690 4176 iur
716 4124 770 4175 ille
790 4123 1022 4177 Cantuariensis
1042 4123 1129 4176 Brito
1154 4125 1195 4176 de
1220 4125 1307 4192 cnjus
1329 4125 1471 4177 manibus
1489 4125 1584 4176 avelli
1600 4139 1665 4176 non

328 4211 426 4278 potuit
453 4213 620 4278 antequam
644 4214 727 4266 totus
755 4214 983 4281 depingeretur,
1007 4213 1091 4266 forte
1114 4215 1148 4266 ut
1172 4213 1292 4267 facilius
1309 4215 1407 4281 possit
1426 4215 1512 4282 argui
1529 4214 1665 4267 bostium

329 4300 425 4352 oculis
443 4299 666 4367 ingerendus».
680 4329 705 4337 —
717 4302 761 4355 Le
779 4302 978 4355 Policraticus
999 4303 1050 4355 eut
1068 4303 1109 4354 de
1119 4305 1321 4356 nombreuses
1336 4303 1482 4356 editions:
1496 4303 1582 4355 Paris
1594 4301 1664 4354 151³

328 4389 360 4453 43
386 4390 476 4458 Lyon
504 4389 588 4452 1595,
621 4391 707 4442 Paris
735 4391 819 4453 1⁶1⁰;
853 4391 940 4460 Lyon
967 4391 1051 4452 16³9;
1086 4391 1281 4445 Amsterdam
1308 4393 1392 4455 1⁶64;
1425 4392 1559 4460 Cologne
1586 4391 1662 4443 1622.

329 4478 395 4531 Une
421 4479 595 4531 traduction
622 4479 777 4546 iranqaise
806 4480 895 4545 (Bibl.
926 4482 1140 4544 Menursinna,
1171 4497 1201 4548 p.
1224 4482 1271 4547 35)
1296 4497 1373 4535 avec
1397 4496 1433 4534 ce
1457 4482 1550 4534 titre:
1583 4480 1664 4533 Poll·

330 4571 465 4620 craticon
490 4570 545 4621 des
571 4572 673 4622 traces
700 4571 755 4622 des
780 4571 988 4636 Philosophes,
1012 4573 1042 4624 et
1065 4572 1121 4623 des
1139 4569 1255 4635 trusses
1273 4575 1303 4624 et
1320 4575 1439 4624 vaniter
1464 4573 1501 4624 de
1519 4586 1594 4624 ceux
1611 4573 1666 4636 qut

330 4661 449 4710 sntvent
466 4658 511 4710 les
531 4657 628 4710 Cours
645 4660 700 4711 des
716 4659 850 4712 Princes.
870 4658 915 4712 Ci.
934 4659 1111 4722 FABRICIUS,
1129 4661 1208 4712 Bibl.
1222 4661 1273 4712 int.
1292 4663 1368 4714 med.
1388 4665 1418 4714 et
1434 4659 1530 4725 tristm.
1543 4663 1664 4722 aetatis,

332 4747 351 4797 t.
369 4746 418 4810 IV,
437 4762 467 4813 p.
485 4747 548 4800 415.
570 4747 614 4800 Ct.
634 4748 807 4800 litterature
825 4747 903 4800 dans
922 4748 958 4801 U.
981 4747 1172 4812 CivaLmn,
1191 4747 1315 4817 Re'pert.
1328 4753 1383 4804 des
1397 4750 1529 4804 Sourees
1540 4751 1609 4801 trist.
1621 4751 1663 4801 dn

333 4836 375 4886 lt.
393 4837 433 4888 A.
459 4863 485 4871 -
508 4837 643 4904 Passage
663 4837 731 4900 cite,
750 4837 789 4890 ci.
811 4837 1128 4903 Polyernttcus,1,111.

437 4923 458 4989 Ι)
478 4924 537 4977 Sur
555 4941 606 4978 ces
625 4926 829 4984 distinctions,
851 4926 888 4978 ci.
907 4926 936 4979 S.
955 4925 1060 4979 Tuon.
1081 4928 1110 4979 1·
1124 4927 1181 4979 11²0
1200 4927 1234 5001 Q.
1252 4928 1356 4992 XCIX,
1375 4929 1400 4982 5.

438 5011 460 5078 7)
478 5013 508 5067 8.
527 5014 641 5068 EUSEB.
660 5015 791 5067 HIERON.
814 5017 915 5082 Epist.
935 5015 1030 5068 XXII
1044 5019 1087 5069 ad
1104 5017 1311 5070 helvetium.
1330 5019 1365 5070 tn
1386 5013 1476 5086 Oper.
1495 5019 1518 5082 1,
1538 5016 1600 5070 416.

439 5099 460 5167 ²¹)
480 5102 578 5156 GRAT.
596 5106 717 5158 Decret.
740 5103 812 5171 Cap.
832 5106 980 5173 Legimus.
999 5105 1062 5158 vn.
1082 5108 1160 5158 Dist.
1177 5107 1326 5160 XXXVII.

437 5190 459 5256 ⁴)
478 5193 602 5246 Numer.
622 5203 675 5258 XV,
693 5193 785 5246 32-37.
