4300 6117
862 909 1048 964 IOHANNIS
1070 908 1252 963 DOMINICI
1666 899 1728 962 141

394 1150 564 1196 exercens
579 1131 598 1204 ¹,
638 1152 719 1196 cum
756 1133 816 1194 ille
854 1135 1025 1214 tempore,
1064 1133 1134 1195 iste
1171 1133 1345 1214 dignitate
1386 1135 1515 1212 querat
1565 1131 1728 1212 preferri.

394 1236 571 1302 Secuntur
594 1258 674 1302 cum
697 1239 882 1303 autoribus
907 1239 980 1301 suis
1003 1243 1115 1313 vates,
1154 1239 1350 1320 nuncupati
1384 1240 1499 1301 eciam
1527 1259 1549 1301 a
1573 1239 1730 1319 quodam

394 1347 520 1409 insano
542 1346 674 1418 lurore,
698 1364 771 1426 quo
794 1346 830 1407 in
853 1346 1003 1409 theatris
1027 1345 1236 1427 effigiabant
1259 1349 1417 1418 narrata,
1436 1364 1478 1408 ex
1499 1347 1628 1425 quibus
1649 1364 1729 1408 nos·

394 1456 451 1515 ter
478 1452 695 1534 Augustinus
735 1451 926 1533 Orpheum,
966 1452 1132 1516 Museum
1171 1456 1207 1515 et
1244 1451 1371 1514 Linum
1406 1454 1541 1533 primos
1585 1453 1619 1514 in
1658 1453 1728 1515 illis

394 1559 575 1640 theologos
598 1561 737 1623 censuit
759 1559 995 1639 appellandos
1010 1559 1030 1622 ².

483 1664 570 1752 Quis
592 1666 795 1729 numerabit
826 1667 970 1729 turbam
1004 1669 1244 1748 promiscuam
1283 1685 1327 1729 ex
1362 1666 1434 1728 alio
1469 1667 1588 1746 capite
1619 1664 1727 1729 fontis
1742 1663 1793 1726 11.

393 1775 606 1846 manantem,
631 1791 743 1853 seque
765 1773 896 1835 mutuis
912 1774 1059 1837 cedibus
1088 1777 1225 1854 absque
1240 1792 1305 1855 spe
1319 1772 1453 1836 federis
1479 1773 1728 1837 occidentem?

394 1879 501 1942 Dico:
530 1873 955 1960 genosophistarum,‘¹
977 1899 1044 1961 per
1066 1900 1182 1962 opaca
1204 1881 1241 1942 in
1262 1881 1322 1942 die
1343 1880 1547 1960 dampnatis
1569 1880 1728 1942 vestibus

394 1987 668 2067 speculancium,
689 1989 1073 2068 -platonicorum,
1100 2007 1208 2068 super
1229 1987 1362 2070 sydera
1386 1987 1454 2049 sibi
1481 1987 1585 2049 nidos
1609 1987 1728 2049 locan-

394 2094 496 2166 cium,
527 2127 571 2136 —-
600 2095 993 2159 acchademicorum
1020 2096 1224 2175 priorum,
1255 2095 1393 2156 animas
1420 2095 1580 2156 moribus
1609 2094 1728 2173 dispo·

394 2202 558 2262 nencium
581 2201 630 2262 ad
644 2202 861 2282 capiendum
877 2203 1037 2264 divinum
1053 2220 1262 2272 sermonem,
1279 2200 1428 2264 Socrate
1443 2200 1670 2281 precedente,
1686 2234 1726 2241 —

394 2308 623 2387 sequencium
660 2310 906 2371 recentium
946 2309 1346 2381 academicorum,
1391 2308 1586 2370 Archesilla
1624 2308 1726 2380 duce,

393 2416 602 2495 negancium
631 2416 769 2495 aliquid
802 2417 888 2478 sciri
922 2435 1029 2496 posse
1060 2417 1109 2478 ab
1140 2416 1281 2478 homine
1313 2415 1350 2476 in
1383 2416 1458 2477 vita
1488 2415 1657 2494 presenti,
1682 2450 1724 2459 —

393 2524 655 2603 stoycorum
673 2511 704 2605 ll,
728 2521 871 2585 Zenone
905 2526 941 2585 et
964 2521 1130 2603 Crisippo
1152 2523 1384 2603 principibus,
1420 2522 1518 2602 apud
1550 2540 1640 2601 quos
1671 2522 1725 2582 Ira
1808 2513 1933 2578 B30'0

393 2629 432 2689 iu
455 2629 652 2708 sapientem
675 2648 747 2691 non
770 2629 878 2701 cadit,
904 2662 943 2672 —
968 2631 1231 2709 impudicorum
1261 2630 1537 2701 cinicorum,
1572 2629 1725 2708 epicu-

394 2753 575 2797 reorum
590 2737 793 2809 brutalium,
810 2736 1304 2818 -pictbagoricorum,
1330 2737 1590 2798 circuenciumc
1605 2735 1727 2799 secula

397 2844 433 2904 et
470 2861 541 2904 non
576 2843 780 2905 videncium
817 2842 985 2924 specifice
1023 2844 1192 2906 animalia
1230 2843 1409 2923 distingui,
1449 2844 1514 2905 sed
1548 2843 1728 2922 corporali

392 2948 518 3020 torma,
559 2951 700 3011 actione
738 2953 775 3012 et
821 2969 968 3012 numero
1007 2952 1161 3024 tantum;
1179 2983 1223 2991 -
1238 2962 1466 3030 magorum
1496 2949 1727 3011 reddencium

394 3057 512 3118 omnia
535 3057 625 3118 mira
648 3060 775 3118 nature
799 3058 989 3119 tenebroso
1012 3055 1208 3129 Heraclito,
1243 3058 1273 3118 si
1303 3055 1510 3120 Zoroastem
1547 3059 1727 3137 contemp·

393 3162 509 3225 nimus
518 3164 771 3242 precedentem
782 3183 789 3236 ;
801 3197 839 3204 —
849 3183 874 3244 p
884 3182 931 3225 er
941 3164 983 3243 ip
994 3164 1100 3226 athe
1111 3164 1146 3225 ti
1156 3183 1175 3225 c
1186 3182 1208 3226 o
1218 3182 1327 3234 rum,
1353 3166 1482 3226 cuncta
1498 3164 1590 3225 scire
1606 3165 1726 3225 volen-

395 3269 488 3331 cium
510 3271 649 3332 artibus
674 3270 883 3332 liberalibus
916 3271 1161 3351 antesumptis,
1197 3289 1278 3332 cum
1301 3270 1529 3350 philosophia
1560 3271 1607 3332 sit
1638 3271 1726 3332 divi·

394 3394 520 3438 narum
542 3376 849 3456 humanarumque
872 3395 991 3439 rerum
1014 3377 1257 3457 investigacio.

483 3481 585 3545 Hanc
609 3502 692 3545 reor
714 3483 823 3545 luisse
846 3480 1000 3563 Spiritus
1024 3481 1148 3545 Sancti
1164 3483 1401 3546 intencionem
1415 3485 1632 3563 primariam,
1646 3503 1727 3546 cum
1742 3470 1794 3533 12·

392 3607 458 3668 per
493 3590 664 3651 lamulum
699 3608 801 3652 suum
833 3589 984 3672 Moysen
1019 3590 1238 3670 paradisum,
1282 3591 1319 3651 in
1362 3608 1433 3669 quo
1468 3593 1547 3652 erat
1594 3591 1726 3671 lignum

392 3696 547 3759 sciencie
570 3697 655 3759 boni
678 3700 714 3759 et
736 3697 829 3771 mali,
854 3690 1008 3760 hominid
1023 3699 1173 3759 vetitum
1196 3697 1466 3778 degustandum,
1491 3715 1598 3776 quem
1629 3698 1726 3760 solus

394 3801 489 3866 Deus
513 3804 714 3865 illuminare
742 3804 896 3877 volebat,
922 3805 1103 3876 describit,
1138 3804 1286 3866 dicens:
1314 3803 1394 3866 «Et
1416 3804 1546 3866 fluvius
1569 3805 1726 3885 egredie-

393 3911 502 3973 batur
522 3911 569 3972 de
596 3911 676 3973 loco
713 3911 908 3991 voluptatis
943 3911 992 3972 ad
1026 3911 1266 3992 irrigandum⁸
1289 3911 1507 3991 paradisum,
1543 3912 1605 3991 qui
1641 3912 1726 3974 inde

394 4016 567 4080 dividitur
597 4019 633 4078 in
667 4020 823 4097 quatuor
855 4019 984 4099 capita.
1020 4016 1156 4081 Nomen
1187 4017 1249 4079 uni
1280 4017 1439 4092 Phison;
1470 4019 1547 4098 ipse
1580 4021 1635 4080 est
1664 4019 1726 4098 qui

499 4450 532 4511 u)
550 4463 585 4492 =
605 4447 883 4514 genosophltarum.
911 4448 943 4512 b)
956 4464 989 4494 =
1002 4448 1204 4515 arguentium.
1229 4451 1259 4512 o)
1271 4474 1305 4484 -
1319 4449 1443 4502 homini
1461 4451 1494 4512 d)
1508 4465 1543 4495 =
1555 4449 1725 4517 rigandum.

500 4621 521 4688 ¹)
539 4624 621 4677 Pour
639 4623 769 4677 Alcman
786 4625 818 4676 et
835 4625 948 4691 Esope.
979 4625 1024 4678 Le
1042 4625 1083 4677 1er
1100 4623 1250 4678 florIssait
1269 4639 1343 4678 vers
1359 4625 1414 4678 ⁶70
1431 4640 1479 4678 av.
1498 4625 1610 4690 J.-Ch.;
1628 4627 1660 4678 le
1678 4641 1725 4679 se·

393 4712 473 4765 cond
491 4727 564 4766 vers
582 4713 613 4765 le
630 4712 685 4764 vle
702 4713 807 4766 siecle.

498 4797 520 4866 ¹)
539 4801 569 4854 S.
586 4801 665 4855 Auo.
690 4803 738 4855 De
759 4801 843 4854 crvu.
861 4805 927 4867 Dei,
944 4803 1049 4865 XVIII,
1068 4813 1139 4856 xw:
1157 4804 1204 4857 De
1222 4804 1367 4872 theologis
1381 4806 1490 4871 poetis.
1508 4804 1545 4856 In
1559 4804 1649 4871 oper.
1661 4805 1726 4868 VII,

395 4890 454 4942 572.
477 4917 503 4926 -
533 4889 577 4944 Ct.
596 4891 798 4957 PETRARQUE,
823 4893 923 4958 Epist.
941 4893 1029 4944 Fum.
1049 4891 1085 4955 X,
1104 4902 1146 4956 Ν,
1172 4892 1220 4945 ed.
1237 4893 1435 4956 FracassettI,
1452 4893 1489 4956 11,
1507 4893 1557 4956 ⁸33
1582 4894 1725 4946 Bocche·

394 4987 454 5042 010,
478 4981 525 5032 De
551 4979 623 5033 Gen.
644 4981 736 5044 deor..
755 4980 808 5032 lib.
825 4980 903 5044 XIV,
922 4980 971 5034 ed.
992 4980 1123 5040 Hecker.
1143 4996 1172 5048 p.
1192 4981 1253 5035 213.
1284 4981 1426 5036 Coluceio
1443 4981 1574 5036 Salutati
1591 4983 1670 5035 dans
1690 4997 1725 5035 sa

394 5067 527 5135 reponse
539 5068 558 5121 ὲ
571 5068 632 5120 Fra
646 5068 801 5122 Gloranni
813 5069 854 5122 da
869 5068 1077 5133 Sammtniato,
1090 5071 1281 5137 Epistoturio
1294 5073 1343 5135 Ν,
1357 5073 1408 5125 lib.
1422 5071 1500 5136 XIV,
1512 5073 1602 5139 epist.
1618 5071 1725 5136 XXIII,

393 5171 423 5223 p.
442 5156 502 5222 181,
520 5157 566 5211 les
584 5157 713 5211 donnait
731 5157 815 5212 aussi
833 5173 952 5213 comme
969 5158 1016 5212 les
1034 5159 1215 5213 Inventenrs
1233 5161 1273 5215 de
1291 5161 1322 5215 la
1339 5161 1454 5228 poesie.
