4300 6117
453 946 519 1009 360
952 958 1112 1012 LUCULA
1135 956 1275 1012 NOCTIS

452 1181 603 1261 impedit
626 1200 777 1252 sensum,
804 1185 838 1243 et
862 1182 964 1261 operi
987 1181 1124 1261 optimo
1147 1200 1276 1244 nomen
1302 1183 1476 1245 viciosum
1504 1182 1683 1264 infligunt,
1708 1183 1795 1265 phy·

451 1288 651 1367 losophiam
661 1289 891 1351 cenodoziam
901 1292 1071 1351 vocantes
1083 1293 1118 1351 et
1131 1290 1333 1369 preclaram
1345 1291 1566 1370 sapienciam
1576 1309 1619 1352 ac
1636 1291 1795 1353 studium

452 1396 629 1458 iactancie
652 1396 958 1475 appellationibus
981 1397 1206 1459 infamantes.
1231 1395 1404 1459 Paracior
1427 1399 1521 1459 enim
1538 1400 1594 1461 est
1608 1399 1795 1478 imperito·

453 1522 532 1564 rum
556 1504 662 1565 turba
686 1503 733 1564 ad
757 1503 1002 1584 derogandum
1026 1504 1130 1566 bonis
1153 1504 1292 1576 studiis,
1316 1523 1425 1584 quam
1448 1505 1497 1566 ad
1519 1504 1793 1577 imitandum&

453 1641 492 1649 —
519 1609 566 1671 Et
587 1628 715 1689 parum
739 1611 831 1670 infra
856 1610 1001 1672 subdit:
1042 1609 1331 1691 «Phylosophari
1355 1630 1434 1674 esse
1458 1611 1657 1673 secundum
1680 1611 1796 1673 Deum

454 1718 610 1796 regimen
622 1718 831 1790 animarum,
846 1720 882 1778 et
895 1719 1139 1797 gubernacula
1155 1719 1289 1797 optime
1305 1719 1512 1780 continere»
1524 1715 1545 1780 ².
1565 1750 1603 1761 ·-
1621 1718 1699 1781 Hoc
1713 1737 1796 1780 reor

455 1825 552 1904 apud
587 1821 867 1885 Ciceronem
893 1824 1042 1904 opinari¹
1071 1825 1133 1886 ubi
1167 1823 1232 1915 De
1263 1824 1496 1886 Amicicia
1522 1828 1693 1897 tractans,
1721 1826 1793 1887 ait:

457 1929 624 2010 «Negant
650 1931 744 1991 enim
768 1949 983 2010 quemquam
1007 1914 1086 1993 es'se
1102 1932 1219 1992 virum
1234 1933 1375 2003 bonum,
1401 1933 1469 1994 nisi
1485 1934 1694 2013 sapientem.
1722 1931 1796 1993 Sed

358 2087 361 2095 .
454 2038 551 2099 illam
575 2038 793 2118 sapienciam
816 2039 1109 2117 interpretantur,
1144 2056 1252 2117 quam
1278 2057 1382 2101 nemo
1411 2024 1528 2101 adhuc
1553 2040 1715 2101 mortalis
1740 2041 1795 2100 est

454 2147 638 2206 assecutus
659 2142 709 2205 »3.
741 2176 781 2185 -
816 2144 941 2224 Neque
965 2145 1059 2207 enim
1084 2146 1263 2207 existimat
1286 2144 1462 2217 Varro,
1487 2147 1593 2208 dictis
1618 2146 1793 2215 alludens,

454 2252 588 2312 nullam
612 2251 846 2333 phylosophie
870 2254 1005 2315 sectam
1029 2271 1109 2314 esse
1133 2252 1332 2323 dicendam,
1358 2271 1430 2331 quo
1452 2272 1524 2315 non
1559 2272 1602 2316 eo
1639 2252 1750 2314 distet
1771 2271 1794 2313 a

455 2358 595 2431 ceteris,
621 2359 720 2438 quod
744 2359 906 2447 diversos
929 2359 1063 2421 habeat
1086 2361 1179 2421 lines
1203 2361 1379 2423 bonorum
1396 2360 1631 2431 etmalorum,
1648 2359 1794 2439 quando

456 2465 600 2543 quidem
623 2465 721 2527 nulla
745 2470 799 2528 est
821 2465 955 2527 homini
980 2484 1091 2527 causa
1112 2466 1399 2545 philosophandi,
1416 2467 1485 2529 nisi
1510 2469 1549 2528 ut
1577 2468 1705 2529 beatus
1721 2467 1791 2538 sit;

454 2572 552 2651 quod
574 2576 695 2635 autem
717 2574 863 2634 beatum
886 2571 983 2644 iacit,
1007 2574 1085 2651 ipse
1110 2577 1165 2635 est
1199 2574 1282 2635 linis
1314 2574 1409 2635 boni.
1457 2573 1563 2635 Nulla
1599 2577 1654 2635 est
1688 2573 1794 2654 igitur

456 2697 565 2741 causa
588 2679 874 2759 philosophandi,
900 2680 968 2742 nisi
990 2679 1074 2742 finis
1099 2681 1186 2742 boni
1201 2678 1222 2741 ⁴.

407 2777 438 2839 6·
560 2784 598 2846 Si
632 2788 745 2848 eciam
768 2787 1011 2849 trimembrem
1044 2787 1309 2867 philosophiam
1331 2786 1501 2859 Platonis,
1529 2806 1608 2849 cum
1632 2786 1791 2849 declara·

453 2894 554 2955 cione
578 2894 633 2955 sui
656 2894 878 2956 subtilissimi
900 2893 1173 2974 Augustini,
1203 2895 1294 2956 lib⁰
1316 2892 1454 2967 VIII⁰,
1491 2902 1658 2974 cap.1111,
1692 2897 1791 2954 nota·

451 3020 538 3073 mus,
564 3019 704 3063 omnem
726 3001 989 3081 philosophiam
1012 3002 1049 3061 in
1074 3000 1190 3063 Deum
1213 3002 1339 3063 reduci
1362 3003 1541 3063 fateamur
1560 3003 1615 3063 est
1635 3018 1790 3069 necesse,

451 3111 497 3172 de
524 3110 591 3171 hac
622 3109 745 3170 volens
778 3108 983 3188 nolensque,
1008 3108 1102 3170 sicut
1132 3109 1315 3188 imaginor,
1346 3104 1542 3169 Tullius
1565 3108 1789 3188 loquebatur,

451 3218 511 3279 ubi
545 3217 597 3279 ait
629 3216 902 3297 phylosophiam
941 3216 1067 3295 paucis
1105 3216 1322 3294 quibusdam
1345 3234 1468 3277 veram
1504 3215 1693 3285 dederunt,
1727 3233 1790 3275 nec

451 3324 653 3387 hominibus
676 3325 724 3385 ab
746 3322 824 3395 hiis,
849 3328 911 3385 aut
936 3322 1061 3384 datum
1084 3325 1139 3384 est
1163 3324 1296 3384 bonum
1319 3324 1443 3396 maius,
1469 3326 1532 3384 aut
1548 3323 1667 3402 potuit
1682 3322 1792 3383 ullum

450 3432 531 3493 dari
543 3429 564 3492 ⁵.
593 3463 628 3473 -
648 3430 726 3492 Hoc
749 3429 995 3510 philosophari
1019 3430 1239 3509 quandoque
1262 3448 1342 3491 esse
1365 3429 1559 3492 diffinitum
1576 3431 1754 3490 cernimus
1769 3446 1791 3489 a

447 3538 608 3612 Platone,
632 3538 693 3618 qui
728 3557 798 3599 non
830 3532 973 3600 dubitat
1005 3537 1074 3599 hoc
1109 3556 1188 3600 esse
1218 3556 1340 3599 amare
1375 3536 1498 3607 Deum,
1524 3539 1560 3598 et
1604 3539 1689 3598 tunc
1713 3534 1791 3597 fore

450 3648 596 3708 beatum
612 3646 811 3707 studiosum
827 3646 884 3706 vel
900 3647 1097 3706 amatorem
1113 3641 1324 3725 sapiencie⁶.
1350 3643 1573 3728 Quicumque
1588 3643 1791 3723 philosophi

451 3753 516 3814 hec
551 3771 640 3831 pure
670 3751 716 3813 de
750 3751 827 3813 Deo
861 3753 1041 3814 cencerint
1056 3757 1079 3822 ⁸,
1119 3752 1217 3831 quod
1253 3770 1374 3813 rerum
1397 3752 1553 3813 omnium
1581 3750 1733 3813 ellector
1756 3751 1792 3810 in

458 3878 603 3939 empore
618 3859 737 3921 lumen
754 3858 1082 3939 cognoscendorum
1106 3860 1142 3920 et
1156 3860 1290 3920 bonum
1305 3859 1535 3938 agendorum,
1550 3878 1571 3920 a
1588 3876 1660 3938 quo
1687 3858 1792 3920 nobis

453 3970 581 4028 nature
609 3967 835 4047 principium,
867 3968 976 4046 atque
1011 3966 1175 4028 doctrine
1204 3965 1349 4043 viteque
1380 3965 1494 4026 omnis
1528 3964 1691 4037 felicitas,
1717 3966 1792 4027 sive

454 4076 582 4147 forent,
623 4074 803 4154 platonici,
835 4072 1095 4154 peripathetici,
1126 4073 1280 4154 yconici‚
1318 4072 1441 4154 ytalici
1480 4073 1539 4134 vel
1559 4072 1789 4153 picthagorei,

460 4298 672 4307 -——-—---

563 4447 597 4509 a)
619 4445 835 4497 :senserint

561 4603 583 4671 ¹)
602 4606 632 4659 8.
652 4604 751 4658 GREG.
770 4605 846 4657 NAZ.
864 4606 1070 4674 Apologetica,
1093 4586 1254 4659 Oratto'II.
1273 4605 1309 4657 In
1330 4603 1420 4670 Oper.
1438 4604 1461 4668 1,
1479 4604 1542 4658 41⁵.
1560 4605 1613 4657 Ad
1629 4620 1709 4657 seris.

562 4692 583 4761 ¹²)
601 4696 656 4757 ID,
674 4696 744 4747 ibid.
762 4694 825 4748 419.
843 4696 896 4748 Ad
913 4710 993 4749 sens.

562 4780 583 4849 ³)
599 4785 638 4836 Μ.
658 4781 690 4836 Τ.
710 4783 772 4837 Cle.
791 4785 838 4837 De
856 4785 1009 4837 Amicitia.
1033 4780 1051 4851 5
1069 4785 1105 4836 V.
1125 4784 1296 4838 Variantes.

561 4871 584 4940 ⁴)
611 4874 700 4927 Cette
717 4874 832 4939 phrase
849 4875 898 4927 est
915 4874 1001 4940 prise
1022 4873 1245 4926 litteralement
1263 4875 1303 4926 de
1321 4873 1352 4926 8.
1371 4873 1531 4940 Augustin,
1554 4873 1601 4925 De
1622 4872 1706 4925 civit.
1725 4873 1792 4933 Dei,

458 4961 536 5025 XIX,
554 4972 573 5027 1,
591 4963 617 5015 3.
636 4962 671 5015 In
692 4962 782 5030 Oper.
801 4964 864 5026 vn,
882 4962 945 5017 623.

562 5048 584 5118 ὅ)
602 5052 642 5105 lli
661 5050 693 5105 T.
714 5052 776 5105 Cle.
795 5053 1047 5105 Academicorum
1065 5053 1119 5104 lib.
1132 5053 1202 5115 l,11:
1232 5069 1289 5104 c...
1303 5052 1470 5105 necnllum
1487 5047 1636 5117 [studium
1657 5050 1792 5118 philoso-

457 5139 568 5211 phiael,
587 5145 621 5196 nt
639 5142 722 5210 apud
734 5142 895 5195 Platonem
908 5143 965 5202 est,
985 5142 1086 5208 majus
1098 5142 1151 5194 aut
1166 5141 1276 5195 melius
1290 5156 1308 5193 a
1320 5141 1379 5192 diis
1394 5140 1501 5193 datum
1514 5155 1628 5194 munus
1640 5139 1758 5194 homini
1768 5159 1793 5191 ι.

558 5228 581 5299 ⁰)
599 5233 628 5286 8.
647 5232 725 5285 AUR.
742 5233 823 5285 AUG-
841 5232 888 5283 De
910 5231 992 5284 civit.
1011 5231 1076 5294 Det,
1097 5230 1175 5294 vm,
1194 5239 1226 5281 v.
1247 5230 1283 5282 In
1303 5229 1516 5296 Oper.t.V11,
1536 5231 1593 5283 col.
1611 5228 1675 5282 229.
