4300 6117
969 952 1128 1006 LUCULA
1150 951 1290 1007 NOCTIS

839 1698 1049 1805 [CAPUT
1088 1699 1405 1805 xxxviiii

571 2035 791 2123 [E]lucidare
837 2046 951 2105 restat
998 2044 1153 2122 qualiter
1196 2061 1314 2123 pars
1349 2045 1553 2122 generis
1588 2044 1797 2106 humani

458 2168 708 2230 suprema,
744 2150 843 2213 Deo
878 2152 1104 2223 auctore,
1141 2150 1194 2212 ad
1228 2148 1499 2212 ineffabilem
1535 2152 1791 2213 felicitatem

459 2261 641 2329 creata,
678 2258 724 2318 in
756 2258 833 2319 via
868 2255 1215 2319 sufficienter
1243 2258 1526 2336 disposita,
1556 2259 1616 2319 ad
1645 2258 1795 2319 illam

456 2365 662 2426 tandem
692 2366 997 2444 pertingere
1031 2364 1207 2443 possit.

412 2559 440 2622 1.
568 2558 644 2621 Hec
678 2560 823 2621 videtur
857 2561 903 2621 ab
939 2578 1005 2621 evo
1039 2560 1248 2621 iamdudum
1283 2561 1447 2622 discussa
1482 2562 1518 2621 et
1552 2561 1618 2621 sub
1655 2561 1794 2639 optimo

456 2666 574 2728 iudice
596 2665 744 2729 Paulo
768 2668 816 2728 ad
839 2685 965 2746 pacem
987 2667 1147 2728 redacta.
1172 2702 1213 2711 —
1240 2666 1304 2728 Ad
1327 2665 1533 2729 Romanos
1558 2667 1652 2728 enIm
1674 2666 1788 2745 preci-

455 2770 554 2853 puel,
584 2776 619 2835 et
643 2774 696 2835 ad
719 2772 961 2836 Hebreos²
984 2775 1155 2844 scribens,
1181 2774 1333 2835 intendit
1357 2775 1565 2853 exprobare,
1590 2773 1689 2852 quod
1716 2792 1786 2834 non

405 2906 407 2910 ·
456 2900 498 2941 ex
520 2881 689 2960 operibus
713 2881 809 2960 legis,
835 2880 1136 2960 quemadmodum
1158 2881 1328 2943 volebant
1351 2880 1495 2951 Hebrei,
1521 2882 1586 2942 sed
1606 2880 1721 2942 solum
1744 2899 1787 2941 ex

455 2988 529 3049 fide
552 2988 741 3067 promissio
765 2988 872 3049 datur
896 2987 1137 3049 credentibus.
1161 2987 1270 3049 Plene
1293 2991 1375 3049 sunt
1398 2988 1549 3067 epistole
1583 2987 1643 3047 ille
1672 3005 1792 3049 exem·

455 3094 534 3175 plIs,
558 3095 664 3156 dictis
680 3097 716 3156 et
731 3094 864 3175 figuris,
889 3096 926 3155 in
941 3094 1007 3156 hoc
1027 3114 1136 3156 unum
1152 3114 1276 3156 verum
1293 3094 1530 3167 tendentibus,
1549 3113 1619 3173 que
1636 3081 1792 3156 obmitto

454 3202 504 3263 ibi
534 3201 723 3281 diligenter
745 3202 912 3264 videnda.
940 3200 1113 3263 Dominus
1136 3205 1256 3263 autem
1280 3201 1412 3274 Ihesus,
1436 3201 1519 3262 huic
1546 3202 1789 3280 irrefragabili

454 3310 597 3370 veritati
620 3309 688 3370 iter
711 3310 905 3389 pandebat,
943 3327 1023 3371 cum
1052 3328 1123 3370 non
1147 3310 1262 3370 solum
1296 3309 1542 3370 remissionem
1579 3306 1793 3378 facinorum,

454 3416 521 3477 sed
543 3416 740 3495 quamlibet
759 3416 963 3478 libertatem
987 3434 1008 3476 a
1038 3419 1153 3477 morte
1186 3416 1244 3477 vel
1279 3416 1413 3477 morbis
1448 3415 1535 3477 fidei
1570 3416 1786 3484 ascribebat,

454 3523 601 3585 dicens:
628 3542 643 3575 «
663 3522 770 3585 Fides
794 3527 855 3585 tua
879 3526 915 3584 te
938 3522 1077 3585 salvum
1093 3524 1178 3584 iecit
1196 3520 1244 3594 »³,
1269 3526 1332 3584 aut
1358 3520 1490 3584 «Sicut
1506 3522 1702 3593 credidisti,
1722 3523 1788 3584 fiat

454 3630 519 3691 tibi
540 3628 587 3701 »4,
612 3633 675 3691 aut
697 3630 786 3709 quid
808 3629 931 3701 simile,
948 3630 1041 3692 sicut
1055 3632 1157 3709 patet
1172 3630 1312 3709 legenti.
1332 3661 1372 3670 --
1389 3628 1482 3691 Hinc
1498 3629 1602 3690 divus
1617 3628 1683 3689 Au
1692 3641 1794 3710 gus-

455 3738 591 3809 tinus,
616 3736 678 3798 De
706 3737 860 3799 verbis
894 3736 1069 3799 Domini
1104 3738 1273 3816 scripsit:
1308 3735 1445 3798 «Nulle
1469 3737 1621 3798 maiores
1645 3736 1794 3808 diricie,

454 3844 541 3905 nulli
564 3843 731 3917 thesauri,
746 3844 833 3904 nulli
855 3843 1008 3906 bonores
1028 3836 1059 3925 Ι,
1084 3844 1181 3907 nulla
1204 3842 1308 3905 huius
1332 3843 1455 3904 mundi
1477 3843 1592 3904 maior
1616 3845 1672 3905 est
1686 3844 1788 3904 subs·

455 3952 574 4013 tancia
599 3969 706 4030 quam
730 3953 785 4012 est
807 3949 899 4012 fides
925 3951 1112 4020 catholica,
1138 3968 1208 4029 que
1241 3954 1451 4030 peccatores
1475 3950 1634 4012 homines
1659 3950 1786 4022 salvat,

455 4077 559 4120 cecos
593 4058 778 4132 illuminat,
813 4057 973 4119 infirmos
1010 4063 1122 4130 curat,
1154 4056 1428 4120 cathecumenos
1463 4058 1635 4136 baptizat,
1661 4058 1789 4119 fideles

454 4164 634 4236 iustificat,
659 4166 859 4245 penitentes
883 4169 1039 4245 reparat,
1063 4166 1177 4227 iustos
1201 4167 1414 4243 augmentat,
1432 4165 1598 4226 martires
1628 4167 1790 4235 coronat,

422 4352 427 4365 .
453 4273 607 4352 vitgines
631 4276 667 4334 et
688 4272 816 4334 viduas
840 4276 875 4333 et
899 4274 1102 4353 coniugales
1127 4274 1227 4334 casto
1250 4272 1389 4351 pudore
1412 4274 1612 4343 conservat,
1639 4272 1796 4334 clericos

454 4381 607 4452 ordInat,
632 4380 839 4442 sacerdotes
865 4382 1061 4453 consecrat,
1088 4382 1124 4441 et
1147 4380 1182 4439 in
1199 4382 1323 4440 eterna
1338 4378 1538 4440 hereditate
1560 4396 1642 4440 cum
1658 4379 1796 4441 sanctis

454 4487 588 4568 angelis
613 4488 764 4549 collocat
785 4484 834 4549 2⁵.

562 4836 581 4902 ¹)
600 4837 631 4890 S.
651 4840 750 4890 PAUL.
768 4840 811 4890 ud
827 4838 916 4894 Rom.
936 4836 987 4899 ΙΙΙ,
1007 4837 1050 4890 20.

561 4924 582 4991 ²)
600 4928 656 4991 ID,
675 4929 718 4979 ud
731 4928 823 4979 Hebr.
843 4925 877 4977 x

560 5013 581 5081 ³)
599 5017 629 5070 s.
648 5018 759 5080 Mane..
782 5015 817 5079 Χ,
837 5017 879 5069 52.

559 5104 581 5170 ⁴)
599 5106 628 5159 S.
647 5106 779 5168 MATTH,
798 5106 876 5167 VIII,
896 5106 938 5159 13.

559 5192 580 5260 ⁵)
599 5195 629 5248 S.
646 5196 725 5249 AUG.
745 5195 852 5249 Sermo
871 5194 1102 5259 CCCLXXXIV,
1120 5198 1158 5249 de
1182 5194 1335 5258 Ilfnttate,
1347 5211 1412 5264 cap.
1425 5204 1466 5247 Ν.
1486 5195 1521 5248 In
1539 5193 1797 5263 oper.vb,169⁰.
