4300 6117
779 982 792 1005 ·
849 1029 1038 1083 IOHANNIS
1059 1029 1240 1083 DOMINICI
1638 1020 1706 1084 403

366 1254 450 1332 quis
474 1253 511 1312 in
532 1252 777 1332 voluptatibus
805 1251 1058 1331 inquinacior?
1092 1252 1172 1332 quis
1196 1252 1234 1313 in
1255 1252 1440 1314 laboribus
1474 1253 1706 1332 paciencior?

369 1360 450 1438 quis
484 1359 522 1420 in
553 1360 756 1439 rapacitate
791 1359 967 1422 avarior?
1004 1360 1084 1438 quis
1116 1360 1151 1420 in
1186 1359 1378 1440 largicione
1401 1358 1577 1423 effusior?
1614 1359 1708 1421 Illud

365 1483 515 1546 quoque
537 1467 575 1527 in
601 1485 643 1528 eo
669 1469 747 1528 erat
771 1467 935 1528 mirabile
957 1469 1124 1528 naturam
1147 1485 1249 1528 suam
1271 1484 1419 1529 versare
1454 1470 1489 1529 et
1512 1479 1636 1548 regere
1659 1467 1708 1529 ad

367 1576 521 1653 tempus,
548 1576 658 1652 atque
680 1573 749 1636 huc
774 1575 811 1635 et
845 1574 930 1635 illuc
963 1576 1134 1652 torquere
1166 1576 1202 1635 et
1239 1571 1407 1635 flectere:
1433 1593 1513 1636 cum
1544 1575 1724 1637 tristibus

369 1699 506 1752 severe,
532 1699 613 1742 cum
636 1681 796 1743 remissis
821 1681 984 1753 iocunde,
1009 1700 1090 1743 cum
1127 1682 1272 1743 senibus
1304 1681 1471 1761 graviter,
1497 1700 1576 1743 cum
1611 1682 1707 1743 iuve-

371 1788 475 1849 nibus
512 1788 670 1860 comiter,
708 1806 789 1849 cum
823 1786 1034 1851 facinorosis
1067 1789 1251 1862 audacter,
1277 1807 1357 1850 cum
1388 1788 1577 1850 luxuriosis
1607 1788 1706 1850 luxu·

371 1894 467 1957 riose
491 1885 505 1978 ΙΙ
531 1895 655 1957 vivere
674 1893 722 1956 2¹.
1783 1891 1923 1956 L116ro

479 2000 527 2063 Ut
556 2002 642 2063 mihi
679 2003 832 2077 videtur,
857 2003 915 2065 hic
953 2005 1031 2064 erat
1070 2003 1226 2081 quedam
1258 2003 1383 2082 poesia
1419 2004 1544 2065 vivens
1582 2003 1705 2064 similis
1720 1999 1750 2064 7.

366 2109 515 2188 scripte,
540 2110 655 2171 alcior
670 2112 789 2189 poetis
805 2113 890 2172 actu
906 2111 1121 2191 fingentibus
1138 2111 1175 2171 in
1191 2109 1331 2172 theatro
1348 2128 1571 2189 quecumque
1583 2128 1706 2172 eorum

368 2215 489 2277 littere
512 2219 671 2278 narrant.
704 2215 809 2280 Unde
832 2218 1005 2279 interesse
1027 2217 1094 2279 hoc
1118 2217 1255 2296 opinor,
1279 2218 1376 2296 quod
1400 2215 1549 2279 infeccio
1574 2217 1620 2278 ab
1643 2217 1705 2279 illo

370 2340 394 2383 a
416 2323 581 2384 sensibus
605 2325 790 2402 corporeis
813 2327 931 2387 ortum
955 2325 1128 2396 sumebat,
1152 2323 1216 2386 sed
1238 2326 1362 2403 poesie
1385 2325 1518 2404 scripte
1540 2325 1705 2404 primitus

369 2428 600 2502 intellectum,
627 2431 770 2492 demum
794 2449 969 2510 corporea
990 2431 1121 2510 pulsat.
1156 2429 1238 2503 Sed,
1264 2431 1361 2510 quod
1384 2431 1421 2492 in
1444 2431 1512 2493 hac
1544 2449 1583 2492 re
1607 2431 1704 2492 dete·

371 2536 444 2597 rius
470 2539 533 2607 est,
552 2537 598 2598 de
611 2537 673 2600 illo
688 2538 979 2617 obloquebantur
994 2539 1095 2600 multi
1110 2540 1161 2599 et⁸
1176 2538 1452 2600 retrahebantur
1467 2537 1705 2617 persuasioni·

369 2643 448 2712 bus,
474 2644 535 2722 qui
561 2645 755 2723 cupiebant
778 2646 853 2707 eius
877 2645 957 2706 fieri
980 2644 1134 2706 sodales.
1157 2645 1230 2706 Ista
1254 2648 1373 2707 autem
1398 2645 1668 2707 commendatur
1683 2663 1705 2705 a

365 2751 518 2822 eunctis,
545 2752 738 2814 extimatur
761 2753 912 2814 emenda
935 2753 1068 2831 precio,
1092 2753 1304 2814 verberibus
1325 2753 1428 2832 pueri
1444 2753 1706 2831 compelluntur

376 2856 425 2917 ad
445 2857 571 2936 ipsam,
604 2861 641 2920 et
664 2860 749 2921 dnm
771 2859 957 2921 laureatur
979 2861 1019 2920 ut
1041 2861 1160 2921 nutrix
1184 2861 1375 2938 custosque
1398 2860 1472 2921 vite
1493 2857 1616 2940 felicis,
1653 2859 1704 2920 sic

365 2963 526 3025 trahitur
550 2966 598 3026 ad
622 2966 881 3029 intellectuales
905 2967 1223 3046 amplexusquod
1246 2967 1344 3028 nulla
1374 2966 1495 3028 divina
1519 2964 1705 3045 Scriptura

369 3073 427 3131 est
464 3073 644 3134 tantorum
688 3074 938 3135 commendata
980 3074 1160 3136 memoriis
1206 3076 1242 3135 et
1286 3074 1417 3136 notulis
1456 3074 1703 3145 commentata,

371 3180 527 3255 quatuor
549 3180 708 3242 virorum
730 3180 797 3242 hec
810 3183 865 3242 est
877 3181 1142 3260 exposicionum
1166 3181 1277 3243 radiis
1302 3179 1608 3265 illustrata.‘Quid
1622 3191 1704 3259 ergo

370 3284 543 3347 miramur
566 3287 642 3348 fere
665 3306 788 3349 omnes
812 3291 953 3350 nostros
991 3289 1150 3350 moribus
1184 3288 1307 3367 pravis
1344 3289 1503 3350 occisos:
1527 3286 1705 3367 prodicio-

369 3409 465 3464 num,
502 3395 691 3466 sectarum,
727 3395 976 3467 ambicionum,
1013 3395 1179 3466 rixarum,
1214 3395 1386 3466 odiorum,
1423 3395 1532 3465 cedis,
1568 3394 1705 3478 rapine,

365 3499 538 3570 avaricie,
563 3519 765 3574 usurarum,
789 3499 995 3574 falsitatum,
1021 3502 1286 3581 decepcionum,
1320 3502 1476 3580 crapule,
1509 3503 1704 3574 ebrietatis,

370 3605 520 3679 luxurie,
545 3607 712 3680 incestus,
740 3609 926 3689 sacrilegii,
951 3608 1129 3681 adulterii,
1154 3609 1313 3671 sodomie
1330 3608 1463 3687 ubique
1475 3610 1704 3689 regnantibus

369 3713 484 3785 malis,
508 3714 538 3775 si
562 3733 634 3776 non
656 3734 748 3777 unus
770 3716 807 3777 in
830 3716 985 3788 civitate,
1010 3715 1075 3777 sed
1109 3716 1146 3777 in
1179 3715 1325 3796 singulis
1349 3717 1514 3778 domibus
1548 3716 1705 3778 intellec·

371 3820 479 3883 tualis
503 3819 690 3883 Cathelina
712 3826 888 3895 versatur,
913 3823 1087 3885 indivisus
1112 3840 1230 3885 comes
1255 3841 1386 3895 eorum,
1411 3823 1473 3901 qni
1507 3823 1584 3885 sine
1617 3841 1704 3884 vero

373 3926 557 3990 intellectu
579 3929 667 3990 talia
691 3930 862 3991 student?
874 3962 917 3971 —
929 3929 1233 4011 Expergiscimini,
1250 3932 1382 4010 patres,
1400 3931 1431 3991 si
1445 3933 1585 3992 vestros
1600 3932 1704 3992 natos

365 4035 510 4106 amatis,
545 4038 581 4097 et
605 4037 694 4097 dum
717 4036 835 4098 adhuc
858 4037 982 4099 molles
1006 4037 1091 4097 anni
1114 4037 1229 4098 fluunt
1261 4039 1339 4099 etas
1367 4039 1491 4098 tenera
1514 4038 1631 4107 durat,
1655 4037 1705 4098 ad

367 4160 513 4203 omnem
536 4143 802 4222 suscipiendam
825 4141 977 4205 formam
1002 4147 1055 4205 est
1080 4162 1164 4205 cera
1187 4144 1303 4206 mollis
1326 4146 1464 4223 parata.
1499 4143 1579 4205 Non
1615 4143 1704 4205 Nar·

370 4247 465 4321 cissi,
489 4267 560 4310 non
584 4243 745 4323 (libelis,b
772 4268 844 4311 non
865 4249 989 4322 Mirre,
1018 4269 1090 4313 non
1113 4249 1262 4323 Phedre,
1292 4269 1364 4312 non
1386 4247 1603 4324 Ganimedis,
1633 4270 1705 4313 non

369 4353 481 4426 Alexi,
507 4357 572 4417 sed
594 4355 763 4419 crucifixi
788 4359 824 4418 et
845 4376 1012 4419 verorum
1036 4359 1242 4419 sanctorum
1257 4357 1449 4437 imprimite
1471 4375 1642 4419 normam.
1660 4390 1703 4400 -

368 4459 462 4522 Nam
485 4445 584 4542 apud
608 4459 840 4535 Oracium,
866 4465 903 4524 in
925 4462 1205 4543 Epistolis:

586 4619 598 4643 ‹
620 4600 687 4673 Quo
706 4601 804 4654 semel
822 4604 871 4655 est
888 4601 1005 4654 imbuta
1024 4616 1142 4666 recens,
1162 4603 1301 4656 servabit
1318 4603 1446 4656 odorem

583 4687 676 4743 Testa
695 4691 748 4744 din
769 4687 805 4742 »ἦ

364 4844 583 4854 ——-—-

475 5022 507 5082 a)
527 5034 562 5064 =
576 5020 615 5071 et
654 5021 686 5083 b)
707 5019 843 5073 Cibelis?

476 5193 500 5260 ¹)
517 5196 560 5248 Μ.
579 5193 613 5248 Τ.
633 5196 696 5250 Cle.
724 5198 789 5250 Pro
806 5199 851 5249 M.
875 5197 984 5250 Caelio.
1004 5194 1022 5265 ᾖ
1040 5197 1130 5251 v-Vl.
1167 5198 1214 5252 De
1232 5199 1296 5252 tres
1315 5201 1518 5254 nombreuses
1536 5200 1701 5254 variantes.

477 5281 499 5351 r)
517 5285 639 5338 Hom.
658 5288 757 5352 Epist.
777 5287 799 5350 1,
818 5297 848 5349 11,
867 5288 920 5340 Ad
936 5287 1075 5350 Lollium,
1093 5287 1185 5341 69-70.
