4300 6117
870 951 1057 1004 IOHANNIS
1079 952 1260 1006 DOMINICI
1684 944 1728 1008 89

390 1173 501 1234 endos
524 1173 562 1234 in
586 1173 720 1234 cultum
743 1174 887 1246 dictum,
925 1193 996 1237 non
1020 1176 1127 1236 modo
1152 1180 1364 1238 concentum
1397 1175 1579 1238 hominum
1602 1179 1668 1239 sed
1691 1180 1728 1240 et

388 1280 705 1342 instrumentorum
729 1281 855 1342 modos
880 1286 1096 1343 censuerunt
1131 1284 1247 1344 sancti
1270 1281 1396 1344 Patres
1419 1281 1572 1345 Domino
1605 1303 1726 1346 conse·

389 1387 554 1459 crandos,
590 1406 672 1448 cum
703 1388 827 1467 templi
862 1389 1110 1450 reverenciam
1148 1389 1352 1451 dilatarent.
1398 1387 1446 1451 Et
1474 1391 1505 1451 si
1541 1390 1726 1453 militantis

387 1492 550 1556 Ecclesie
585 1495 652 1555 tibi
687 1513 801 1573 parva
835 1495 1017 1556 videatur⁴
1040 1497 1237 1558 auctoritas
1271 1497 1329 1558 vel
1363 1497 1622 1576 triumphatrix,
1663 1498 1725 1559 illa

386 1601 557 1680 preconia
580 1602 715 1662 musice
730 1620 801 1663 non
818 1602 961 1672 tacebit,
989 1602 1089 1664 cuius
1107 1604 1265 1665 seniores
1282 1604 1373 1666 vidit
1396 1607 1432 1674 et
1448 1604 1551 1666 nobis
1568 1605 1726 1666 ostendit

387 1707 542 1770 Zebedei
554 1709 658 1781 iilius,
670 1709 811 1770 dicens:
839 1706 907 1770 «Et
918 1727 1025 1771 voces
1044 1729 1177 1782 eorum,
1193 1711 1284 1772 sicut
1301 1710 1567 1772 citharedorum
1582 1711 1724 1772 cithari·

386 1815 543 1876 zantium
577 1815 615 1875 in
651 1815 797 1877 citharis
821 1816 914 1877 suis»
930 1813 950 1878 ¹.
994 1813 1100 1902 Quod
1124 1818 1154 1878 si
1190 1817 1353 1879 fortassis
1388 1818 1504 1878 minus
1530 1837 1725 1898 parumper

386 1940 581 2001 suspensus
605 1924 728 1984 noster
751 1922 896 1984 auditus
919 1923 1034 1985 melos
1058 1924 1131 1985 tale
1154 1943 1225 1986 non
1248 1925 1369 1997 sensit,
1396 1923 1528 2004 Regem
1551 1925 1722 1987 adeamus

387 2029 613 2102 exultantem,
654 2030 715 2108 qui
738 2048 803 2091 nos
837 2031 935 2110 regni
971 2033 1007 2092 et
1043 2031 1275 2093 exultacionis
1299 2032 1376 2093 vult
1413 2049 1492 2096 esse
1515 2032 1721 2112 participes.

385 2134 448 2198 Ait
464 2137 575 2197 enim:
596 2133 956 2215 «Sumitepsalmumb
972 2140 1008 2199 et
1022 2138 1107 2199 date
1120 2141 1341 2219 tympanum‘
1356 2158 1363 2200 :
1380 2138 1591 2217 psalterium
1602 2139 1722 2200 iocun-

386 2243 473 2304 dum
497 2261 578 2304 cum
602 2243 770 2324 cythara»
786 2243 806 2304 ².
841 2279 882 2286 —
915 2243 974 2304 Ad
999 2245 1097 2323 quid,
1122 2245 1258 2324 psaltes
1280 2245 1435 2325 regalis?
1471 2243 1545 2306 ‹Ut
1567 2245 1722 2308 laudetis

384 2349 576 2410 Dominum
598 2349 636 2410 in
659 2353 839 2431 tympano,
864 2351 902 2412 in
918 2350 1037 2425 choro,
1061 2352 1099 2413 in
1116 2352 1237 2414 cordis
1258 2354 1295 2414 et
1310 2364 1452 2432 organo,
1479 2352 1722 2434 cymbalisque

385 2456 595 2518 sonantibus
618 2458 710 2519 bene
724 2479 738 2512 »
754 2455 776 2519 ³.

492 2562 562 2648 Qui
577 2582 664 2626 vero
681 2565 717 2625 in
733 2564 800 2626 hac
822 2565 991 2645 religione
1008 2564 1208 2644 Xpistiana,
1233 2585 1360 2627 munus
1380 2566 1619 2646 gratissimum
1633 2565 1720 2639 Deo,
1738 2561 1789 2622 14.

385 2671 497 2732 vitam
532 2671 691 2743 celibem,
732 2672 864 2734 ducere
899 2674 1032 2744 volunt,
1073 2674 1199 2752 preter
1233 2673 1425 2735 scienciam
1455 2671 1722 2752 Scripturarum

385 2781 599 2851 sanctarum,
626 2796 716 2857 quas
733 2798 915 2859 nunquam
930 2781 1075 2859 oportet
1091 2780 1290 2852 obmittere,
1308 2799 1353 2842 ne
1372 2780 1549 2862 dyabolus
1564 2782 1723 2859 reperiat

386 2885 455 2946 ocii
479 2888 601 2964 postes
624 2887 780 2964 apertos,
806 2887 917 2948 multa
942 2888 1122 2949 naturalia
1147 2905 1252 2948 nosse
1274 2888 1425 2949 laboret.
1449 2886 1550 2949 Alias
1567 2906 1723 2966 namque

386 2992 511 3054 calidis
544 2996 656 3064 utens,
693 2993 874 3073 languenti
911 2997 974 3056 aut
1010 2996 1185 3073 temptato
1220 2993 1404 3056 stomacho
1439 2995 1723 3056 subveniendum

385 3102 526 3178 putans,
550 3118 622 3160 una
645 3100 734 3162 hora
758 3101 898 3162 amittet
922 3102 968 3163 de
992 3102 1091 3164 iacili
1116 3102 1214 3181 quod
1233 3102 1333 3180 prius
1349 3102 1481 3180 ingenti
1496 3102 1621 3162 labore
1637 3120 1722 3181 que·

385 3206 468 3266 sivit
484 3209 528 3279 et,
553 3207 648 3268 duce
662 3206 749 3281 Deo,
768 3209 993 3287 preservavit
1016 3209 1166 3287 quesita.
1198 3208 1348 3289 Fragilis
1372 3226 1430 3270 res
1454 3208 1632 3288 pudicicia
1657 3212 1721 3280 est,

385 3313 544 3392 undique
568 3314 720 3376 inimicis
743 3313 868 3376 taliata
879 3313 900 3386 ⁴,
941 3317 1095 3394 plurima
1119 3319 1202 3377 sunt
1236 3315 1318 3377 huic
1341 3316 1514 3376 virtutum
1537 3316 1722 3394 specimini

384 3421 587 3499 perniciora
622 3422 716 3493 vino,
757 3423 857 3484 cuius
893 3423 1002 3485 solius
1038 3423 1209 3485 noticiam
1242 3424 1280 3483 in
1302 3418 1533 3484 Testamento
1569 3425 1722 3501 utroque

382 3527 505 3589 divine
528 3525 664 3590 Littere
688 3529 845 3590 tradunt.
885 3529 944 3591 Ad
967 3529 1071 3591 huius
1107 3530 1260 3591 tutelam
1283 3532 1423 3591 veteres
1459 3529 1558 3590 docti
1581 3529 1721 3590 laminis

384 3634 560 3712 plumbeis
584 3635 778 3696 utebantur
793 3636 843 3697 ad
858 3637 997 3698 lumbos
1022 3638 1058 3698 et
1074 3637 1282 3698 stramentis
1300 3636 1454 3697 extensis
1470 3637 1611 3698 arboris
1626 3638 1719 3707 note,

283 3821 290 3838 '
383 3758 491 3820 quam
506 3742 592 3803 inde
607 3742 789 3824 ydiomate
805 3746 929 3805 nostro
954 3756 1113 3823 «agnum
1130 3745 1268 3805 castum
1280 3763 1296 3796 ›
1314 3761 1483 3804 vocamus
1493 3740 1514 3804 ⁵.
1538 3742 1719 3816 Preterea,

488 4063 520 4130 a)
544 4079 578 4110 ε·-
596 4064 731 4117 videtur.
770 4066 801 4128 b)
821 4081 854 4112 =
872 4065 1070 4132 psalterium.
1119 4069 1149 4130 c)
1172 4093 1198 4101 -
1220 4067 1373 4133 psalmum
1392 4068 1423 4118 et
1441 4064 1514 4118 date
1531 4067 1720 4134 tympanum

411 4243 417 4256 ¹
490 4185 760 4254 ¹)Apoc.,x1v,2.

490 4273 510 4342 ⁷)
530 4278 652 4341 Psaim,
671 4288 766 4342 nxxx,
785 4278 811 4331 3.

490 4363 510 4432 ³)
530 4367 654 4429 Psatm„
673 4375 720 4430 CL,
739 4368 795 4420 4-5.

488 4453 509 4522 ⁴)
529 4458 611 4509 Pour
633 4458 756 4508 vallata.

487 4541 507 4610 Β)
526 4545 607 4598 inan
627 4545 729 4598 Gonni
748 4555 791 4596 nn
810 4544 1082 4598 sau-Gmouluo
1117 4544 1302 4610 (..—132³)
1330 4546 1364 4599 0.
1383 4547 1427 4607 1³,
1446 4545 1524 4597 dans
1543 4559 1577 4596 sa
1596 4543 1721 4598 Summa

381 4635 418 4686 de
436 4634 595 4700 Exemplis
619 4637 649 4687 ei
673 4650 777 4686 rerum
802 4635 1056 4699 similitudinibus,
1081 4635 1371 4698 Ed.Venise1584,
1396 4633 1551 4697 81c01.4,
1577 4633 1719 4686 ecrivait:

384 4719 602 4772 ‹Abstinentia
628 4719 818 4772 assimilatur
842 4720 955 4781 arbori,
975 4734 1055 4786 quae
1081 4720 1192 4772 dicitnr
1218 4730 1317 4788 agnus
1341 4723 1455 4772 castus.
1491 4718 1577 4791 Quae
1602 4722 1720 4774 scilicet

381 4809 429 4860 est
448 4810 541 4860 arbor
560 4807 660 4861 calida
679 4809 710 4860 et
729 4809 819 4871 sicca,
846 4809 928 4860 unde
951 4808 1011 4860 ilos
1038 4810 1114 4875 ejus,
1139 4808 1205 4860 sive
1231 4823 1339 4862 semen
1364 4823 1457 4875 poros
1483 4810 1621 4876 corporis
1647 4825 1719 4878 ape·

381 4896 499 4954 riendo,
518 4897 643 4963 spiritns
663 4897 865 4964 evaporando
883 4897 1096 4951 humiditatem
1116 4899 1290 4950 naturalem
1309 4897 1528 4959 consumendo,
1547 4899 1719 4953 castitatem

381 4985 507 5038 inducit.
535 4986 577 5037 Et
608 4986 678 5039 ideo
712 4986 772 5039 ilos
798 4987 865 5053 ejus
894 4987 1026 5039 maxime
1052 4996 1150 5054 agnus
1173 4991 1279 5039 castus
1295 4987 1416 5048 dicitnr,
1444 4987 1516 5053 quia
1540 5001 1596 5039 sno
1621 4988 1718 5042 odore

381 5076 413 5127 et
430 5089 489 5128 usn
508 5071 552 5137 (nt
572 5075 645 5128 dicit
662 5075 842 5140 Dioscorus)
860 5074 1000 5128 homines
1021 5077 1123 5128 castos
1142 5076 1278 5129 reddit».
1302 5075 1361 5128 Sur
1379 5076 1519 5137 l’auteur,
1537 5075 1574 5128 ct.
1591 5074 1718 5142 QUETIF·

380 5163 522 5226 Ecum,
549 5163 723 5231 Scriptores
744 5163 868 5218 Ordinis
895 5165 1015 5228 Praeti,
1034 5165 1053 5228 l,
1073 5164 1170 5227 528·9;
1196 5165 1232 5229 11,
1251 5164 1319 5227 819;
1346 5165 1524 5228 FABRICIUS,
1541 5166 1578 5216 Β.
1596 5181 1635 5218 m.
1653 5183 1718 5220 nee.

381 5251 431 5317 ΠΙ,
449 5253 543 5306 365-6.
