4300 6117
449 863 517 926 400
955 873 1114 928 LUCULA
1137 871 1276 927 NOCTIS

450 1114 521 1157 non
544 1097 682 1174 cepisse
706 1114 729 1157 a
751 1095 897 1158 Litteris
930 1098 1043 1159 sacris
1058 1100 1073 1130 ²
1095 1098 1153 1159 vel
1185 1097 1271 1169 Deo,
1309 1097 1378 1159 nisi
1409 1098 1446 1179 ly
1483 1099 1688 1179 «cepisse»
1726 1101 1789 1160 aut

450 1206 644 1265 concernat
668 1203 837 1281 temporis
862 1204 1034 1276 ordinem,
1059 1208 1123 1267 aut
1145 1205 1417 1285 permissionem
1442 1204 1600 1268 divinam
1615 1206 1674 1267 vel
1687 1206 1790 1285 prio·

450 1310 594 1371 ritatem
618 1327 735 1383 cause,
760 1311 837 1372 sine
861 1312 959 1373 cuius
984 1313 1178 1374 influencia
1201 1312 1297 1374 nulle
1319 1313 1477 1373 secunde
1500 1325 1607 1392 agere
1626 1292 1787 1393 possunt.

449 1416 573 1495 Neque
607 1418 700 1479 enim
724 1436 810 1479 sane
844 1418 976 1481 dicitur
1008 1437 1114 1481 sacra
1147 1416 1335 1498 Scriptura
1366 1421 1501 1499 poesia,
1538 1420 1623 1481 licet
1653 1419 1788 1481 alicubi

232 1520 372 1583 L115ro
449 1522 562 1605 fingat
595 1525 689 1586 sicut
711 1514 726 1606 Η
760 1527 875 1605 poete.
933 1525 1065 1605 Aliqua
1096 1527 1189 1588 enim
1223 1524 1327 1606 fingit
1361 1524 1583 1598 Lucanus,
1624 1527 1787 1607 exempla

450 1632 552 1711 ponit
574 1630 891 1711 Philosophus,
927 1651 999 1694 non
1022 1636 1062 1695 ut
1085 1634 1136 1695 ita
1159 1633 1240 1705 sint,
1265 1634 1331 1694 sed
1366 1635 1405 1694 ut
1443 1633 1631 1695 audientes
1665 1633 1786 1695 addis·

451 1740 550 1812 cant;
585 1741 621 1800 et
653 1742 774 1800 tamen
807 1739 924 1802 nullus
956 1739 1107 1802 istorum
1140 1739 1360 1802 adscribitur
1393 1741 1487 1801 inter
1524 1744 1662 1820 poetas.
1708 1738 1788 1802 Non

451 1846 545 1908 enim
567 1865 590 1907 a
613 1846 768 1921 minima,
793 1847 858 1908 sed
882 1865 904 1907 a
926 1847 1053 1908 maiori
1077 1847 1135 1908 vel
1159 1865 1181 1908 a
1204 1847 1358 1908 maxima
1386 1849 1501 1925 parte,
1526 1839 1618 1909 sedb
1643 1850 1740 1909 certe
1764 1866 1787 1909 a

452 1953 618 2026 nobiliori
634 1953 966 2015 denomiuacionem
981 1952 1062 2015 fieri
1079 1952 1381 2033 Philosophus
1394 1955 1539 2034 scripsit
1550 1953 1590 2017 ⁶¹.
1603 1991 1643 1998 -
1655 1953 1790 2016 Fateor

451 2063 574 2140 utique
596 2059 721 2122 fictum
745 2078 824 2122 esse
846 2061 882 2121 in
905 2059 1051 2122 Litteris
1066 2061 1200 2122 sanctis
1217 2061 1264 2123 de
1280 2061 1376 2122 ranis
1394 2064 1430 2122 et
1444 2079 1567 2131 ranno,
1585 2062 1632 2123 de
1647 2061 1787 2140 nupciis

451 2171 487 2231 et
511 2186 582 2229 non
604 2167 734 2228 vestito
757 2170 858 2229 veste
882 2167 1039 2246 nupciali
1050 2169 1212 2247 proiecto
1224 2167 1244 2240 ²,
1262 2168 1308 2229 de
1320 2167 1485 2229 debitore
1504 2168 1629 2230 decem
1652 2169 1789 2229 milium

450 2273 689 2338 talentorum³
712 2276 749 2335 et
770 2275 896 2353 paucis
919 2255 1132 2337 huiusmodi.
1158 2273 1287 2340 Cetera
1314 2293 1401 2336 vero
1425 2275 1477 2337 sic
1510 2293 1549 2337 se
1584 2274 1788 2337 habuerunt

451 2383 488 2443 in
512 2401 591 2444 esse
613 2381 712 2452 reali,
737 2381 829 2443 sicut
851 2381 972 2443 littere
994 2383 1133 2454 sonant,
1156 2382 1192 2442 in
1216 2400 1287 2460 quo
1310 2381 1457 2460 quidem
1492 2383 1582 2443 mira
1605 2383 1790 2461 sapiencia

451 2489 609 2552 auctoris
644 2488 776 2569 Pagina
805 2506 908 2550 sacre
939 2492 1168 2559 monstratur,
1194 2492 1233 2551 ut
1266 2492 1302 2550 et
1331 2490 1466 2551 veritas
1490 2490 1556 2550 sub
1581 2490 1715 2550 cortice
1740 2491 1789 2551 sit

452 2598 489 2658 et
510 2597 586 2658 sine
610 2595 841 2657 simulacione
864 2596 911 2656 sit
934 2598 1065 2657 cortex.
1103 2594 1172 2681 Qui
1196 2596 1289 2657 enim
1312 2596 1526 2657 mirabiliter
1547 2594 1685 2658 fructus
1710 2614 1785 2658 cre·

452 2703 526 2765 avit
547 2704 699 2764 latentes
723 2705 759 2764 et
780 2702 944 2763 salubres
967 2702 1077 2767 cibos.
1102 2703 1169 2764 sub
1193 2703 1288 2764 veris
1312 2703 1606 2782 preservantibus
1636 2703 1782 2773 nucleis,

453 2827 543 2890 quos
578 2829 649 2870 non
680 2827 803 2870 omnes
840 2809 1028 2870 enucleare
1063 2810 1194 2880 valent,
1220 2810 1280 2871 ille
1315 2809 1457 2888 eloquia
1488 2811 1554 2871 sub
1588 2809 1786 2872 verissimis

454 2917 663 2997 tegumentis
687 2916 830 2988 velavit,
856 2932 924 2994 que
948 2916 1065 2978 nullus
1090 2935 1160 2978 non
1184 2917 1312 2978 doctus
1347 2935 1368 2976 a
1398 2915 1475 2978 Deo
1505 2916 1693 2978 extrahere
1725 2935 1788 2996 po·

453 3026 533 3086 test.
565 3021 665 3084 Licet
690 3023 782 3083 enim
813 3025 934 3084 cortex
964 3023 1051 3083 mali
1085 3023 1205 3101 punici
1236 3042 1306 3085 non
1336 3023 1383 3086 sit
1413 3035 1523 3102 grana
1560 3041 1630 3101 qua
1662 3024 1787 3094 vescit,

453 3132 492 3193 id
520 3133 640 3191 tamen
667 3132 722 3191 est
749 3130 846 3208 quod
875 3130 1021 3191 realiter
1047 3130 1095 3191 ab
1124 3133 1225 3191 extra
1253 3130 1444 3209 pretendit.
1476 3129 1604 3191 Poesia
1634 3148 1721 3192 vero
1751 3131 1789 3191 in

453 3238 616 3316 pluribus
639 3236 803 3316 partibus
828 3236 904 3298 eius
935 3239 990 3298 est
1028 3235 1136 3298 nichil
1174 3238 1339 3307 exterius,
1363 3237 1431 3298 nisi
1470 3239 1597 3298 ventus
1639 3239 1684 3299 ab
1725 3255 1788 3299 ore

245 3350 362 3412 Β99το
453 3343 617 3405 animalis
640 3334 654 3425 Η
680 3343 858 3423 picturate
880 3361 1072 3421 percussus
1097 3346 1142 3415 et,
1167 3343 1262 3405 intus
1284 3346 1420 3422 aperta,
1457 3344 1589 3406 desinit
1611 3345 1648 3405 in
1671 3345 1788 3405 vanis·

454 3453 581 3513 simum
606 3454 641 3512 et
664 3451 784 3530 sepius
816 3450 1001 3530 putridum
1029 3449 1166 3512 flatum.
1201 3481 1243 3492 —
1275 3447 1382 3512 Tales
1417 3453 1509 3522 sunt,
1539 3448 1661 3511 XXI⁰
1696 3451 1789 3514 lib⁰

455 3557 515 3620 De
549 3557 751 3620 Civitate
784 3555 865 3619 Dei
898 3555 1097 3637 Augustino
1120 3558 1314 3620 attestante
1325 3555 1345 3631 ⁴,
1371 3555 1535 3620 Sodomis
1559 3562 1641 3636 post
1671 3558 1788 3620 iustis·

455 3666 582 3727 simam
623 3665 762 3726 cladem
789 3664 827 3725 in
862 3664 999 3744 signum
1028 3663 1211 3742 nephandi
1241 3664 1387 3726 sceleris
1418 3664 1559 3725 innibic
1588 3665 1788 3744 perpetrati

455 3879 669 3888 -ι

561 4065 594 4126 α)
618 4062 668 4114 En
684 4070 805 4130 margo:
830 4061 941 4115 Poesia
960 4075 1022 4113 non
1040 4060 1156 4128 incepit
1174 4074 1193 4113 a
1211 4060 1324 4114 litteris
1343 4061 1448 4113 sacris.
1485 4062 1517 4124 b)
1536 4083 1575 4106 =
1593 4062 1655 4113 aut.
1692 4064 1721 4124 c)
1740 4061 1788 4112 En

454 4159 574 4221 margo:
592 4166 654 4218 que
672 4150 827 4220 tingunter
846 4151 879 4203 in
898 4150 1052 4217 scriptura
1070 4165 1169 4203 sacra.
1201 4152 1235 4214 d)
1254 4167 1288 4196 =
1307 4150 1392 4202 inibi.

562 4326 584 4394 ¹)
602 4329 854 4390 Pertinet-mantas,
873 4327 987 4382 comm.
1005 4328 1075 4380 lect.
1095 4328 1131 4379 V.
1158 4325 1355 4380 Uest-&dire
1380 4326 1472 4394 qu¹un
1500 4327 1567 4379 etre
1592 4343 1632 4380 ne
1651 4326 1711 4378 tire
1729 4341 1785 4393 pas

454 4433 511 4474 son
535 4432 610 4471 nom
632 4418 673 4470 de
692 4431 728 4470 ce
754 4418 828 4484 qu'il
852 4417 986 4484 possode
1014 4417 1055 4470 de
1080 4431 1224 4470 commun
1242 4431 1319 4470 arec
1337 4415 1471 4469 d'autres
1502 4417 1595 4479 eires,
1624 4418 1665 4468 du
1687 4425 1788 4484 genre,

454 4522 573 4561 comme
591 4521 633 4560 on
659 4507 752 4560 disait
775 4508 854 4560 dans
873 4507 988 4560 l'Ecole
1013 4507 1092 4559 mais
1118 4506 1211 4559 dece
1230 4505 1304 4572 qu¹il
1327 4505 1460 4573 possode
1478 4520 1518 4559 en
1536 4519 1661 4573 propre,
1687 4507 1724 4557 de
1752 4520 1788 4558 sa

449 4594 561 4662 forme,
580 4597 708 4664 repntee
726 4596 797 4664 plus
815 4597 919 4649 noble.

563 4683 584 4749 ²)
603 4686 632 4739 S.
650 4686 775 4738 ΜΑΤΤΗ.
793 4685 886 4748 xxn,
905 4687 938 4738 11
958 4701 1005 4753 sq.

563 4773 584 4841 ⁸)
602 4776 647 4827 In.
665 4775 771 4839 xvm,
789 4775 825 4828 24
843 4791 888 4843 sq.

562 4863 584 4931 ⁴)
602 4865 631 4918 S.
649 4865 728 4919 AUR.
747 4864 829 4918 Auo.
848 4866 896 4917 De
917 4864 1001 4918 civo.
1020 4867 1086 4930 Del,
1104 4865 1184 4929 xx1,
1200 4875 1232 4917 v.
1251 4866 1286 4918 In
1306 4862 1593 4932 Oper.t.V11,col.
1613 4862 1675 4915 715.
1702 4861 1790 4915 Cotto

455 4955 647 5022 description
670 4954 712 5006 du
736 4953 860 5007 iameux
884 4954 959 5007 fruit
983 4955 1023 5008 de
1041 4954 1176 5008 Sodoma
1201 4955 1277 5008 etait
1301 4953 1424 5007 iouruie
1449 4951 1515 5005 aS.
1534 4949 1610 5019 Aug.
1640 4965 1699 5019 par
1723 4952 1789 5018 plu·

455 5045 557 5098 sieurs
583 5046 687 5098 autres
703 5043 869 5097 historiens
894 5045 954 5097 tels
979 5058 1040 5111 que
1065 5044 1208 5111 Josephe,
1234 5045 1280 5096 De
1305 5042 1384 5096 bello
1408 5043 1541 5104 Iudaico,
1566 5041 1620 5093 lib.
1641 5041 1691 5104 IV,
1709 5056 1735 5094 c.
1756 5040 1788 5104 ὃς

456 5134 561 5198 Solim,
579 5149 605 5187 c.
622 5143 758 5196 mm,
782 5131 898 5196 Tacite,
915 5133 995 5185 Hist.
1014 5134 1067 5185 lib.
1086 5134 1122 5198 V,
1140 5149 1167 5187 c.
1187 5143 1240 5185 vn.
