4300 6117
922 815 1051 878 252
1925 830 2242 883 LUCULA
2287 828 2565 883 NOCTIS

923 1049 1398 1121 nominis,
1470 1054 1541 1112 et
1618 1052 1859 1130 quid
1927 1054 2070 1114 rei
2111 1050 2170 1114 ¹.
2266 1053 2422 1115 Non
2491 1056 2732 1116 autem
2801 1054 3054 1115 eodem
3123 1055 3339 1115 modo
3408 1051 3596 1114 diffi-

921 1153 1212 1217 niuntur
1252 1175 1368 1218 res
1417 1177 1461 1219 a
1508 1158 1834 1239 theologo
1880 1162 1954 1222 et
1997 1160 2444 1240 philosopho,
2496 1162 2667 1240 quia
2715 1179 2858 1222 non
2905 1161 3160 1223 eadem
3200 1161 3318 1222 via
3343 1160 3596 1222 ‘consi-

922 1259 1285 1324 derantur.
1336 1258 1541 1326 Unde
1572 1268 1860 1328 sanctus
1891 1266 2181 1338 Doctor‚
2216 1267 2402 1328 libro
2437 1254 2760 1329 secundo
2800 1266 3111 1329 Contra
3146 1266 3594 1339 Gentiles-2

922 1368 1023 1429 sic
1074 1370 1295 1432 dicit:
1351 1391 1380 1423 «
1418 1370 2092 1435 consideracionem
2141 1375 2335 1435 circa
2385 1376 2757 1436 creaturas
2804 1375 3025 1437 habet
3056 1375 3387 1436 doctrina
3417 1372 3597 1435 fidei

919 1473 1311 1554 Xpistiane,
1362 1478 1435 1539 in
1482 1482 1823 1557 quantum
1871 1480 1974 1542 eis
2021 1481 2326 1542 resultat
2374 1481 2686 1560 quedam
2731 1481 2866 1543 Dei
2896 1480 3287 1543 similitudo
3311 1471 3365 1563 ΙΙ,
3417 1483 3489 1542 et
3519 1481 3597 1541 in

921 1587 1264 1661 quantum
1311 1603 1515 1646 error
1558 1586 1632 1647 in
1678 1587 1852 1665 ipsis
1899 1587 2178 1649 inducit
2222 1588 2296 1648 in
2343 1588 2751 1649 divinorum
2786 1606 3105 1649 errorem
3140 1607 3154 1661 ;
3208 1590 3281 1648 et
3309 1588 3413 1649 sic
3445 1588 3594 1648 alia

916 1691 1205 1760 racione
1252 1692 1721 1755 subiiciuntur
1780 1695 2106 1773 predicte
2187 1695 2511 1756 doctrine
2582 1698 2654 1756 et
2708 1694 3157 1774 philosophie
3181 1684 3210 1777 ΙΙ
3261 1694 3591 1755 humane.

916 1797 1096 1859 Nam
1140 1799 1589 1878 philosophia
1636 1801 1946 1863 humana
1994 1820 2115 1863 eas
2184 1802 2614 1873 considerat,
2660 1803 3056 1864 secundum
3109 1801 3306 1881 quod
3352 1800 3596 1862 huius-

914 1905 1109 1967 modi
1174 1909 1355 1967 sunt.
1448 1905 1654 1969 Unde
1725 1911 1797 1969 et
1857 1901 2252 1969 secundnm
2312 1908 2602 1970 diversa
2670 1927 2916 1970 rerum
2978 1921 3240 1989 genera
3302 1907 3596 1969 diverse

912 2016 1157 2093 partes
1204 2012 1648 2093 philosophie
1694 2015 2172 2077 inveniuntur.
2245 2015 2460 2077 Fides
2511 2017 2754 2077 autem
2784 2014 3165 2094 Xpistiana
3207 2033 3331 2077 eas
3361 2014 3595 2076 consi·

913 2121 1122 2182 derat
1166 2139 1307 2182 non
1367 2121 1440 2181 in
1510 2125 1854 2201 quantum
1919 2122 2345 2193 huiusmodi,
2417 2126 2496 2184 ut
2566 2125 2743 2201 puta
2802 2123 3032 2202 ignem
3102 2122 3175 2182 in
3241 2123 3592 2200 quantum

912 2230 1019 2289 est
1067 2228 1263 2309 ignis,
1314 2229 1443 2290 sed
1490 2229 1562 2289 in
1609 2231 1952 2307 quantum
1997 2229 2315 2290 divinam
2362 2229 2816 2290 altitudinem
2863 2230 3332 2307 representat,
3394 2230 3466 2288 et
3514 2228 3592 2288 in

910 2335 1143 2415 ipsum
1186 2334 1415 2397 Deum
1462 2335 1968 2414 quoquomodo
2015 2337 2410 2408 ordinatur,
2468 2339 2548 2397 ut
2594 2336 2784 2397 enim
2836 2334 3349 2397 Ecclesiastico
3392 2332 3593 2394 XLII

910 2442 1219 2504 dicitur:
1276 2460 1304 2493 c
1345 2441 1592 2504 Gloria
1632 2442 1918 2504 Domini
1964 2443 2255 2522 plenum
2288 2446 2399 2505 est
2449 2461 2628 2522 opus
2677 2444 2850 2505 eius.
2944 2442 3193 2504 Nonne
3239 2441 3589 2504 Dominus

907 2547 1079 2611 fecit
1126 2567 1463 2611 enarrare
1510 2553 1798 2612 sanctos
1845 2551 2084 2612 omnia
2115 2550 2477 2612 mirabilia
2509 2551 2683 2612 sua?
2714 2548 2799 2611 »3.
2839 2583 2917 2590 -
2952 2547 3049 2610 Et
3078 2552 3246 2629 post
3274 2549 3589 2628 quedam

906 2657 1181 2728 similia,
1230 2658 1598 2736 sequitur:
1654 2676 1683 2709 a:
1724 2656 1799 2719 Si
1847 2676 1992 2737 qua
2065 2676 2239 2720 vero
2303 2658 2498 2719 circa
2568 2660 2938 2719 creaturas
3003 2655 3473 2718 communiter
3540 2673 3586 2715 a

906 2763 1330 2843 philosopho
1376 2768 1449 2826 et
1492 2765 1691 2826 fideli
1739 2765 2310 2838 considerantur,
2358 2783 2492 2843 per
2537 2764 2682 2826 alia
2731 2766 2803 2826 et
2847 2765 2991 2826 alia
3036 2763 3391 2843 principia
3439 2765 3586 2823 tra-

907 2872 1192 2933 duntur.
1241 2870 1422 2932 Nam
1464 2872 1927 2951 philosophus
1973 2875 2470 2953 argumentum
2517 2872 2820 2933 assumit
2852 2890 2939 2933 ex
2984 2870 3295 2951 propriis
3343 2887 3585 2930 rerum

906 2979 1185 3052 causis;
1235 2976 1471 3040 fidelis
1519 2981 1758 3040 autem
1806 2997 1892 3040 ex
1947 2998 2168 3040 causa
2214 2980 2470 3059 prima,
2518 2982 2598 3041 ut
2642 2982 2838 3059 puta,
2889 2979 3058 3058 quia
3085 2978 3189 3039 sic
3237 2976 3580 3039 divinitus

903 3089 1013 3147 est
1082 3086 1444 3156 traditum,
1506 3085 1622 3147 vel
1683 3086 1851 3164 quia
1910 3086 2044 3147 hoc
2106 3087 2180 3146 in
2242 3086 2542 3166 gloriam
2589 3085 2724 3147 Dei
2786 3085 3003 3158 cedit,
3051 3086 3167 3146 vel
3213 3084 3383 3163 quia
3446 3081 3582 3143 Dei

901 3195 1222 3273 potestas
1273 3195 1382 3254 est
1422 3190 1721 3253 infinita.
1770 3191 1924 3254 Hec
1969 3195 2078 3254 est
2126 3194 2439 3254 maxima
2486 3193 2872 3273 sapiencia,
2922 3192 3015 3254 de
3062 3210 3207 3271 qua
3253 3192 3328 3252 in
3373 3189 3581 3251 Deu-

903 3304 1060 3362 tro
1089 3318 1202 3361 no
1229 3300 1412 3360 mio
1491 3298 1755 3361 dicitur
1781 3296 1823 3360 4:
1879 3319 1908 3352 «
1949 3298 2104 3361 Hec
2164 3303 2274 3361 est
2322 3300 2690 3380 sapiencia
2738 3303 3001 3372 vestra,
3051 3302 3124 3361 et
3177 3298 3581 3359 intellectus

903 3425 1148 3468 coram
1195 3408 1480 3487 populis
1521 3428 1550 3461 ιι
1574 3404 1615 3467 ⁵.

1127 3512 1202 3575 Si
1251 3515 1584 3576 debuerit
1638 3515 1823 3576 enim
1887 3515 2354 3595 philosophus
2415 3514 2732 3577 diffinire
2794 3533 2928 3594 pro
2981 3516 3197 3576 rebus
3261 3512 3394 3573 hec
3454 3527 3579 3570 no-

877 3621 1093 3682 ‘mina
1171 3624 1243 3683 et
1310 3622 1567 3682 similia
1616 3642 1629 3682 :
1704 3621 1916 3693 Deus,
1991 3623 2303 3703 angelus,
2371 3623 2626 3693 anima,
2716 3624 2994 3694 demon,
3062 3622 3336 3690 ventuS,
3407 3617 3574 3699 yris,

899 3746 1293 3807 sompnum,
1342 3726 1569 3790 fatum
1616 3732 1687 3790 et
1732 3729 2159 3800 huiusmodi,
2208 3731 2580 3809 pervertet
2624 3748 2771 3791 non
2827 3729 3055 3791 solum
3108 3744 3315 3789 sacre
3340 3723 3575 3803 Scrip-

901 3836 1060 3895 ture
1115 3835 1553 3897 intellectum
1630 3837 2005 3909 sincerum,
2078 3837 2207 3898 sed
2279 3839 2351 3898 et
2423 3855 2702 3899 omnem
2758 3835 2931 3898 fidei
3000 3831 3576 3914 inrefragibalem

898 3942 1295 4003 veritatem.
1372 3941 1679 4022 Propter
1725 3944 1937 4022 quod,
1987 3962 2130 4004 non
2206 3945 2550 4006 debemus
2581 3948 2630 4015 ⁸,
2679 3942 2954 4015 fideles,
3005 3944 3109 4004 uti
3173 3942 3575 4003 nominibus

899 4046 1312 4120 infidelium,
1364 4069 1493 4111 nec
1544 4051 1788 4122 eciam,
1838 4051 1974 4112 nisi
2022 4051 2280 4113 leviter
2329 4052 2533 4113 scire.
2577 4084 2640 4092 —
2687 4050 2811 4112 Ait
2846 4050 3030 4111 enim
3060 4049 3394 4120 Doctor‚
3452 4048 3575 4127 qui

902 4173 1140 4235 supra,
1176 4155 1249 4217 3⁰
1299 4155 1634 4220 Contra
1683 4156 2130 4230 Gentiles,
2182 4160 2502 4220 tractans
2535 4151 2765 4220 illudb
2797 4154 3194 4237 Torquati:
3248 4176 3277 4208 «
3319 4156 3574 4218 Fatum

907 4387 1332 4395 ———

1118 4581 1178 4625 ...a
1222 4589 1286 4613 Ξ.-
1326 4571 1571 4621 debe-ut.
1645 4553 1708 4634 ὸ)
1750 4596 1812 4605 -
1852 4570 1915 4622 3ο
1949 4571 2167 4623 contra
2206 4569 2487 4623 Gentiles
2526 4572 2799 4624 tractans
2836 4570 3006 4623 mad.

1122 4747 1162 4809 ¹}
1206 4749 1290 4797 Cf.
1334 4749 1534 4797 Flfflfiz‘r.
1570 4748 1808 4799 Poster.
1849 4747 2030 4800 Anal.
2066 4748 2174 4799 lib.
2211 4748 2256 4810 1,
2292 4748 2431 4801 lect.
2469 4748 2542 4800 11.

1122 4833 1158 4897 ¹¹]
1202 4837 1258 4885 Ξ.
1302 4837 1506 4885 ΤΗ-οὒτε.
1546 4836 1598 4887 11
1640 4836 1862 4888 Contra
1905 4836 2095 4898 Geni„
2131 4847 2213 4889 rv.

1139 4925 1158 4989 K]
1202 4926 1286 4975 [If.
1333 4929 1542 4985 Eruci,
1576 4925 1754 4987 XLII,
1795 4926 1976 4979 16-17.

1118 5017 1158 5077 ’,Ι
1198 5017 1254 5065 S..
1298 5014 1579 5065 Til-fimas,
1616 5014 1671 5066 11
1712 5013 1936 5067 Contra
1979 5014 2147 5068 Geni.
2188 5025 2272 5067 IV.

1115 5113 1157 5157 ι
1202 5105 1286 5153 [f.
1344 5109 1603 5169 Denter„
1639 5104 1738 5166 IV,
1774 5104 1827 5157 6.
