4300 6117
461 851 527 913 366
968 867 1126 921 nucum
1149 868 1288 921 uocns

458 1085 498 1147 In
515 1087 625 1150 libro
642 1106 784 1166 quoque
802 1090 936 1151 tercio
952 1092 1083 1169 probat
1099 1092 1297 1154 virtuosum
1310 1095 1507 1156 amicorum
1518 1097 1639 1175 gracia
1651 1099 1794 1176 operari

459 1196 620 1265 maxime,
646 1199 685 1257 ut
708 1215 775 1275 pro
790 1196 924 1258 virtute
946 1198 1127 1277 pecunias,
1145 1199 1298 1262 honores
1322 1201 1518 1280 despicere,
1540 1206 1650 1282 atque
1669 1223 1795 1283 procu·

459 1321 540 1363 rare
552 1303 657 1375 bona,
676 1322 745 1381 que
758 1303 931 1365 intellexit
944 1305 1094 1366 virtutes
1105 1304 1124 1366 ¹.
1144 1338 1185 1347 -
1201 1304 1242 1367 In
1257 1307 1370 1369 libro
1386 1327 1473 1369 vero
1484 1318 1609 1381 V11110,
1623 1329 1701 1389 cap.
1714 1312 1794 1373 toti·

459 1409 551 1481 dem,
566 1411 620 1470 sui
638 1411 749 1488 ipsius
765 1411 1018 1472 amicissimum
1035 1431 1114 1473 esse
1131 1413 1347 1476 determinat
1359 1415 1555 1493 quemlibet
1566 1418 1762 1479 virtuosum
1772 1418 1793 1489 ²,

460 1517 557 1595 quod
582 1536 652 1577 non
676 1518 886 1597 ambigimus
910 1521 1210 1599 presuppositum,
1231 1521 1292 1582 ubi
1308 1522 1345 1581 in
1367 1540 1456 1584 vera
1478 1524 1555 1602 lege
1578 1526 1793 1586 mandatur:

461 1622 614 1703 «Diliges
627 1626 828 1704 proximum
843 1628 942 1687 tuum
958 1627 1050 1688 sicut
1068 1626 1314 1706 teipsum»³‚-—
1325 1626 1384 1690 Sic
1401 1630 1558 1710 intelligo
1573 1631 1662 1692 illud
1679 1632 1793 1703 civile,

457 1732 594 1792 scilicet
622 1731 681 1792 De
706 1730 1011 1794 Servitutibus
1038 1736 1081 1795 et
1103 1733 1266 1813 Aqua⁴:
1298 1735 1478 1798 «Dilectio
1502 1738 1626 1817 incipit
1649 1756 1672 1798 a
1695 1757 1734 1800 se
1758 1740 1795 1799 et

456 1840 668 1900 terminatur
703 1839 751 1901 ad
781 1840 990 1919 proximum,
1024 1860 1095 1901 non
1126 1842 1223 1919 qnod
1256 1844 1446 1922 quisquam
1468 1863 1507 1906 se
1541 1846 1726 1924 premittat
1757 1846 1794 1905 in

455 1965 578 2007 amore
602 1946 878 2018 ordinatissimo,
902 1948 939 2007 in
964 1966 1035 2027 quo
1058 1949 1240 2027 gradualis
1263 1952 1446 2029 processio
1469 1970 1541 2013 non
1560 1952 1720 2032 signatur
1742 1953 1790 2013 ad

456 2058 567 2126 actus,
592 2055 656 2115 sed
679 2072 750 2133 quo
775 2072 876 2115 amor
898 2056 1067 2134 proprius
1094 2074 1217 2117 amore
1240 2058 1393 2136 proximi
1409 2058 1589 2120 antecedit
1601 2059 1789 2138 prioritate

456 2166 592 2223 nature.
618 2159 854 2223 Virtuososne
878 2162 975 2223 dices
1001 2162 1122 2224 hostes
1145 2163 1305 2234 iniustos,
1330 2165 1458 2225 miram
1480 2166 1702 2245 pacienciam
1719 2184 1791 2227 ser·

455 2273 579 2331 vantes
615 2270 681 2329 sub
719 2270 837 2339 armis,
870 2269 937 2329 sub
969 2270 1058 2349 gelu,
1085 2271 1151 2330 sub
1190 2268 1294 2342 tame,
1319 2271 1474 2350 denique
1506 2274 1574 2334 sub
1605 2273 1791 2352 multiplici

456 2391 584 2457 genere
608 2377 742 2446 mortis,
769 2394 876 2455 quam
901 2376 969 2437 sibi
992 2378 1185 2456 opinantur
1218 2378 1427 2439 imminere?
1449 2379 1676 2458 lascivosque
1704 2381 1790 2441 ado·

454 2486 629 2546 lescentes
655 2486 691 2544 et
718 2484 863 2544 iuvenes
887 2483 935 2544 ad
959 2483 1107 2563 vigilias,
1133 2485 1316 2546 discursus
1339 2488 1375 2547 et
1397 2486 1576 2565 impensas
1597 2487 1790 2548 immotos?

456 2591 569 2661 Certe,
594 2592 662 2652 nisi
687 2590 828 2651 debitus
853 2592 934 2651 finis
958 2594 1102 2653 moveat
1125 2594 1162 2651 et
1177 2592 1362 2654 ordinatus
1379 2611 1480 2654 amor
1496 2597 1673 2673 operetur,
1687 2612 1788 2655 nemo

455 2700 522 2759 nisi
547 2700 690 2759 insanus
714 2698 865 2759 virtutes
888 2697 1060 2760 fatebitur
1083 2700 1185 2778 gigni.

406 2790 438 2852 4·
566 2805 711 2867 Habent
733 2809 900 2885 preterea
923 2805 1074 2867 virtutes
1100 2808 1235 2866 certam
1258 2808 1446 2867 materiam
1471 2810 1572 2869 extra
1588 2826 1695 2886 quam
1718 2827 1788 2869 non

454 2918 508 2975 est
531 2915 689 2975 invenire
714 2914 876 2975 ultimum
899 2911 1017 2984 finem,
1035 2931 1151 2991 neque
1176 2909 1443 2975 constitutivam
1459 2915 1610 2975 tonnam
1625 2916 1787 2976 virtualis

452 3023 594 3101 speciei.
610 3054 647 3061 —-
661 3020 737 3081 Hec
751 3020 848 3099 apud
860 3020 1091 3099 philosophos
1108 3021 1175 3081 tuit
1188 3022 1223 3079 in
1240 3021 1312 3082 duo
1328 3023 1490 3082 membra
1505 3022 1648 3083 decisa:
1665 3022 1787 3083 intel·

451 3130 652 3191 lectivam
675 3128 821 3200 scilicet,
848 3132 882 3188 et
899 3127 1080 3188 moralem.
1096 3164 1134 3170 —
1152 3127 1331 3188 Primam
1354 3129 1562 3189 rescindunt
1579 3130 1616 3190 in
1631 3130 1787 3209 quinque

450 3237 656 3317 particulas,
682 3235 844 3296 scilicet:
869 3238 992 3307 artem,
1021 3235 1265 3314 prudenciam,
1291 3236 1492 3298 scienciam.
1518 3236 1735 3315 sapienciam
1751 3240 1786 3298 et

450 3344 677 3413 intellectum,
702 3345 741 3403 ut
755 3341 807 3402 VI
822 3340 971 3412 Ethie,
987 3361 1014 3403 c.
1032 3338 1107 3402 110⁵.
1123 3378 1163 3384 —
1176 3340 1350 3403 Moralis
1363 3361 1449 3404 vero
1465 3343 1570 3403 rivuli
1586 3344 1623 3403 in
1638 3361 1786 3404 numero

448 3452 558 3512 finem
580 3470 651 3512 non
674 3453 812 3517 norunt,
826 3450 974 3529 propius
998 3452 1117 3510 tamen
1140 3450 1262 3510 divina
1285 3449 1401 3511 ethica
1425 3450 1566 3511 virtutis
1587 3449 1785 3512 subiectum

449 3560 516 3619 sub
548 3559 728 3638 preceptis
752 3558 922 3625 distinxit,
949 3556 1034 3618 dum
1058 3556 1157 3617 iubet
1179 3556 1310 3628 fienda,
1336 3556 1574 3635 prohibetque
1595 3558 1784 3618 contraria.

448 3666 496 3726 At
535 3667 564 3726 si
601 3665 757 3726 delectat
793 3684 873 3726 cum
907 3664 1088 3743 prioribus
1126 3664 1238 3742 gradi,
1263 3664 1349 3724 tolle
1386 3665 1422 3723 in
1459 3662 1532 3724 tide
1556 3665 1783 3743 sapienciam,

447 3773 640 3834 scienciam
664 3774 699 3833 in
723 3791 796 3851 spe,
820 3773 857 3832 in
881 3771 1031 3832 caritate
1054 3789 1141 3831 vero
1165 3774 1280 3832 artem
1307 3773 1342 3831 et
1365 3770 1594 3843 intellectum,
1614 3789 1694 3832 cum
1715 3789 1784 3850 per

447 3880 675 3940 dilectionem
698 3880 850 3958 proximi
883 3897 953 3939 non
986 3896 1113 3957 parum
1147 3878 1321 3938 ascendat
1350 3878 1387 3937 in
1420 3877 1544 3949 Deum,
1570 3881 1605 3940 et
1638 3878 1784 3956 reliquis

448 3990 603 4065 quatuor
627 4006 706 4047 cum
731 3987 882 4051 surculis
906 3987 988 4053 suis,
1026 4003 1115 4063 quas
1146 3986 1281 4063 placuit
1320 3984 1522 4045 cardinales
1546 4003 1685 4055 vocare,
1712 3988 1783 4046 tur·

447 4095 531 4155 bam
555 4094 653 4154 illam
676 4094 848 4155 virtutum
873 4111 1014 4153 omnem
1036 4091 1211 4153 describe.
1246 4089 1337 4152 Sunt
1359 4092 1452 4153 enim
1480 4091 1611 4170 aliqua,
1634 4090 1783 4171 Magis·

553 4586 574 4653 ¹)
593 4590 689 4642 Autre
709 4603 817 4641 erreur
836 4589 875 4640 de
895 4588 1065 4653 reference,
1095 4589 1125 4639 le
1150 4596 1281 4656 passage
1307 4588 1419 4654 auquel
1443 4589 1491 4639 est
1508 4586 1565 4639 tait
1583 4587 1715 4640 allusion
1733 4590 1782 4639 est

443 4694 483 4730 au
501 4679 554 4731 lib.
573 4678 614 4730 IX
632 4680 712 4741 ΕΜ,
733 4679 802 4730 lect.
822 4677 871 4729 IX.

550 4764 693 4832 ²)AR15T.
712 4756 810 4820 Ethic.
831 4767 879 4830 IX,
894 4769 963 4820 lect.
985 4778 1026 4819 lx.
1049 4767 1174 4840 «Quare
1193 4768 1308 4819 bonum
1328 4766 1451 4832 quidem
1470 4766 1594 4831 oportet
1608 4766 1780 4831 philantum

441 4871 552 4919 esse»;
572 4858 675 4919 Didot,
695 4872 762 4923 cap.
780 4868 821 4920 lx,
842 4858 883 4909 10.

551 4944 573 5013 3)
592 4947 621 4999 S.
640 4946 773 5009 Murra,
791 4948 826 5009 V,
845 4947 888 4998 43.

549 5034 570 5101 ⁴)
590 5037 663 5089 Cod.
682 5038 733 5088 lib.
753 5037 803 5098 111,
822 5036 867 5088 tit.
887 5035 1021 5096 XXXIV,
1040 5036 1077 5085 de
1097 5034 1294 5085 servitutibus
1311 5036 1342 5085 et
1359 5048 1450 5098 aqua.

552 5123 574 5191 ³¹)
593 5126 695 5177 ARIST.
715 5126 755 5176 VI
775 5127 845 5176 Eth.
862 5125 964 5177 Didot.
984 5139 1051 5190 cap.
1069 5122 1119 5186 111,
1142 5124 1166 5174 1.
