4300 6117
867 873 1054 926 IOHANNIS
1076 872 1259 927 DOMINICI

876 1674 1088 1781 [CAPUT
1120 1674 1253 1781 Vll]

503 2048 731 2136 [N]aturam
754 2076 836 2118 non
858 2057 1060 2129 destruit,
1085 2074 1227 2117 verum
1251 2054 1433 2134 perficit,
1458 2056 1610 2135 gracia.
1647 2053 1729 2117 Sed

395 2163 636 2225 litterarum
690 2164 947 2225 secularium
993 2163 1180 2225 studium
1228 2166 1293 2224 est
1330 2162 1534 2224 naturale.
1595 2158 1729 2243 Igit‘ur

395 2272 538 2350 gracia
568 2270 839 2348 baptismatis
872 2290 953 2332 non
986 2270 1104 2332 tollit
1137 2270 1379 2331 litterarum
1414 2270 1728 2331 naturalium

396 2395 521 2449 usum,
546 2377 620 2438 sed
643 2378 791 2457 pocius
815 2378 1007 2458 perficit,
1032 2377 1234 2456 impetrat
1258 2379 1299 2437 et
1322 2377 1593 2438 commendat.

485 2571 598 2633 Huius
623 2574 773 2652 septime
797 2546 951 2635 racionis
986 2571 1102 2634 forma
1138 2575 1193 2634 est
1222 2571 1404 2634 sufficiens
1435 2572 1471 2631 in
1499 2572 1659 2644 materia,
1692 2573 1728 2632 et
1744 2570 1772 2631 1.

396 2679 510 2739 maior
533 2681 588 2741 est
610 2677 739 2752 fidelis,
776 2684 812 2742 et
835 2699 857 2740 a
880 2680 1014 2741 sanctis
1039 2679 1247 2742 doctoribus
1270 2680 1404 2741 veritas
1436 2697 1584 2740 numero
1608 2678 1727 2758 sepius

396 2788 435 2846 ut
457 2783 736 2848 familiarissima
759 2788 914 2848 visitata.
962 2785 1048 2871 Quis
1086 2804 1241 2865 namque
1272 2786 1403 2847 dixerit
1426 2786 1524 2847 aliud
1548 2804 1626 2847 esse
1651 2785 1728 2845 offi-

397 2892 490 2965 cium
511 2894 639 2972 gracie,
664 2912 772 2973 quam
796 2895 970 2956 reducere
986 2894 1164 2956 hominem
1180 2894 1228 2955 ad
1255 2894 1445 2974 pristinum
1471 2896 1613 2965 statum,
1632 2892 1729 2953 unde

397 3000 527 3061 cecidit
549 3018 615 3079 per
638 3002 851 3079 peccatum?
879 3000 972 3062 Hinc
986 3000 1123 3063 Doctor
1146 3004 1290 3064 sanctus
1315 3001 1482 3080 equidem
1505 3001 1612 3061 sumit
1629 3018 1728 3060 exor-

397 3105 495 3167 dium
518 3105 719 3179 effectuum,
756 3126 845 3187 quos
868 3108 990 3189 gracia
1024 3108 1182 3187 largitur,
1216 3109 1254 3169 in
1283 3111 1440 3171 tractatu
1468 3108 1589 3187 ipsius,
1622 3123 1728 3185 quem

396 3212 522 3274 habuit
545 3215 641 3276 circa
664 3215 772 3276 finem
806 3214 942 3276 Prime
978 3213 1210 3278 secunde¹:
1235 3215 1342 3294 quod,
1373 3215 1550 3285 videlicet,
1580 3215 1659 3293 ipsa
1682 3212 1728 3274 sit

396 3320 610 3400 principium
634 3323 870 3401 cognoscendi
893 3341 989 3392 vera,
1014 3323 1166 3383 maxime
1191 3340 1260 3401 que
1284 3324 1488 3384 referuntur
1503 3322 1539 3382 in
1558 3319 1681 3382 Deum.

502 3426 613 3490 Modo
637 3430 827 3508 probanda
862 3432 917 3490 est
940 3430 1010 3490 ista
1032 3430 1157 3501 minor,
1194 3429 1279 3491 licet
1301 3430 1506 3508 vulgaribus
1530 3431 1625 3498 nota,
1662 3426 1727 3487 sci·
1742 3422 1773 3487 2.

396 3533 495 3595 licet:
532 3535 630 3613 quod
664 3536 822 3597 studium
857 3536 1071 3597 secularium
1099 3536 1300 3598 litterarum
1328 3536 1375 3597 sit
1397 3534 1530 3597 homini
1554 3533 1727 3595 naturale.

397 3637 500 3701 Hanc
531 3644 651 3703 autem
687 3642 827 3707 deduco
851 3646 933 3704 octo
970 3643 1186 3715 racionibus,
1211 3644 1248 3703 in
1272 3642 1377 3704 dictis
1401 3642 1628 3721 antiquorum
1652 3641 1728 3700 fun·

397 3748 502 3809 datis.
549 3747 644 3833 Quid
679 3750 773 3810 enim
800 3768 932 3828 ponam
968 3750 1015 3811 de
1037 3768 1127 3820 meo,
1163 3762 1292 3829 egenus
1318 3752 1353 3811 et
1375 3749 1488 3827 inops,
1524 3749 1585 3827 qui
1609 3747 1730 3809 nescio

396 3853 521 3932 loqui?
568 3853 639 3915 Cur
663 3856 699 3916 in
722 3856 945 3918 inveniendis
970 3857 1071 3918 novis
1103 3857 1329 3918 oracionibus
1352 3855 1539 3925 insudabo,
1577 3874 1657 3916 cum
1680 3854 1730 3913 nil

397 3962 444 4022 sit
459 3980 589 4022 novum
605 3963 671 4023 sub
688 3963 774 4033 celo,
799 3981 866 4042 per
880 3961 1115 4035 Salomonem,
1140 3965 1230 4024 teste
1248 3961 1384 4042 Spiritu
1400 3960 1560 4024 Sancto?
1575 3960 1586 3997 ²
1610 3959 1731 4045 Quare

398 4067 568 4130 honorem
591 4088 662 4130 non
685 4069 837 4131 reddam
860 4071 1024 4150 patribus
1048 4070 1274 4140 venerandis,
1300 4086 1451 4147 quorum
1467 4087 1531 4130 nos
1547 4068 1730 4129 laboribus

398 4174 637 4236 honoramur?
682 4174 739 4235 An
776 4195 821 4237 ne
855 4177 991 4254 putabo
1027 4174 1219 4237 furandum
1255 4194 1343 4246 esse,
1379 4178 1420 4237 ut
1449 4193 1529 4237 cum
1553 4175 1731 4236 dedecore

398 4282 586 4343 restituere
621 4294 728 4361 cogar
764 4282 921 4345 invitus?
967 4282 1136 4345 Habeant
1172 4282 1284 4344 honos
1299 4279 1320 4355 ³,
1353 4283 1414 4361 qui
1438 4300 1526 4343 onus
1551 4282 1730 4353 tullerunt,

399 4492 611 4499 --..-Ι

506 4689 527 4758 ¹)
546 4691 576 4744 S.
596 4688 700 4744 nior.
727 4691 826 4743 1²11²e
845 4691 879 4765 Q.
898 4691 1002 4756 cxl11,
1022 4693 1047 4754 1,
1065 4692 1091 4744 2.

506 4777 527 4846 ἢ
546 4779 591 4833 Cf.
609 4781 712 4833 Eccle.
733 4781 755 4843 1,
775 4782 817 4835 10.

506 4866 527 4933 ³)
552 4869 634 4922 Pour
659 4869 811 4922 honorem.
844 4869 875 4922 C.
894 4870 1024 4923 salutati
1049 4870 1080 4923 le
1104 4868 1171 4922 fera
1198 4883 1379 4936 remarqner
1398 4869 1416 4922 a
1434 4867 1594 4921 Dominici.
1627 4867 1731 4923 ‹Nun-

399 4973 491 5025 qnam
509 4959 722 5012 enuntiarent:
751 4958 887 5012 habeant
912 4960 1009 5011 honos
1033 4958 1086 5025 qui
1110 4958 1237 5011 tulerint
1262 4972 1351 5020 onns,
1380 4960 1536 5011 sumentes
1562 4958 1595 5010 in
1619 4960 1732 5011 neutro

398 5055 512 5116 genere
529 5062 643 5099 nomen
660 5048 765 5110 honos,
783 5062 851 5099 eum
870 5048 911 5099 sit
928 5048 1037 5114 procul
1056 5046 1150 5100 dnbio
1169 5046 1363 5099 masculini».
1398 5045 1441 5099 Cf.
1461 5047 1659 5113 Epistolarlo,
1678 5046 1732 5099 IV·

398 5136 454 5200 11²,
471 5151 502 5203 p.
520 5136 583 5189 219.
