4300 6117
805 908 995 962 munuum
1014 908 1197 961 nonnum
1622 896 1687 960 369

357 1134 451 1195 enim
485 1134 674 1213 quisquam
708 1133 824 1195 minus
860 1132 1034 1203 convenit,
1071 1151 1180 1213 quam
1213 1133 1367 1195 subdola
1404 1132 1474 1194 ista
1498 1131 1687 1203 calliditas,

357 1240 484 1302 animis
508 1251 636 1320 magna
660 1240 871 1302 conantibus
886 1260 902 1293 ›
916 1238 935 1301 ¹.
963 1273 1002 1281 —
1035 1238 1233 1301 Credamus
1255 1240 1292 1301 in
1315 1239 1382 1301 hoc
1404 1237 1688 1310 Aristoteli,

357 1348 504 1426 ponenti
526 1366 650 1409 veram
685 1346 838 1409 ethicam
870 1347 906 1408 in
941 1365 1050 1426 opere
1082 1346 1206 1421 solum,
1243 1364 1352 1426 quam
1373 1347 1542 1409 videntur
1576 1346 1689 1427 ignari

358 1457 478 1515 tamen
498 1454 638 1516 locasse
673 1454 710 1515 in
740 1454 871 1526 verbiS,
906 1454 1001 1515 ultra
1023 1457 1169 1516 ventum
1204 1453 1412 1533 eloquencie
1447 1472 1491 1515 ex
1522 1439 1689 1534 gignasiis

359 1579 491 1633 eorum,
506 1580 598 1640 quos
615 1551 632 1643 ΙΙ
651 1563 784 1622 vocant
800 1560 963 1633 morales,
983 1561 1033 1622 nil
1049 1562 1192 1641 penitus
1209 1559 1415 1622 referentes.
1433 1559 1494 1621 Ait
1511 1560 1687 1639 equidem,

358 1667 407 1729 ad
429 1668 634 1729 habendum
659 1668 766 1747 igitur
790 1668 943 1730 virtutes
968 1668 1061 1729 scire
1077 1668 1224 1747 quidem
1247 1648 1376 1748 parum
1399 1670 1461 1729 aut
1485 1668 1594 1729 nichil
1609 1687 1689 1748 pro·

359 1775 455 1848 dest;
480 1774 529 1836 ad
551 1776 623 1836 alia
640 1764 654 1857 li
673 1793 744 1836 non
767 1793 903 1855 parum,
928 1774 994 1836 sed
1017 1793 1131 1848 omne,
1157 1775 1222 1837 sed
1236 1775 1339 1837 multi
1355 1775 1420 1836 hec
1442 1776 1597 1855 quidem,
1621 1794 1690 1855 que

359 1882 555 1944 secundum
570 1883 721 1943 virtutes
745 1884 836 1953 sunt,
863 1900 934 1943 non
950 1882 1103 1954 iaciunt;
1128 1881 1177 1943 ad
1200 1883 1383 1943 racionem
1398 1884 1520 1944 autem
1535 1881 1691 1963 coniugi·

360 1992 468 2059 entes,
486 1989 691 2051 existimant
705 1988 960 2070 phylosophari
977 1992 1013 2050 et
1029 2006 1108 2051 esse
1123 1988 1217 2059 boni,
1233 1989 1347 2051 simile
1363 1989 1501 2069 aliquid
1517 1991 1690 2052 iacientes

360 2096 613 2177 egrotantibus,
639 2096 700 2175 qui
723 2095 883 2157 medicos
906 2095 1052 2175 quidem
1073 2096 1224 2157 audiunt
1246 2096 1409 2158 studiose
1432 2100 1469 2159 et
1490 2097 1561 2176 ipsi
1583 2098 1692 2158 nichil

359 2202 497 2265 faciunt
519 2203 795 2282 operandorum.
833 2201 944 2283 Igitur
967 2221 1033 2265 nec
1056 2203 1108 2263 illi
1132 2203 1224 2264 bene
1246 2202 1431 2265 habebunt
1455 2222 1596 2285 corpus,
1627 2222 1692 2267 nec

359 2311 419 2372 isti
442 2310 607 2381 animam,
632 2310 683 2371 sic
707 2309 1009 2389 philosophantes.
1058 2308 1137 2372 Hoc
1167 2310 1254 2373 ille
1277 2308 1490 2373 ethicus¹.

469 2416 577 2478 «Non
593 2417 726 2497 ignoro,
743 2417 860 2495 inquit
873 2415 1073 2490 Ravennas,
1087 2418 1125 2478 in
1140 2417 1293 2496 epistola
1309 2419 1467 2497 quadam
1483 2418 1538 2479 ad
1561 2416 1692 2479 Boni·
1706 2413 1738 2476 6.

360 2522 540 2595 iacium,
566 2524 651 2603 quia
674 2543 754 2586 cum
770 2542 850 2585 mea
874 2524 1026 2603 epistola
1045 2524 1321 2604 gramaticorum
1344 2525 1559 2587 secularium
1583 2526 1694 2586 mani·

360 2632 427 2692 bus
464 2631 628 2701 traditur,
664 2649 746 2692 mox
779 2634 898 2692 utrum
924 2631 1023 2702 ¹assit
1057 2630 1245 2693 artificiosi
1275 2632 1349 2693 stili
1370 2632 1474 2713 lepor
1496 2634 1695 2694 attenditur

361 2737 539 2799 rethorice
563 2738 662 2800 color
684 2738 888 2817 requiritur,
915 2740 951 2799 et
975 2738 1160 2818 capciosos
1184 2738 1444 2819 silogismorum
1459 2742 1570 2819 atque
1584 2738 1695 2801 enthi-

361 2848 554 2907 mematum
594 2846 746 2906 circulos
784 2864 884 2907 mens
924 2845 1066 2907 curiosa
1103 2846 1264 2917 rimatur,
1310 2848 1512 2926 aucupatur
1548 2848 1695 2908 nimium

360 2952 517 3013 sciencia
541 2970 611 3031 que
633 2952 747 3023 inilat,
784 2952 972 3014 caritatem
995 2955 1115 3014 autem
1139 2971 1209 3032 que
1237 2951 1384 3015 edificat
1406 2973 1477 3016 non
1500 2955 1694 3016 miratur».

361 3057 437 3120 Hec
460 3058 520 3120 ille
531 3058 551 3119 2.

468 3163 550 3227 Scio
574 3166 756 3244 quendam
778 3176 942 3245 magnum
966 3166 1082 3227 virum
1105 3166 1212 3228 michi
1232 3168 1476 3229 venerandum
1500 3171 1536 3230 et
1560 3186 1691 3241 carum,
1708 3170 1740 3234 7.

361 3272 423 3334 ubi
445 3273 562 3353 primo
586 3272 723 3333 audivit
746 3290 803 3333 me
826 3271 893 3333 hoc
910 3290 999 3351 opus
1016 3284 1230 3353 aggressum,
1254 3275 1432 3355 extemplo
1448 3276 1485 3337 in
1499 3275 1566 3339 hec
1580 3278 1694 3338 verba

361 3380 586 3459 prolapsum:
626 3378 736 3441 «Non
757 3382 840 3441 sunt
863 3380 1018 3460 religiosi
1043 3382 1208 3442 moderni
1231 3381 1402 3453 rethores,
1426 3384 1548 3445 nescio
1571 3384 1602 3446 si
1626 3384 1694 3445 iste

362 3487 580 3548 exorbitabit
603 3488 650 3548 ab
673 3486 760 3548 illis!
785 3487 888 3566 quasi
912 3487 963 3547 nil
976 3487 1098 3549 valeat
1115 3488 1192 3549 sine
1206 3489 1329 3567 lepore
1344 3490 1478 3551 veritas
1490 3488 1552 3551 Μ
1574 3489 1694 3552 Ceteri

362 3612 446 3656 suas
479 3596 601 3673 partes
625 3592 831 3655 defendant.
870 3592 945 3673 Ego
969 3594 1115 3672 quidem
1149 3593 1267 3656 fateor
1288 3596 1326 3656 in
1349 3597 1573 3659 consciencia
1595 3616 1691 3669 vera,

361 3704 455 3763 teste
478 3699 614 3781 Spiritu
631 3699 772 3774 Sancto,
798 3719 870 3763 non
892 3700 1007 3762 solum
1030 3719 1088 3762 me
1110 3719 1182 3762 non
1205 3720 1283 3764 esse
1307 3703 1496 3776 rethorem,
1521 3704 1588 3766 sed
1606 3724 1693 3765 nun·

363 3826 471 3889 quam
493 3808 725 3888 gramaticam
757 3809 824 3869 sub
848 3811 1061 3888 preceptore
1085 3808 1235 3883 vidisse;
1275 3809 1391 3871 nullas
1418 3812 1695 3891 gramaticorum

363 3916 503 3995 regulas
526 3916 604 3996 legi,
628 3914 808 3977 Donatum
835 3933 906 3976 non
929 3914 1042 3977 didici
1051 3912 1072 3987 ⁴,
1101 3916 1282 3978 nominum
1304 3919 1568 3999 verborumque
1592 3918 1694 3983 diffe-

471 4276 494 4346 ¹)
513 4278 558 4332 Οἱ.
580 4280 593 4331 Ι
612 4280 711 4332 Ethie.
731 4278 846 4332 Comm.
866 4280 930 4332 lect.
950 4280 982 4331 1²
996 4281 1027 4333 et
1046 4282 1222 4345 2¹;1>idot,
1241 4295 1307 4347 cap.
1326 4288 1367 4341 111,
1385 4280 1410 4331 7.

471 4365 764 4435 ²)P.s.1)nnnu1,
789 4374 833 4424 ud
857 4370 1060 4437 Bontsuctum,
1086 4372 1132 4424 De
1157 4386 1231 4423 veru
1254 4370 1447 4436 simplicitate
1472 4373 1502 4423 et
1536 4374 1695 4437 supientia.

363 4457 442 4513 Sans
461 4462 555 4514 doute
573 4460 725 4515 Dominici
742 4462 803 4515 cite
820 4463 860 4515 de
877 4462 1035 4525 memoire,
1054 4476 1107 4514 car
1125 4461 1156 4513 le
1174 4462 1259 4513 texte
1277 4462 1367 4513 exact
1384 4460 1444 4512 dit:
1472 4460 1563 4513 «Non
1580 4460 1696 4528 ignoro,

367 4548 493 4613 «irater,
512 4550 585 4617 quia
603 4565 672 4603 cum
689 4565 760 4603 mea
778 4551 908 4619 epistola
928 4551 1134 4605 saecularium
1151 4550 1292 4603 manibus
1305 4549 1447 4613 traditur,
1464 4564 1537 4602 mox
1549 4548 1695 4616 eloquen-

367 4639 449 4693 «tiae
476 4639 561 4692 nitor
588 4640 707 4693 curiose
732 4641 937 4708 perquiritur;
967 4656 1061 4708 quam
1087 4653 1280 4706 consequens
1306 4638 1346 4691 sit
1372 4638 1583 4704 dispositionis
1610 4639 1695 4703 ordo,

368 4730 552 4783 «tractatum
577 4730 682 4783 utrum
710 4729 881 4783 rhetoricae
904 4729 1059 4783 facultatis
1086 4728 1172 4782 color
1195 4728 1324 4792 eluceat,
1349 4730 1440 4781 anet
1458 4727 1630 4781 sententias
1648 4742 1697 4780 ar-

367 4820 533 4886 «gumeuta
551 4819 731 4873 dialecticae
750 4818 928 4873 subtilitatis
947 4818 1117 4881 involvant,
1136 4819 1194 4871 etc.
1209 4856 1217 4877 ,
1232 4855 1260 4871 ..
1278 4835 1291 4861 ι

471 4902 589 4975 'lituus
608 4922 745 4975 pensons
763 4922 841 4961 avec
856 4908 976 4971 Novati,
1001 4907 1195 4975 Epistolerto
1213 4907 1262 4971 IV,
1280 4921 1310 4974 p.
1331 4906 1383 4961 tul
1402 4907 1484 4971 note,
1512 4906 1585 4973 qu’ll
1611 4906 1697 4975 s’agit

365 4995 404 5049 ici
421 4996 461 5053 de
481 4996 513 5050 C.
532 4995 662 5051 Salutati
680 4998 724 5051 lui
743 4999 852 5050 meme.

470 5084 494 5152 ⁴)
511 5086 555 5138 Le
579 5087 671 5140 traite
695 5088 735 5139 de
754 5086 858 5140 Donat
875 5088 922 5141 De
948 5090 1015 5140 octo
1036 5087 1182 5153 pertibus
1201 5089 1348 5141 orationis
1365 5086 1534 5140 continnait
1551 5084 1649 5138 d'ttre
1667 5084 1697 5139 le

365 5176 488 5228 manuel
506 5190 547 5230 en
564 5185 658 5245 usage
676 5177 755 5229 dans
773 5177 820 5231 les
839 5176 940 5231 eccles
958 5178 1000 5230 du
1017 5177 1134 5247 Moyen
1151 5177 1225 5245 Age.
1244 5176 1404 5239 Dominici,
1422 5191 1462 5229 eu
1480 5174 1564 5240 eiiet,
1582 5175 1698 5228 n'avait

1562 5296 1589 5338 24
