4300 6117
440 877 504 939 142
937 886 1096 941 LUCULA
1117 885 1257 940 NOCTIS

438 1109 566 1171 circuit
581 1128 721 1170 omnem
737 1111 871 1171 terram
886 1108 1038 1180 Evilatb,
1062 1110 1124 1171 ubi
1137 1109 1298 1171 nascitur
1311 1128 1447 1181 aurum,
1481 1111 1518 1171 et
1532 1127 1659 1171 aurum
1678 1110 1774 1171 terre

437 1215 532 1277 illius
556 1216 728 1296 optimum
751 1219 826 1290 est;
850 1217 972 1296 ibique
995 1216 1177 1278 invenitur
1198 1216 1378 1278 bedelium
1402 1218 1438 1278 et
1460 1217 1552 1296 lapis
1578 1215 1772 1279 onichinus.

436 1320 484 1382 Et
505 1341 633 1385 nomen
657 1324 805 1384 secundi
829 1322 939 1394 fluvii,
965 1321 1080 1396 Gion;
1104 1323 1182 1402 ipse
1205 1325 1261 1385 est
1282 1323 1344 1402 qui
1374 1323 1502 1385 circuit
1533 1341 1672 1386 omnem
1703 1326 1774 1384 ter·

437 1448 514 1490 ram
537 1428 714 1508 Ethiopie.
737 1428 874 1491 Nomen
897 1448 983 1491 vero
1006 1429 1108 1490 fluvii
1132 1430 1244 1500 tercii,
1261 1424 1397 1510 Tigris;
1418 1429 1497 1510 ipse
1522 1429 1624 1491 vadit
1648 1431 1774 1491 contra

437 1533 613 1618 Assyrios.
637 1534 783 1598 Fluvius
806 1539 924 1598 autem
949 1538 1108 1615 quartus,
1125 1537 1203 1616 ipse
1219 1537 1274 1597 est
1288 1534 1456 1598 Eufrates
1472 1555 1487 1590 ›
1501 1533 1521 1598 1.
1531 1569 1570 1576 —
1580 1534 1649 1598 Hic
1663 1534 1774 1599 tidem

308 1693 312 1700 .
436 1639 590 1722 Spiritus
612 1640 765 1705 Sanctus
787 1642 932 1706 edocuit
954 1660 1020 1722 per
1052 1641 1202 1704 flumina
1229 1643 1402 1705 sciencias
1435 1643 1609 1716 denotari,
1633 1643 1672 1703 in
1699 1643 1773 1705 suis

436 1747 580 1811 Litteris
603 1748 670 1812 hoc
694 1751 901 1829 frequenter
923 1749 1128 1829 explanans.
1147 1748 1243 1835 Quid
1265 1750 1380 1830 igitur,
1403 1751 1625 1812 monstrante
1647 1751 1773 1813 sancto

436 1854 659 1918 Ambrosio
671 1855 692 1927 ²,
715 1856 941 1937 intelligimus
952 1874 1018 1936 per
1026 1856 1245 1935 paradisum,
1256 1859 1340 1937 post
1349 1857 1449 1918 illum
1463 1857 1582 1918 locum
1597 1874 1771 1930 amenum,

436 1963 504 2024 nisi
526 1964 682 2024 animam
698 1962 764 2025 Dei
788 1963 1005 2026 domicilium
1029 1963 1166 2033 summi,
1198 1963 1236 2024 in
1259 1963 1359 2024 cuius
1382 1963 1500 2025 medio
1523 1963 1772 2025 intellectualis

437 2070 547 2131 arbor
578 2070 770 2149 plantatur,
803 2070 902 2132 sicut·
924 2088 995 2141 cor,
1026 2069 1100 2131 vite
1132 2069 1236 2130 radix
1258 2069 1421 2141 humane,
1444 2070 1512 2132 sibi
1544 2070 1713 2132 vendicat
1735 2071 1772 2130 in

438 2194 589 2256 corpore
612 2176 795 2238 centrum?
819 2175 933 2237 Huius
950 2176 1092 2238 arboris
1109 2177 1246 2237 tructus
1270 2179 1306 2238 et
1321 2178 1424 2238 actus
1440 2179 1494 2238 est
1508 2176 1665 2238 sciencia
1676 2177 1772 2250 boni,

437 2283 467 2345 si
490 2283 537 2345 sit
560 2283 627 2345 rite
650 2285 827 2362 suscepta,
861 2283 945 2343 mali
969 2301 1065 2354 vero,
1090 2283 1120 2344 si
1143 2301 1210 2362 per
1232 2283 1416 2362 obliquum
1443 2285 1625 2363 queratur.
1659 2281 1773 2345 Aituit

435 2392 557 2452 autem
579 2390 678 2452 iuxta
710 2389 813 2451 huius
846 2390 968 2468 plante
997 2389 1138 2452 radices
1171 2407 1319 2469 serpens
1353 2390 1530 2469 antiquus,
1555 2393 1591 2452 et
1623 2408 1771 2470 serpens

436 2497 569 2578 anguis,
595 2496 759 2558 callidior
781 2497 909 2558 ceteris
934 2496 1140 2568 calliditate,
1165 2496 1397 2576 sophisticam
1420 2496 1612 2577 silogisiice
1637 2496 1772 2560 theolo-

317 2612 345 2642 ‘0
435 2604 529 2684 giam
552 2607 711 2666 tractans
737 2594 751 2686 ll
777 2623 843 2684 per
865 2604 1094 2684 negacionem
1116 2605 1337 2683 prepositam
1360 2604 1481 2676 verbo,
1507 2606 1619 2666 totam
1642 2623 1772 2685 propo·

435 2711 604 2773 sicionem
629 2711 763 2791 regenti
786 2711 1003 2772 contrarium
1027 2711 1196 2773 formavit
1226 2713 1408 2790 precepto,
1438 2729 1519 2772 cum
1548 2729 1619 2790 quo
1651 2714 1771 2773 tamen

436 2818 557 2879 stabat
585 2820 735 2896 propter
766 2817 1024 2897 excepcionem,
1057 2835 1165 2896 quam
1195 2818 1332 2879 fecerat
1361 2816 1468 2890 Deus,
1497 2817 1692 2897 sophistice
1718 2819 1770 2880 sic

435 2925 525 2986 dixit
546 2924 595 2985 ad
617 2922 750 2985 Evam:
799 2922 903 2985 «Cur
925 2924 1086 3003 precepit
1109 2923 1211 2985 vobis
1238 2923 1420 2995 Dominus,
1453 2926 1585 2986 utnon
1608 2925 1771 2986 comede·

435 3031 522 3092 retis
553 3031 598 3092 de
622 3032 718 3092 omni
740 3031 834 3111 ligno
858 3030 1049 3110 paradisii
1067 3051 1083 3084 »
1098 3028 1119 3091 ³.
1143 3062 1187 3072 -
1211 3029 1287 3092 Hec
1311 3034 1393 3092 sunt
1416 3030 1569 3093 humane
1593 3031 1700 3102 dicta,
1723 3050 1771 3093 an

435 3138 614 3200 diabolice
637 3136 861 3218 philosophie
883 3137 1119 3199 indumenta?
1141 3136 1196 3199 De
1219 3137 1346 3200 morali
1363 3154 1517 3217 namque
1538 3142 1711 3218 precepto
1735 3140 1771 3200 et

436 3244 634 3325 theologico
657 3245 761 3306 simul
784 3244 983 3326 dyalectice
1007 3245 1147 3324 questio
1176 3243 1359 3314 formatur,
1392 3262 1462 3323 que
1497 3245 1672 3308 transiens
1704 3264 1772 3326 per

435 3353 644 3422 naturalem,
681 3351 767 3412 dum
800 3351 901 3412 vetiti
931 3353 1029 3432 pomi
1061 3354 1180 3413 astute
1211 3354 1420 3413 narrantur¹
1437 3349 1596 3424 eftectus,
1633 3352 1670 3414 in
1702 3352 1770 3415 Dei

436 3459 686 3521 contumeliam
730 3461 805 3520 tota
850 3458 912 3520 illa
958 3457 1160 3538 disputacio
1213 3457 1403 3520 infeliciter
1447 3459 1668 3520 terminatur.
1715 3459 1770 3521 Ibi

435 3583 599 3644 namque,
623 3568 771 3628 auctore
794 3568 969 3645 serpente,
994 3564 1091 3627 Deus
1115 3565 1240 3628 unicus
1263 3566 1453 3645 pluraliter
1467 3565 1677 3638 declinatur,
1703 3567 1769 3628 cri·

436 3673 580 3734 minosis
605 3675 641 3734 et
662 3671 792 3734 invidis
815 3672 1032 3751 predicatur,
1059 3671 1210 3735 docetur
1232 3673 1435 3752 contempni
1458 3673 1495 3733 et
1514 3674 1628 3734 omnis
1643 3671 1770 3735 infide·

436 3779 548 3841 litatis
569 3781 604 3840 et
627 3778 762 3840 heresis
787 3779 889 3840 radix
912 3779 1106 3858 plantatur.

369 3879 421 3943 13.
526 3884 602 3948 Hec
618 3887 655 3947 et
676 3885 813 3957 similia,
831 3886 896 3948 sed
912 3886 1022 3966 magis
1037 3888 1197 3957 venuste,
1221 3885 1259 3946 in
1272 3883 1388 3947 Petri
1402 3884 1596 3948 Damiani
1611 3886 1768 3965 quadam

437 3993 588 4074 eleganti
601 3993 753 4072 epistola
768 3993 836 4073 legi
847 3991 869 4065 ⁴,
894 3995 939 4054 ut
952 3994 1066 4054 scias
1086 4011 1148 4054 me
1163 3991 1294 4054 nichil
1315 3993 1426 4054 scire
1445 3993 1584 4072 nilque
1596 3994 1767 4074 fingere,

435 4100 513 4161 sed
539 4100 721 4161 aliorum
742 4099 891 4179 pulcra
914 4100 1057 4178 inepte
1080 4117 1268 4160 narrare.
1295 4097 1391 4184 Quid
1417 4111 1501 4179 ergo
1527 4100 1589 4161 illa
1614 4102 1769 4179 quatuor

435 4205 592 4279 flumina,
609 4223 653 4267 ex
673 4207 779 4268 unico
794 4204 893 4268 fonte
915 4205 1109 4276 manantia,
1128 4207 1202 4267 tam
1216 4205 1368 4267 solerter
1383 4206 1575 4286 descripta,
1592 4205 1768 4287 signitica-

435 4313 543 4375 tionis
581 4313 785 4392 important,
810 4313 878 4374 nisi
903 4313 987 4392 quia
1011 4312 1057 4375 de
1080 4312 1198 4374 anime
1221 4312 1402 4393 paradiso,
1440 4313 1501 4392 qui
1524 4315 1580 4375 est
1610 4314 1768 4376 intellec·

544 4697 565 4764 ¹)
585 4700 692 4754 Gener.
711 4699 747 4762 11,
768 4700 857 4753 10-14.

543 4787 564 4856 'l
584 4789 613 4843 S.
633 4789 733 4842 Am
752 4790 798 4843 De
817 4791 978 4843 Parudtso.
1001 4789 1036 4842 In
1057 4790 1148 4859 Oper.
1167 4789 1189 4855 1,
1207 4790 1270 4844 29³.

544 4876 565 4943 ⁸)
586 4879 702 4943 Genus,
720 4878 771 4942 111,
791 4880 818 4931 1.

541 4965 563 5033 ⁴)
582 4969 674 5020 PETR.
692 4967 832 5020 DAMAN.
864 4969 963 5035 Epist.
983 4969 1026 5020 ad
1044 4967 1075 5021 S.
1093 4969 1132 5026 R.
1150 4969 1188 5021 Ε.
1209 4968 1390 5029 cardinales,
1408 4968 1649 5021 Hildebrundum
1667 4969 1766 5021 archi·

433 5059 511 5111 dlac.
530 5060 560 5110 et
578 5056 764 5124 Stephanum
780 5057 883 5124 presb.
908 5057 1018 5124 Migne.
1039 5057 1165 5122 CXLIV,
1183 5058 1241 5111 col.
1259 5057 1326 5119 2⁶5;
1345 5057 1388 5108 ud
1403 5057 1443 5108 D.
1463 5054 1671 5110 Alexandrum
1689 5058 1765 5125 Pup.

437 5145 548 5199 Contra
570 5145 701 5199 Clericus
718 5146 792 5214 Reg.
807 5149 1038 5212 proprietarios.
1056 5147 1093 5199 In
1113 5146 1204 5214 Oper.
1222 5147 1273 5211 111,
1290 5146 1353 5199 481.
