4300 6117
471 844 537 909 344
971 856 1130 910 LUCULA
1153 854 1293 909 NOCTIS

465 1079 564 1158 quod
586 1078 692 1144 facile
715 1081 793 1141 tore
817 1081 962 1141 tandem
986 1082 1155 1160 expertus
1179 1081 1214 1141 et
1241 1080 1386 1160 scripsit
1409 1082 1445 1141 et
1460 1080 1591 1141 multos
1612 1080 1799 1158 utriusque

464 1204 569 1248 sexus
604 1187 653 1248 ad
680 1187 730 1248 sic
765 1188 958 1249 uniendum
992 1187 1143 1248 induxit.
1183 1185 1262 1248 Non
1290 1188 1396 1268 igitur
1417 1186 1597 1265 Xpistiaui
1622 1186 1799 1265 redempti

465 1311 592 1355 cruore
625 1296 662 1355 et
693 1294 804 1374 ipsius
838 1295 971 1357 sanctis
1005 1295 1243 1356 sacramentis
1267 1294 1404 1374 signati,
1445 1295 1658 1356 catervatim
1680 1311 1798 1355 mares

465 1401 500 1460 et
533 1401 672 1473 femine,
708 1403 792 1480 post
814 1400 961 1481 Agnum‚
994 1402 1171 1481 virginum
1204 1419 1383 1481 sponsum,
1419 1402 1534 1463 secuti
1566 1404 1649 1462 sunt
1684 1418 1798 1478 usque

464 1507 512 1569 ad
536 1511 697 1579 mortem,
734 1509 880 1571 calcatis
915 1509 1051 1571 cunctis
1089 1510 1288 1571 terroribus
1327 1511 1363 1571 et
1400 1509 1664 1580 blandimentis,
1704 1508 1797 1586 ipsa·

464 1634 534 1695 que
568 1618 698 1677 natura
731 1616 840 1677 avida
866 1616 949 1688 vite,
986 1617 1048 1695 qui
1083 1618 1134 1677 ita
1167 1616 1352 1695 hucusque
1385 1618 1619 1696 perseverant
1649 1617 1690 1676 ut
1720 1613 1797 1676 tere

463 1724 510 1785 sit
543 1723 695 1802 quodvis
727 1724 959 1785 memorabile
994 1726 1153 1785 castrum
1190 1724 1227 1785 in
1262 1742 1333 1803 quo
1364 1742 1437 1784 non
1471 1723 1589 1803 vigeat
1621 1722 1797 1802 virginum

462 1832 519 1892 vel
543 1831 746 1892 castitatem
770 1831 995 1891 servancium
1019 1830 1193 1910 regularis
1218 1834 1423 1902 conventus,
1461 1833 1653 1909 essentque
1675 1830 1795 1909 plures

463 1937 680 1999 monasterio
702 1936 788 1998 mihi
811 1938 953 2016 cognati
975 1955 1039 1999 seu
1055 1938 1211 2010 sodales,
1235 1940 1298 1999 aut
1313 1939 1427 1999 eciam
1444 1937 1603 1999 nonnulli
1619 1936 1795 1998 fetoribus

463 2045 582 2106 carnis
606 2044 729 2114 dediti,
754 2063 777 2105 a
800 2047 926 2106 sancto
949 2045 1135 2124 proposito
1170 2044 1458 2107 adolescentulos
1483 2046 1668 2123 utriusque
1691 2060 1794 2105 sexus

462 2154 636 2213 arcerent.
662 2149 871 2235 Quinnymo,
890 2153 920 2233 si
937 2152 1115 2214 credimus
1139 2151 1387 2222 Hostiensi,
1411 2152 1529 2213 nullus
1550 2153 1625 2212 tere
1641 2149 1795 2230 Xpistia·

461 2276 587 2320 norum
611 2258 659 2320 ad
683 2277 795 2320 annos
818 2259 1020 2338 pubertatis
1044 2259 1196 2331 accedit,
1233 2277 1338 2342 quem
1359 2259 1464 2321 huius
1499 2257 1676 2338 propositi
1703 2256 1794 2318 desi·

462 2365 601 2427 derium
625 2384 696 2427 non
719 2366 879 2445 impellat
891 2363 910 2427 ¹.
934 2364 1194 2427 Verumtamen
1217 2386 1288 2427 non
1307 2366 1431 2446 ignoro
1443 2364 1662 2445 Xpisticolas
1677 2363 1793 2433 hodie,

461 2473 538 2535 solo
562 2473 702 2535 nomine
725 2473 777 2534 sic
801 2473 1008 2545 censendos,
1035 2462 1049 2556 {l
1077 2473 1158 2551 plus
1187 2474 1351 2535 omuibus
1374 2473 1564 2553 gentilibus
1587 2470 1794 2532 libidinibus

451 2570 643 2649 inservire,
679 2579 746 2641 hoc
770 2581 843 2641 suis
868 2580 1089 2660 exigentibus
1113 2580 1226 2650 malis,
1255 2580 1316 2659 qui
1339 2598 1403 2642 vas
1427 2578 1601 2641 habentes
1625 2579 1793 2639 reforma·

343 2686 370 2717 ¹⁰
461 2690 545 2759 tum,
569 2706 687 2769 ymmo
712 2690 959 2751 consecratum
982 2706 1003 2748 a
1027 2686 1113 2759 Deo,
1144 2688 1205 2749 ubi
1229 2688 1342 2749 eciam
1371 2706 1443 2749 non
1465 2686 1625 2748 inclinati
1648 2676 1662 2768 ll
1688 2703 1711 2746 a
1733 2702 1794 2745 na·

460 2796 550 2866 tura,
577 2798 610 2855 'a
633 2794 785 2857 demone
807 2812 879 2855 non
903 2796 1077 2874 temptati,
1113 2794 1293 2873 pudicicie
1317 2795 1601 2874 quibuscumque
1624 2792 1793 2872 proiectis

460 2900 618 2973 habenis,
643 2920 683 2963 se
707 2904 743 2962 et
766 2900 857 2963 alios
883 2901 1052 2981 instigant
1077 2902 1126 2963 ad
1149 2903 1381 2981 peccandum,
1407 2920 1451 2963 eo
1474 2902 1566 2962 liunt
1581 2900 1720 2961 scilicet
1735 2898 1795 2959 de·

459 3010 619 3080 teriores,
657 3012 791 3087 quanto
822 3006 966 3071 fuerant
1000 3010 1200 3071 sanctiores
1235 3009 1349 3071 electi.
1395 3006 1538 3069 Nullum
1574 3009 1629 3069 est
1652 3008 1795 3067 acetum

459 3116 614 3189 acucius,
656 3134 763 3195 quam
795 3116 833 3177 id
868 3116 965 3195 quod
998 3117 1065 3177 tuit
1097 3117 1219 3177 vinum
1255 3116 1461 3195 potencius!
1500 3114 1559 3175 Nil
1592 3114 1687 3175 inter
1717 3131 1795 3174 cor·

459 3226 566 3303 rupta
601 3225 656 3284 est
678 3223 988 3294 abhominabilius,
1029 3242 1138 3303 quarn
1170 3223 1260 3284 illud
1284 3223 1381 3302 quod
1410 3225 1517 3284 antea
1540 3222 1659 3283 tuerat
1681 3219 1795 3298 preci·

459 3332 565 3392 osius.
590 3327 672 3403 Sed,
695 3333 735 3391 ut
750 3330 905 3391 adiciam
922 3331 1095 3409 quiddam
1112 3331 1337 3411 reputatione
1352 3349 1424 3392 non
1440 3341 1613 3409 magnum,
1631 3327 1697 3389 sed
1711 3326 1794 3389 soli·

459 3438 544 3499 dum
568 3439 729 3510 veritate,
767 3438 954 3499 cuiusdam
976 3437 1044 3498 viri
1069 3438 1192 3500 devoti
1216 3438 1267 3500 rei
1291 3438 1429 3518 experti
1451 3436 1552 3498 fideli
1575 3436 1692 3498 relatu
1716 3445 1796 3512 cog·

458 3546 541 3605 novi
565 3545 741 3607 barbaros
758 3542 915 3606 Orientis
940 3546 1130 3606 elaborare
1153 3564 1220 3624 pro
1243 3546 1379 3607 viribus
1403 3546 1443 3606 ut
1465 3544 1577 3605 micas
1601 3543 1648 3604 de
1662 3542 1795 3603 mensis

457 3651 727 3731 Xpistianorum
742 3652 832 3713 teria
854 3653 980 3731 quinta
1001 3653 1037 3712 in
1056 3651 1153 3715 Cena
1169 3652 1312 3713 Domini
1327 3651 1539 3732 superstites
1555 3649 1692 3720 tollant,
1717 3648 1796 3710 sine

459 3777 611 3839 quorum
634 3759 787 3820 mixtura
810 3760 905 3821 iacta
930 3760 1066 3821 semina
1090 3760 1294 3821 bombicina
1330 3760 1550 3821 fertilitatem
1575 3776 1646 3819 non
1670 3773 1795 3817 conse·

460 3868 590 3927 cuntur
615 3867 787 3944 optatam.
825 3866 1021 3929 Maximum
1058 3868 1181 3945 utique
1205 3867 1252 3928 ad
1277 3866 1497 3928 credendum
1532 3882 1637 3927 sacra
1659 3864 1795 3943 Pagina

459 3973 571 4035 tradit
595 3974 692 4034 circa
715 3992 844 4053 corpus
867 3973 986 4054 Xpisti
1018 3974 1054 4034 iu
1079 3973 1175 4036 Cena
1196 3973 1338 4035 Domini
1373 3974 1537 4053 primitus
1561 3972 1793 4034 celebratum.

461 4079 533 4142 Sed
557 4081 665 4142 certis
689 4081 861 4143 mirandis
886 4081 1027 4143 indiciis
1052 4082 1166 4142 eciam
1190 4081 1289 4161 apud
1312 4084 1452 4142 exteros
1476 4080 1617 4159 probat.

391 4171 442 4236 1⁰·
566 4186 623 4249 Nil
648 4188 795 4267 insuper
817 4188 867 4267 ad
896 4186 1006 4249 tidem
1030 4188 1089 4249 vel
1122 4189 1322 4249 animarum
1357 4188 1508 4249 salutem
1531 4187 1583 4247 illi
1607 4185 1795 4248 conterunt

459 4295 542 4356 libri
565 4295 757 4375 gentilium,
794 4313 875 4356 cum
899 4314 969 4357 uon
992 4298 1100 4357 urant
1133 4296 1290 4375 legentes
1311 4296 1391 4375 igne
1414 4294 1545 4357 luroris
1570 4294 1691 4366 divini,
1728 4294 1794 4355 sed

458 4403 583 4481 pocius
600 4403 778 4465 torrentes
793 4403 1008 4483 extinguant.
1023 4439 1062 4445 —
1075 4400 1247 4483 Supplico
1261 4405 1302 4464 ut
1317 4402 1541 4482 experiencie
1557 4402 1663 4463 cedat
1679 4402 1792 4463 omnis

458 4510 644 4572 contencio
680 4511 716 4569 et
738 4510 872 4572 veritas
896 4511 1026 4572 victrix
1060 4510 1263 4589 triumphet.
1303 4508 1549 4572 Memorentur
1582 4510 1721 4589 priores
1757 4510 1794 4570 et

457 4619 625 4697 parentes
648 4616 890 4695 inspiciamus.
916 4615 953 4678 Si
977 4617 1139 4696 reperire
1154 4617 1338 4679 valeamus
1353 4616 1472 4697 Xpisti
1491 4619 1689 4678 amatorem
1704 4616 1792 4677 tide·

458 4849 670 4859 ..n-n..-

565 5028 585 5095 ¹)
605 5030 634 5083 S.
654 5032 747 5083 PETR.
766 5030 907 5099 Damnst.
925 5032 971 5083 De
989 5028 1182 5095 Persecttone
1200 5032 1336 5083 monach.
1356 5046 1424 5098 cap.
1445 5041 1508 5084 xxl
1523 5082 1527 5089 ,
1543 5032 1726 5085 Exhortatio
1743 5033 1791 5084 In·

456 5135 574 5172 venum.
602 5120 638 5173 In
659 5120 750 5187 Oper.
769 5122 789 5173 t.
809 5120 845 5182 II,
863 5120 925 5185 319,
943 5120 1005 5173 ³20.
