4300 6117
860 988 1047 1043 IOHANNIS
1069 988 1250 1042 DOMINICI
1658 976 1721 1041 135

471 1211 592 1275 Actio
607 1215 775 1292 preterea
790 1212 952 1275 habitum
972 1211 1165 1292 imperanti
1181 1212 1403 1275 concordans
1419 1211 1537 1274 locum
1554 1215 1720 1292 quartum

383 1319 586 1408 complebit.
610 1318 790 1399 Equidem
812 1318 905 1382 falso
928 1319 1016 1381 dicit
1039 1319 1164 1392 iustus,
1189 1319 1251 1398 qui
1273 1319 1389 1380 sciens
1414 1321 1450 1381 et
1463 1319 1587 1381 valens
1604 1319 1721 1381 renuit

382 1426 561 1488 iusticiam
584 1444 751 1488 exercere
776 1443 857 1488 cum
880 1425 1045 1488 debeat·

471 1531 602 1595 Ultimo
637 1533 781 1613 expedit
817 1532 1094 1595 secundum
1121 1534 1282 1595 totum
1313 1533 1394 1595 vel
1426 1533 1721 1614 porcionem

383 1640 582 1702 maiorem
615 1640 882 1701 denominatum
917 1639 1222 1701 denominacionis
1262 1658 1341 1702 esse
1372 1640 1595 1720 participem.
1632 1637 1719 1725 Quis

384 1746 476 1807 euim
487 1747 617 1808 dixerit
632 1743 818 1809 Socratem
828 1744 1064 1827 Xpistianum,
1080 1747 1250 1826 quoniam
1265 1749 1482 1827 paupertate
1495 1747 1543 1809 sit
1553 1745 1719 1827 Xpistum

381 1857 563 1932 sequutus,
588 1857 650 1916 aut
667 1853 861 1926 Platonem,
887 1854 973 1933 quia
988 1853 1195 1933 virginitate
1211 1855 1420 1927 servaverit,
1445 1872 1510 1915 seu
1525 1852 1717 1924 Herodem,

383 1961 467 2039 quia
491 1961 696 2040 concupivit
718 1959 885 2039 Xpistum
908 1959 1062 2021 videre?
1601 1975 1606 1982 ·

470 2065 550 2129 Erit
572 2067 679 2147 igitur
701 2085 807 2128 verus
824 2065 1044 2146 Xpistianus,
1061 2067 1123 2146 qui
1146 2065 1257 2128 iidem
1274 2067 1432 2147 suscepit
1456 2069 1491 2130 et
1513 2068 1718 2147 baptizatus
1734 2061 1764 2125 3.

382 2175 446 2245 est,
472 2192 542 2253 quo
565 2174 614 2235 ad
636 2175 811 2254 primum
851 2175 912 2254 qui
934 2193 1001 2255 per
1024 2174 1213 2236 caritatem
1235 2174 1376 2236 inheret
1397 2173 1536 2255 Xpisto,
1576 2193 1647 2254 quo
1670 2175 1719 2236 ad

381 2281 597 2354 seeundum,
623 2282 684 2360 qui
708 2283 923 2343 exercitatus
948 2283 1011 2352 est,
1037 2283 1212 2360 quantum
1235 2281 1421 2342 commode
1444 2283 1572 2361 potest,
1597 2282 1633 2342 in
1649 2283 1719 2343 ius·

382 2385 645 2449 tiiicacionibus
668 2387 820 2460 Domini,
845 2389 937 2449 sicut
961 2390 1107 2449 notatur
1130 2387 1166 2448 in
1190 2388 1323 2461 tercio;
1357 2389 1418 2467 qui
1453 2389 1501 2449 ab
1525 2389 1636 2468 ipsius
1659 2389 1720 2449 via

382 2513 453 2555 non
484 2494 631 2568 recedit,
664 2497 700 2557 et
728 2497 780 2556 sic
805 2496 973 2574 quartum
995 2493 1185 2568 habemus;
1221 2499 1257 2556 et
1282 2495 1343 2574 qui
1367 2513 1478 2576 opera
1501 2493 1620 2575 Xpisti
1643 2496 1719 2565 sive

382 2602 493 2681 ipsius
518 2601 681 2680 exempla
698 2602 733 2662 in
749 2604 863 2664 totum
878 2602 937 2663 vel
952 2602 988 2663 in
1004 2604 1155 2681 partem,
1172 2620 1243 2663 non
1259 2602 1374 2664 solum
1389 2605 1507 2664 mente
1524 2602 1590 2664 sed
1605 2603 1720 2664 eciam

381 2709 531 2780 actibus,
552 2727 617 2788 pro
633 2709 769 2771 viribus
793 2709 962 2771 imitatur.
988 2706 1026 2769 Si
1050 2709 1130 2788 quis
1147 2726 1235 2770 vero
1259 2709 1454 2771 secundum
1475 2728 1615 2771 omnem
1637 2727 1719 2789 par·

382 2818 463 2888 tem,
488 2817 661 2894 quantum
684 2815 904 2895 possibilitas
927 2815 1086 2878 admittit
1117 2815 1282 2888 humana,
1307 2814 1450 2878 Domini
1473 2815 1578 2877 Ihesu
1601 2814 1720 2895 Xpisti

382 2923 493 2984 vitam
522 2922 743 2985 emulacione
773 2923 936 3002 sequitur
968 2925 1140 2993 sanctam,
1164 2923 1259 2984 inter
1294 2921 1474 3003 perfectos
1512 2925 1721 2985 numeratur

381 3027 652 3109 Xpistianos.—
663 3025 788 3091 Talem
804 3029 978 3092 describit
994 3029 1099 3091 divus
1115 3028 1343 3110 Augustinus,
1367 3029 1429 3091 De
1451 3028 1566 3092 Vita
1588 3029 1720 3110 Xpis·

382 3137 451 3197 tia
462 3154 537 3208 na,
563 3140 599 3198 et
622 3137 735 3199 dicit:
763 3155 777 3188 s
799 3135 863 3197 Ille
878 3125 893 3218 ΙΙ
918 3154 1004 3197 vere
1019 3135 1231 3215 Xpistianus
1248 3138 1311 3207 est,
1330 3137 1391 3216 qui
1404 3138 1567 3198 omnibus
1583 3138 1719 3198 miseri·

383 3243 542 3306 cordiam
580 3242 676 3314 iacit,
702 3245 763 3323 qui
801 3244 899 3305 nulla
931 3238 1096 3305 omninob
1125 3247 1289 3305 movetur
1315 3244 1454 3314 iniuria,
1480 3245 1541 3323 qui
1564 3245 1719 3306 alienum

383 3351 542 3413 dolorem
565 3354 737 3430 tanquam
760 3351 944 3430 proprium
968 3351 1085 3418 sentit,
1111 3351 1210 3412 cuius
1234 3368 1394 3412 mensam
1424 3350 1540 3412 nullus
1579 3371 1719 3431 pauper

383 3458 530 3538 ignorat,
556 3459 617 3537 qui
641 3475 762 3519 coram
786 3458 948 3519 omnibus
972 3457 1142 3537 inglorius
1166 3456 1329 3530 habetur,
1354 3461 1393 3518 ui
1417 3476 1539 3519 coram
1571 3457 1647 3520 Deo
1683 3463 1719 3522 et

382 3563 526 3645 Angelis
548 3565 728 3645 glorietur,
754 3565 814 3644 qui
838 3568 982 3625 terrena
1007 3565 1236 3643 contempnit,
1260 3567 1300 3625 ut
1316 3564 1430 3643 possit
1450 3564 1594 3626 trahere
1610 3566 1719 3627 celes·

382 3672 443 3744 tia,
470 3672 531 3751 qui
555 3672 683 3751 oprimi
706 3689 911 3751 pauperem,
942 3689 982 3732 se
1006 3674 1183 3750 presente.
1221 3689 1291 3732 non
1326 3671 1471 3750 patitur,
1497 3673 1558 3751 qui
1580 3673 1720 3734 miseris

382 3779 557 3848 subvenit,
605 3778 667 3857 qui
710 3777 758 3839 ad
798 3777 924 3841 iletum
958 3775 1104 3838 fletibus
1139 3779 1358 3857 provocatur
1391 3777 1517 3840 alienis
1536 3777 1584 3841 »¹.
1615 3778 1720 3865 Quod

487 4184 521 4245 u)
540 4199 575 4228 Ξ
593 4197 663 4234 cum
682 4181 784 4235 debet.
821 4182 852 4246 b)
877 4208 907 4216 -
928 4181 1061 4234 omuino.

382 4351 593 4403 citharedus».
614 4349 659 4403 cf.
680 4351 997 4417 epistolarum-11².
1016 4366 1046 4417 p.
1065 4349 1127 4403 219.
1152 4349 1178 4401 Il
1196 4350 1337 4416 emploie,
1362 4365 1403 4404 en
1423 4350 1507 4414 eiiet,
1525 4366 1612 4404 assez
1639 4367 1720 4405 com-

381 4439 560 4492 munement
579 4441 737 4492 citharedu
755 4454 834 4506 pour
852 4440 1036 4493 citharedus.
1054 4439 1117 4491 Par
1135 4440 1303 4506 exemple:
1326 4459 1339 4483 ι
1353 4440 1546 4494 Gramaticua
1570 4457 1633 4494 non
1660 4442 1720 4494 erit

381 4543 483 4596 neque
502 4529 667 4594 cytharedu
685 4529 737 4581 vel
755 4529 928 4592 musicus»,
947 4543 1014 4595 cap.
1028 4537 1082 4590 XV,
1101 4527 1136 4580 B.
1151 4527 1236 4590 28v⁰;
1254 4530 1286 4582 et
1304 4543 1438 4583 encore:
1459 4549 1472 4573 ¹
1486 4529 1520 4582 Si
1528 4531 1720 4598 negligenter

381 4615 505 4670 Domini
524 4617 681 4670 cithareda
700 4618 908 4684 speculationi
926 4618 1086 4671 celestium
1104 4631 1207 4670 rerum
1225 4617 1339 4672 aiiixus
1352 4619 1500 4686 populum
1518 4634 1537 4671 a
1555 4619 1622 4673 Deo
1639 4635 1720 4673 com·

381 4707 509 4759 missum
527 4706 645 4768 dilexit,
664 4721 730 4772 cap.
745 4715 831 4770 xvm,
846 4706 881 4760 B.
895 4707 971 4760 35v0,
992 4705 1034 4759 Ce
1048 4706 1128 4760 n'est
1146 4707 1233 4773 point
1243 4709 1389 4773 pourtant
1399 4722 1458 4775 par
1470 4709 1644 4777 ignorance,
1657 4724 1719 4772 car,

382 4796 471 4848 celon
489 4795 530 4847 ht.
550 4795 670 4858 Novati,
690 4797 743 4848 loc.
769 4799 817 4850 ott.
835 4812 866 4848 n.
885 4796 911 4858 2,
936 4811 978 4848 on
1008 4797 1119 4848 trouve
1146 4811 1208 4849 une
1236 4795 1297 4850 iois
1329 4798 1519 4850 citharedus:
1541 4797 1719 4850 ‹Dominici

382 4885 583 4938 citharedus»
604 4899 671 4951 cup.
679 4894 742 4948 vm,
761 4884 796 4948 B,
815 4885 890 4938 13vo,
909 4883 1091 4951 Cependant
1109 4883 1149 4936 u
1167 4884 1279 4938 Novati
1292 4887 1393 4939 aurait
1404 4886 1447 4939 du
1463 4901 1645 4954 remarquer
1657 4902 1718 4954 que

382 4973 456 5028 c'est
473 4973 504 5026 ia
523 4989 585 5027 une
603 4974 777 5027 correction
795 4974 838 5027 du
856 4974 974 5040 copiste
992 4973 1032 5026 de
1051 4972 1096 5035 E..
1115 4973 1168 5040 qni
1185 4987 1226 5027 ne
1245 4989 1279 5026 se
1297 4977 1443 5029 retrouve
1461 4990 1517 5042 pas
1536 4975 1614 5028 dans
1632 4974 1666 5028 L.

491 5060 513 5127 ¹)
531 5061 562 5116 S.
579 5063 661 5117 Aue.
690 5063 738 5116 De
762 5063 828 5116 Vita
846 5064 961 5125 christ,
981 5071 1045 5114 x1v.
1070 5061 1115 5114 Le
1133 5063 1218 5115 texte
1237 5065 1285 5116 est
1303 5065 1602 5118 considerablement
1620 5064 1718 5118 alteri

382 5166 501 5205 comme
526 5166 568 5205 on
593 5167 708 5218 pourra
733 5167 773 5205 en
797 5152 899 5220 juger:
928 5151 1141 5204 «Christianus
1160 5152 1216 5216 est,
1241 5153 1294 5220 qui
1313 5154 1455 5206 omnibus
1476 5153 1719 5206 misericordiam

381 5239 463 5305 iacit,
488 5241 541 5308 qui
559 5241 684 5294 omnino
703 5255 767 5294 non
784 5242 926 5294 movetur
944 5240 1065 5308 injuria,
1091 5241 1145 5307 qui
1163 5241 1296 5308 opprimi
1313 5256 1484 5310 pauperem
1502 5258 1536 5295 ae
1553 5244 1720 5310 praesente
