4300 6117
880 855 1011 918 236
1888 864 2206 918 Lucum
2249 863 2529 918 Noc’ns

873 1089 1142 1168 pulsus,
1192 1089 1265 1149 in
1313 1092 1419 1150 tot
1465 1089 1787 1168 epistolis
1835 1089 2001 1159 suiS,
2052 1089 2282 1149 eciam
2327 1087 2424 1149 ad
2469 1086 2799 1150 infideles
2847 1088 3162 1159 directis,
3227 1091 3341 1150 ter
3390 1091 3543 1150 tan·

874 1198 1023 1255 tum
1049 1214 1218 1257 usus
1252 1199 1391 1257 est:
1423 1214 1608 1267 nam,
1643 1194 1857 1256 illud:
1913 1212 1942 1246 <
1965 1193 2208 1257 Odero
2240 1196 2300 1256 si
2332 1198 2604 1274 potero,
2642 1196 2774 1257 etc.
2799 1218 2852 1268 »,
2887 1196 3092 1257 salva
3124 1196 3545 1257 reverencia

874 1302 1234 1382 glosantis,
1284 1302 1358 1363 in
1404 1302 1689 1381 scriptis
1723 1301 1927 1362 Pauli
1974 1302 2223 1380 nequit
2268 1302 2571 1381 reperiri
2593 1300 2634 1363 ¹.
2683 1301 2886 1364 Nunc
2919 1306 3160 1365 autem
3210 1322 3351 1365 non
3401 1302 3542 1382 agi-

874 1412 1007 1480 tur,
1086 1427 1318 1487 neque
1364 1408 1753 1487 aliquando
1803 1410 1930 1489 egi,
2007 1408 2354 1470 adversus
2402 1409 2701 1488 aliquos,
2776 1409 2897 1488 qui
2944 1412 3112 1471 ante
3181 1410 3546 1489 baptisma

874 1516 1167 1577 scierint
1209 1516 1487 1577 litteras
1537 1516 1715 1586 illas,
1765 1518 1890 1576 aut
1940 1516 2062 1594 qui
2107 1516 2499 1594 aliquando
2545 1514 2750 1587 forte,
2800 1515 2878 1577 id
2924 1517 3333 1595 requirente
3370 1516 3546 1577 tedii

874 1624 1039 1702 fuga
1085 1624 1211 1683 aut
1256 1623 1576 1693 materia,
1649 1622 1926 1701 aliquid
1971 1622 2141 1702 legit
2189 1622 2281 1683 de
2349 1623 2727 1701 gentilibus
2798 1626 2925 1684 aut
2970 1624 3118 1684 suis
3182 1622 3548 1684 interserit

874 1730 1105 1801 dictis,
1185 1730 1316 1791 sed
1396 1732 1645 1790 contra
1720 1729 1876 1799 hos,
1955 1747 2135 1792 voce
2209 1727 2645 1809 XpistianoS,
2727 1749 2899 1810 sepe
2976 1730 3279 1791 clamavi
3350 1733 3422 1792 et
3497 1747 3546 1789 a

877 1836 1188 1898 clamore
1235 1855 1378 1897 non
1423 1855 1714 1916 possum
1763 1854 2067 1908 cessare,
2134 1836 2274 1914 qui,
2326 1834 2701 1916 Scriptura
2747 1839 2998 1898 sancta
3044 1837 3385 1917 neglecta,
3436 1854 3546 1897 re-

873 1944 1062 2004 lictis
1123 1944 1540 2004 doctoribus
1602 1943 1889 2012 sanctis,
1963 1962 2040 2003 se
2088 1943 2428 2004 dedicant
2497 1944 2779 2022 penitus
2828 1944 3084 2005 studiis
3132 1944 3291 2015 illis,
3365 1946 3437 2004 et
3483 1942 3549 2003 si

875 2050 1429 2129 predicaverint,
1480 2068 1611 2129 per
1661 2049 2038 2129 tragediaS,
2090 2050 2472 2123 comediaS,
2524 2050 2849 2122 ethicam,
2898 2049 3266 2130 phisicam,
3317 2052 3545 2111 astro-

874 2157 1134 2236 logiam
1185 2160 1255 2217 et
1301 2156 1863 2236 metaphisicam,
1914 2174 2128 2217 aures
2177 2156 2629 2219 audiencium
2661 2156 3083 2229 demulcent,
3137 2158 3342 2236 quasi
3387 2158 3548 2236 ipsa

879 2263 1123 2324 divina
1174 2264 1459 2343 eloquia
1505 2282 1648 2324 non
1694 2262 2057 2324 sufficiant
2106 2263 2202 2324 ad
2248 2263 2571 2335 salutem,
2644 2267 2769 2325 aut
2814 2265 2952 2343 ipsi
3013 2263 3344 2325 infideles
3393 2266 3547 2324 fun·

878 2371 1119 2433 darint
1166 2370 1593 2431 catholicam
1638 2367 1878 2431 fidem.
1953 2368 2141 2431 Uror
2188 2371 2261 2431 in
2306 2370 2460 2442 hoc,
2512 2371 2707 2449 quod
2753 2371 3023 2432 nullum
3066 2372 3390 2451 precipio
3438 2389 3545 2431 re·

880 2478 1141 2539 cedere
1209 2478 1301 2538 ab
1372 2478 1870 2556 iniquitatibus
1942 2478 2112 2555 quia
2182 2495 2396 2538 canes
2443 2481 2567 2538 aut
2639 2477 2879 2539 effecti
2925 2481 3089 2539 sunt
3135 2478 3332 2547 muti,
3405 2495 3545 2538 non

879 2585 1199 2645 valentes
1248 2584 1539 2656 latrare,
1601 2587 1726 2645 aut
1771 2602 1947 2645 voce
1993 2582 2166 2645 facti
2214 2584 2480 2645 similes
2526 2585 2715 2664 lupis
2765 2588 2836 2646 et
2881 2585 3050 2645 vita.
3127 2583 3241 2645 Ab
3291 2585 3546 2645 ovibus

877 2689 1117 2770 Xpisti
1161 2691 1367 2770 lupos
1417 2709 1559 2752 non
1607 2693 1873 2762 arcent,
1924 2692 2055 2752 sed
2102 2703 2321 2771 agnos
2351 2690 2828 2771 prochdolor!
2875 2695 3165 2753 vertunt
3193 2693 3267 2751 in
3299 2691 3543 2769 lupos!

1094 2795 1430 2859 Scribens
1463 2800 1703 2858 autem
1749 2798 1853 2858 ad
1900 2797 2437 2870 ColocenseS,
2490 2799 2697 2860 dicit:
2753 2797 3070 2860 «Videte
3101 2818 3190 2859 ne
3223 2799 3382 2877 quis
3416 2815 3545 2858 vos

883 2900 1200 2983 decipiat
1254 2923 1386 2984 per
1453 2903 1999 2986 phylosophiam
2057 2908 2129 2966 et
2177 2906 2457 2966 inanem
2505 2904 2884 2978 fallaciam,
2963 2906 3355 2967 secundum
3402 2907 3545 2965 tra·

881 3011 1235 3073 dicionem
1284 3010 1663 3084 hominum,
1715 3011 2107 3072 secundum
2157 3012 2508 3073 elementa
2554 3012 2802 3073 mundi
2850 3015 2921 3073 et
2966 3031 3109 3073 non
3154 3013 3545 3073 secundum

879 3116 1246 3198 Xpistum:
1298 3118 1466 3197 quia
1509 3119 1581 3178 in
1624 3119 1782 3197 ipso
1830 3117 2107 3179 habitat
2156 3120 2382 3181 omnis
2431 3118 2800 3199 plenitudo
2851 3119 3246 3180 divinitatis
3296 3136 3544 3197 corpo·

881 3226 1130 3286 raliter
1156 3224 1239 3285 »²2
1275 3256 1359 3266 —
1405 3223 1500 3285 Et
1545 3223 1749 3296 infra,
1801 3226 2055 3286 eodem
2106 3226 2420 3305 capitulo
2468 3225 2592 3286 2⁰:
2661 3246 2690 3278 «
2719 3224 2794 3287 Si
2842 3239 3008 3306 ergo
3056 3227 3320 3288 mortui
3372 3226 3544 3286 estis

882 3351 1041 3393 cum
1086 3330 1343 3411 Xpisto
1393 3334 1483 3393 ab
1534 3332 1900 3392 elementis
1948 3332 2153 3394 huius
2215 3333 2498 3407 mundi;
2550 3333 2724 3412 quid
2772 3333 3008 3394 adhuc
3056 3336 3400 3412 tanquam
3443 3332 3547 3392 vi-

878 3442 1128 3501 ventes
1161 3438 1428 3500 mundo
1460 3437 1896 3500 decernitis?
1942 3438 2045 3499 Ne
2079 3439 2475 3519 tetigeritiS‚
2526 3458 2757 3518 neque
2786 3441 3261 3520 gustaveritis,
3315 3457 3547 3518 neque

882 3546 1539 3608 contractaveritis:
1612 3564 1751 3624 que
1800 3548 1963 3607 sunt
2010 3548 2249 3607 omnia
2295 3547 2454 3626 ipso
2501 3552 2681 3608 usu²
2722 3548 2793 3607 in
2839 3548 3224 3618 interitum,
3299 3565 3548 3608 secun·

883 3654 1051 3715 dum
1098 3655 1461 3733 precepta,
1536 3655 1609 3713 et
1656 3653 2058 3714 doctrinam
2103 3653 2497 3715 hominum:
2578 3673 2717 3733 que
2764 3657 2929 3716 sunt
2986 3656 3347 3715 racionem
3396 3654 3548 3733 qui·

881 3761 1045 3823 dem
1090 3761 1442 3822 habencia
1490 3760 1851 3839 sapiencie
1896 3760 1969 3820 in
2015 3761 2532 3840 supersticione
2581 3764 2653 3822 et
2700 3760 3116 3833 humilitate,
3167 3764 3238 3823 et
3278 3780 3419 3823 non
3452 3761 3549 3821 ad

880 3867 1322 3947 parcendum
1357 3867 1660 3947 corpori,
1717 3886 1857 3928 non
1888 3868 1962 3927 in
1993 3867 2264 3929 honore
2295 3868 2537 3947 aliquo
2568 3869 2666 3929 ad
2697 3870 3147 3930 saturitatem
3187 3869 3422 3929 carnis
3445 3890 3473 3922 2
3502 3866 3544 3929 ³.

878 3974 1018 4037 Hic
1065 3975 1313 4037 dicunt
1359 3974 1773 4054 glosatoreS,
1826 3975 1947 4052 qui
1995 3992 2234 4054 supra,
2285 3975 2847 4056 phylosophiam,
2898 3993 3113 4054 quam
3157 3975 3274 4036 hic
3320 3973 3548 4054 Apos-

881 4082 1068 4144 tolus
1116 4084 1535 4154 detestatur,
1593 4085 1955 4144 terrenam
2001 4083 2388 4144 scienciam
2433 4085 2866 4162 argumentis
2913 4086 2984 4144 et
3029 4082 3548 4144 subtilitatibus

884 4191 1232 4269 componi,
1301 4208 1439 4268 que
1506 4189 1796 4269 decipit,
1858 4189 2030 4251 dum
2076 4190 2582 4251 verisimilibus
2633 4191 2866 4251 causis
2916 4193 2987 4252 et
3034 4190 3550 4252 commenticiis

1098 4654 1158 4701 a}
1205 4665 1260 4689 --
1309 4645 1627 4713 Xpistiano
1666 4644 1821 4697 usui.

1106 4847 1138 4901 'J
1182 4845 1262 4893 Cf,
1314 4842 1498 4893 Glosa
1534 4857 1725 4908 super
1761 4842 2002 4893 Decret.
2050 4841 2221 4895 Grat.
2261 4841 2406 4908 Cap.
2446 4843 2728 4910 Legimus
2764 4841 2892 4905 vn,
2930 4841 3086 4895 Dist.
3121 4842 3417 4895 XXXVII.
3456 4842 3553 4896 Cf.

886 4949 950 4984 su
1006 4949 1086 4989 ra,
1143 4953 1182 4981 ,ῃ
1226 4934 1306 4981 53,

958 4949 998 4997 P
1110 4953 1150 5081 ξ
1182 5025 1234 5073 S.
1282 5025 1489 5084 PAUL„
1526 5023 1611 5072 ad
1648 5019 1894 5082 coloss„
1933 5019 2005 5085 11,
2042 5019 2156 5073 8-9.

1102 5115 1138 5173 Ἴ
1182 5113 1282 5166 lm„
1322 5113 1478 5174 ibid„
1516 5110 1700 5163 20-23.
