4300 6117
810 1025 998 1078 IOHANNIS
1020 1024 1203 1078 DOMINICI
1629 1016 1673 1078 43

336 1248 385 1309 ad
417 1249 653 1328 arguendum,
690 1249 738 1310 ad
774 1248 1056 1328 corripiendum,
1094 1248 1143 1310 ad
1177 1248 1412 1309 erudiendum
1448 1249 1485 1309 in
1520 1248 1671 1321 iusticia,

335 1357 376 1415 ut
410 1357 590 1434 perfectus
621 1355 668 1417 sit
691 1355 796 1417 homo
819 1354 885 1416 Dei
916 1354 965 1416 ad
992 1373 1097 1416 omne
1124 1374 1215 1434 opus
1244 1355 1377 1416 bonum
1406 1356 1633 1417 instructus»
1651 1354 1672 1417 ¹.

337 1459 425 1523 Sic²
462 1462 515 1523 ad
542 1458 802 1523 Timotheum
825 1461 958 1523 Paulus
982 1463 1107 1523 scribit
1129 1462 1198 1541 legi
1214 1480 1336 1523 omnes
1353 1462 1551 1541 scripturas
1569 1481 1674 1542 opor-

336 1571 398 1630 tet.
445 1567 498 1629 Ne
521 1572 641 1630 autem
676 1568 733 1631 hic
768 1570 904 1630 emulus
933 1570 1132 1630 subiectum
1164 1570 1322 1649 reperiat
1353 1569 1556 1640 cavillandi,
1590 1569 1673 1630 nolo

336 1676 430 1736 inter
453 1676 614 1737 debitum
645 1678 680 1737 et
702 1675 838 1737 licitum
865 1675 1063 1755 disputare,
1099 1694 1181 1736 nam
1206 1694 1297 1754 eque
1320 1676 1412 1737 bene
1436 1677 1599 1755 sequitur
1622 1676 1672 1735 in·

336 1785 483 1853 tentum,
517 1781 698 1844 scilicetb:
734 1781 960 1863 Xpistianum
992 1781 1148 1844 Litteras
1181 1801 1303 1844 sacras
1333 1782 1489 1854 studere,
1527 1783 1619 1844 sicut
1643 1783 1673 1843 si

336 1890 516 1969 obligatur
539 1890 598 1951 vel
621 1890 738 1951 debet.

443 1995 554 2057 Modo
578 2015 663 2075 pars
687 1997 846 2058 secunda
870 1996 1060 2058 deducitur
1083 1996 1291 2068 luculenter,
1316 1997 1387 2058 sic:
1425 1995 1537 2058 Sacra
1555 1994 1673 2075 Scrip·
1686 1994 1719 2056 4.

335 2106 419 2164 tura
454 2106 509 2165 est
540 2104 647 2184 plena
682 2104 803 2183 tropis,
829 2104 964 2183 liguris,
994 2104 1184 2174 coloribus,
1207 2104 1393 2183 figmentis,
1420 2103 1673 2183 disputacioni·

336 2212 413 2281 bus,
451 2212 729 2290 consequenciis,
764 2211 974 2290 sillogismis,
1011 2210 1331 2282 enthimematibus,
1368 2210 1539 2280 numeris,
1577 2228 1673 2270 men·

338 2318 440 2389 suris,
473 2317 790 2387 modulacionibus,
818 2318 975 2396 psalmis,
1008 2318 1148 2397 yonis,c
1182 2316 1339 2389 canticis,
1367 2317 1565 2387 ecentricis,
1592 2336 1673 2377 con·

338 2425 504 2486 centricis
539 2424 690 2496 circulis,
727 2424 843 2503 signis,
881 2424 1080 2504 syderibus,
1116 2424 1281 2502 planetis,
1319 2424 1440 2497 stellis,
1478 2426 1514 2485 et
1551 2442 1675 2484 eorum

337 2532 503 2603 motibus,
547 2531 688 2602 somnis,
722 2531 927 2601 visionibus,
964 2531 1170 2610 prudenciis
1199 2532 1235 2591 et
1261 2530 1445 2603 similibus,
1482 2549 1674 2609 rerumque

338 2638 476 2698 naturis
499 2637 635 2708 velatis,
671 2637 720 2698 ad
751 2637 1024 2717 intelligenciam
1057 2637 1289 2716 multiplicem
1324 2637 1508 2708 ordinatis,
1545 2640 1581 2698 et
1608 2637 1674 2699 hec

338 2763 408 2805 non
430 2745 546 2814 docet,
571 2744 636 2805 sed
660 2741 794 2805 doctad
818 2744 996 2823 supponit.
1020 2744 1132 2823 Igitur
1155 2744 1271 2805 nullus
1295 2744 1438 2823 ignarus
1462 2744 1539 2805 istis
1562 2744 1674 2805 scien·

338 2852 411 2923 ciis,
438 2869 508 2929 que
532 2851 577 2912 de
600 2851 670 2912 illis
693 2852 838 2912 inclusis
861 2851 1056 2930 disputant,
1090 2851 1138 2911 ad
1168 2852 1366 2930 perfectum
1396 2851 1530 2930 poterit
1553 2851 1672 2913 divine

339 2956 524 3038 Scripture
547 2959 730 3019 fructuose
753 2958 870 3019 scolas
893 2958 1028 3019 intrare
1043 2958 1063 3019 ‘·'.

446 3063 673 3126 Antecedens
698 3083 883 3126 commune
898 3066 1075 3143 prelibate
1092 3068 1146 3126 est
1162 3068 1284 3126 notum
1301 3066 1511 3143 cuicumque
1527 3066 1672 3127 semitas
1686 3059 1715 3120 5.

340 3171 413 3232 eius
430 3174 624 3250 utcumque
640 3172 796 3241 intranti,
815 3174 851 3253 et
864 3173 1124 3250 consequencia
1141 3175 1196 3233 est
1211 3172 1256 3234 de
1273 3190 1312 3233 se
1328 3175 1465 3251 patens.
1490 3172 1670 3245 Preterea,

338 3279 553 3339 venerabilis
578 3277 700 3359 Hugo
738 3277 974 3340 deSancto
1013 3277 1225 3340 Victore
1265 3278 1413 3340 Sacram
1452 3278 1674 3358 Scripturam

339 3384 535 3462 quemlibet
563 3385 709 3446 studere
732 3385 911 3447 volentem
940 3386 1093 3455 instruit,
1129 3385 1268 3447 dicens:
1308 3385 1416 3447 «Noli
1448 3389 1674 3447 contemnere

338 3492 493 3562 minima,
519 3492 602 3570 quia
625 3492 798 3570 paulatim
822 3491 954 3558 delicit.
980 3493 1042 3570 qui
1065 3492 1209 3552 minima
1235 3494 1464 3571 contempnit.
1497 3490 1535 3552 Si
1558 3494 1674 3572 primo

338 3598 571 3677 alphabetum
595 3598 733 3659 discere
758 3599 1040 3678 contempsisses,
1065 3617 1159 3660 nunc
1182 3600 1276 3660 inter
1298 3600 1511 3679 gramaticus
1536 3602 1673 3661 tantum

339 3722 467 3766 nomen
490 3723 563 3765 non
585 3704 747 3766 haberes.
796 3703 878 3767 Scio
902 3706 1087 3784 quosdam,
1116 3706 1178 3783 qui
1201 3707 1322 3766 statim
1345 3705 1590 3785 philosophari
1613 3725 1673 3767 vo·

339 3810 425 3881 lunt,
459 3830 611 3890 quorum
642 3812 797 3873 sciencia
827 3813 940 3874 forme
970 3812 1062 3873 asini
1099 3812 1310 3873 estsimilis.
1357 3811 1437 3873 Noli
1472 3812 1674 3874 huiusmodi

339 3918 471 3979 imitari
484 3916 505 3978 ³.

626 4030 757 4082 ‹Parvis
775 4030 910 4083 imbutus
929 4031 1096 4097 temptabis
1115 4030 1244 4098 grandia
1262 4031 1380 4083 tutus».

445 4174 494 4236 Et
528 4176 656 4236 iterum
690 4175 777 4237 dicit
808 4176 904 4237 idem
940 4177 1082 4238 doctor:
1120 4175 1215 4261 Quid
1239 4166 1252 4258 I*
1279 4178 1342 4246 est,
1380 4176 1477 4255 quod
1500 4196 1542 4237 ex
1574 4180 1675 4239 tanta

340 4284 447 4344 turba
471 4272 485 4365 {l
512 4282 738 4352 discencium,
763 4300 915 4361 quorum
939 4283 1041 4343 multi
1063 4284 1100 4343 et
1122 4282 1261 4361 ingenio
1277 4282 1422 4361 pollent,
1448 4286 1484 4344 et
1500 4284 1674 4345 exercicio

340 4479 553 4488 ·—-—.——.

446 4611 479 4671 a)
497 4624 533 4653 =
551 4607 636 4661 sicut.
674 4609 706 4672 b)
725 4625 759 4654 =
778 4609 904 4661 silicet.
942 4609 970 4666 c)
989 4608 1102 4677 ymnis.
1139 4610 1173 4673 d)
1193 4625 1227 4654 ε
1247 4610 1346 4661 docto.

449 4746 469 4814 ¹)
489 4748 518 4801 S.
537 4750 645 4811 PAUL,
662 4750 690 4801 11
708 4752 751 4802 ad
772 4749 905 4814 Timoth,
924 4760 964 4813 111,
984 4751 1027 4814 16,
1046 4751 1090 4804 17.

448 4833 468 4902 ²)
486 4837 531 4890 (ἰὶ.
555 4839 586 4890 la
611 4840 704 4890 lettre
732 4840 771 4891 de
797 4838 860 4892 Col.
881 4839 1011 4892 Salutati
1030 4839 1048 4891 ὲ
1066 4839 1115 4891 tra
1135 4839 1521 4903 G1ov.DASAlle1ATO,
1551 4840 1674 4905 Episto-

340 4924 428 4988 lorlo,
446 4925 494 4989 IV,
512 4927 555 4979 lib
578 4927 655 4991 XIV,
675 4931 762 4995 epist.
782 4928 888 4993 XXIII,
907 4943 936 4995 p.
956 4928 1023 4981 178:
1045 4944 1168 4980 ......
1187 4943 1292 4981 nonne
1310 4929 1398 4981 vides
1417 4929 1537 4980 divinas
1556 4928 1675 4980 lilteras

339 5016 500 5081 totumque
518 5030 606 5068 sacre
626 5016 784 5083 Scripture
802 5032 914 5084 corpus
934 5032 1062 5084 prorsus
1083 5018 1175 5079 aliud,
1195 5018 1324 5071 sirecte
1343 5018 1530 5079 consideres,
1553 5016 1675 5070 dicendi

341 5104 520 5158 charactere
537 5106 631 5158 nichil
649 5106 741 5159 esse?
755 5127 768 5153 2

449 5189 532 5257 ⁸)Cl.
550 5194 632 5248 HUG.
651 5210 669 5247 a
689 5194 718 5247 S.
737 5195 822 5247 V1cT.
840 5196 960 5249 Erudit.
980 5197 1096 5248 didaco.
1115 5196 1166 5259 VI,
1184 5206 1225 5248 111.
1244 5198 1291 5249 De
1310 5197 1447 5249 hlotoria.
1472 5196 1508 5247 ln
1529 5193 1620 5261 Oper.
1639 5194 1675 5257 11,

342 5282 401 5336 799.
439 5281 573 5336 Citation
590 5283 786 5350 incomplete.
