4300 6117
456 881 478 942 4
932 892 1091 945 LUCULA
1113 890 1252 945 NOCTIS

455 1118 603 1187 centem,
643 1117 679 1177 et
712 1116 897 1176 doctorem
932 1114 1176 1194 prelucentem
1207 1114 1304 1194 elegi.
1351 1110 1417 1187 Te,
1446 1116 1602 1195 inquam,
1630 1117 1786 1179 iudicem

456 1239 565 1292 sumo,
583 1222 668 1302 quia
695 1224 729 1284 et
750 1223 864 1309 corde
888 1223 925 1282 et
948 1222 1068 1282 verbis
1094 1223 1129 1282 et
1154 1240 1264 1299 opere
1287 1221 1386 1293 dicis,
1411 1223 1504 1284 sicut
1528 1222 1786 1285 eufonizatum¹

457 1329 581 1390 radix²
604 1330 654 1390 tui
678 1330 829 1390 nominis
853 1330 973 1389 sonat:
1016 1326 1251 1389 Necolaus
1292 1327 1370 1389 Hoc
1395 1330 1511 1391 nullus
1540 1330 1691 1392 iniustus
1718 1331 1788 1392 nisi

457 1436 548 1497 falso
572 1436 669 1498 valet
691 1436 806 1505 lateri,
836 1436 964 1497 ducem
989 1436 1155 1513 equidem
1180 1435 1339 1496 debitum
1369 1436 1562 1497 minantem
1591 1438 1639 1498 ad
1667 1438 1785 1499 linem.

456 1538 625 1604 Testatur
651 1544 749 1604 istud
773 1532 792 1624 ΙΙ
817 1534 1170 1603 anthonomasticusb
1198 1542 1313 1603 cultus
1339 1561 1405 1622 per
1431 1543 1526 1603 idem
1555 1562 1684 1605 nomen
1706 1562 1788 1605 cum

456 1650 611 1711 auferesi
633 1650 851 1730 prudencius
875 1650 1125 1727 apocopatum‚
1152 1667 1218 1709 ceu
1239 1648 1379 1710 lucidus
1404 1649 1531 1711 doctor
1552 1650 1656 1711 huius
1686 1652 1786 1712 dubii

455 1758 600 1837 abigesc
632 1756 799 1836 caligines
823 1757 945 1825 tetras,
986 1754 1053 1816 hoc
1080 1755 1282 1817 insinuante
1311 1755 1521 1816 diminutivo
1550 1758 1701 1819 nominis
1724 1776 1786 1818 an·

455 1863 578 1925 tedicti
612 1864 677 1924 tibi
712 1863 892 1925 humiliter
926 1864 1119 1932 reservato,
1153 1862 1215 1923 ubi
1247 1880 1318 1923 non
1351 1862 1427 1923 sine
1461 1864 1602 1925 eufonia
1631 1866 1787 1927 testante

452 1970 608 2032 sciencia
639 1990 661 2032 a
691 1969 843 2031 Domino
887 1968 951 2030 tibi
992 1969 1089 2037 data,
1128 1971 1203 2029 tam
1245 1969 1439 2030 universali
1474 1988 1581 2049 quam
1617 1972 1782 2043 facunda,

452 2078 586 2139 clamas
609 2078 759 2156 ubique:
800 2074 1026 2137 Colluceo.
1065 2073 1182 2136 Multa
1204 2076 1358 2154 quidem,
1398 2078 1434 2136 et
1455 2077 1492 2137 in
1526 2078 1645 2138 multis
1674 2079 1787 2139 multa

451 2184 587 2256 lucent,
628 2186 664 2245 et
685 2186 724 2245 tu
758 2202 843 2244 vere
866 2184 904 2243 in
926 2183 1090 2244 omnibus
1126 2182 1208 2243 illis.
1254 2180 1302 2243 Et
1326 2183 1493 2262 quoniam
1524 2184 1690 2245 dubitare
1715 2204 1787 2246 non

451 2309 605 2371 possum,
629 2292 716 2370 quin
740 2291 838 2370 apud
853 2289 946 2351 hanc
969 2288 1177 2351 Luculam
1199 2288 1355 2351 Noctis
1378 2290 1538 2369 legentes
1555 2292 1786 2369 proverbium

451 2398 637 2477 antiquum
671 2397 904 2459 renovabitur
925 2396 1029 2457 illud:
1068 2395 1192 2456 «Num
1217 2398 1254 2457 et
1276 2394 1362 2457 Saul
1385 2397 1480 2457 inter
1503 2396 1720 2478 prophetas?
1737 2398 1786 2470 »,²

451 2507 615 2585 superest
656 2504 740 2565 mihi
782 2506 880 2565 tuam
922 2503 1051 2565 seculis
1095 2503 1339 2564 venerandam
1392 2504 1628 2583 prudenciam
1674 2503 1786 2565 humi·

451 2612 533 2673 liter
556 2630 715 2682 exorare,
755 2613 888 2671 utnon
925 2610 1138 2689 dedignetur
1170 2610 1221 2671 tui
1242 2609 1445 2671 intellectus
1478 2612 1607 2672 nobilis
1631 2611 1787 2672 altitudo

450 2737 645 2798 parumper
666 2720 715 2779 ad
741 2718 943 2797 presentem
966 2714 1180 2777 Luculam
1203 2716 1348 2778 Noctis
1382 2717 1507 2779 micius
1529 2736 1573 2778 ac
1601 2718 1786 2797 benignius

451 2826 632 2886 inclinare.
672 2824 741 2910 Qui
766 2824 858 2886 enim
883 2825 1019 2885 creavit
1042 2824 1153 2884 solem
1176 2822 1262 2884 fecit
1285 2826 1321 2884 et
1343 2824 1458 2897 illam;
1500 2825 1578 2903 ipse
1602 2824 1696 2885 enim
1717 2824 1787 2886 hoc

450 2933 606 2993 insinuat
628 2951 695 3011 per
716 2930 876 3012 Ysayam
899 2931 1096 2991 dicentem:
1138 2928 1232 3009 «Ego
1256 2929 1428 2991 Dominus
1453 2933 1489 2991 et
1512 2949 1583 2992 non
1616 2933 1671 2992 est
1695 2932 1789 2992 alter

452 3041 610 3100 formans
627 3039 743 3101 lucem
759 3041 794 3099 et
810 3056 936 3099 creans
952 3037 1134 3107 tenebras,
1147 3037 1282 3098 iaciens
1298 3054 1423 3115 pacem
1440 3039 1476 3098 et
1493 3056 1619 3099 creans
1635 3038 1783 3099 malum:

452 3158 516 3225 ego
531 3146 703 3207 Dominus
718 3143 855 3206 iaciens
870 3144 987 3206 omnia
1009 3143 1096 3204 hec»
1111 3140 1131 3204 ³.
1167 3140 1214 3204 Et
1231 3162 1312 3205 cum
1336 3142 1562 3223 superficiem
1578 3145 1654 3206 eius
1670 3147 1787 3205 trans·

452 3254 607 3314 curreris
630 3250 714 3328 (non
739 3252 832 3313 enim
855 3250 964 3312 habet
987 3247 1229 3330 profundum),
1270 3250 1357 3329 quid
1386 3252 1432 3311 sit
1458 3252 1688 3313 senciendum
1724 3252 1787 3313 de·

444 3360 619 3430 ,termina3
654 3360 811 3439 dampna
834 3359 947 3419 totum
970 3357 1028 3418 vel
1049 3359 1209 3436 partem;
1250 3359 1435 3436 totumque
1457 3359 1514 3419 vel
1537 3360 1679 3437 partem
1702 3376 1786 3420 con·

451 3468 573 3540 lirma;
614 3478 733 3545 argue,
768 3466 924 3543 increpa,
962 3463 1107 3524 confuta
1131 3464 1338 3537 maledicta;
1376 3467 1411 3525 et
1435 3464 1606 3544 quicquid
1630 3466 1787 3526 senseris

451 3576 569 3635 tecum
591 3573 724 3634 sentire
749 3573 907 3633 conabor
939 3573 975 3632 et
998 3589 1222 3650 quecumque
1256 3564 1494 3650 opposuerisd
1517 3572 1575 3632 vel
1597 3572 1785 3643 deleveris,

451 3681 489 3741 id
511 3680 702 3741 verminis⁶
732 3678 835 3740 huius
863 3678 958 3757 parti
991 3675 1091 3738 finali
1126 3678 1242 3739 lucem
1266 3696 1287 3738 a
1311 3680 1346 3739 te
1369 3678 1431 3756 qui
1453 3678 1608 3739 colluces
1642 3679 1786 3757 apposi-

451 3790 526 3848 tum
550 3788 742 3865 reputabo;
784 3788 949 3863 tuncque,
984 3785 1022 3845 in
1044 3785 1161 3846 lucem
1184 3785 1361 3857 desinens,
1395 3786 1628 3847 noctiluca
1651 3786 1788 3864 poterit

451 3894 660 3973 nuncupari,
685 3893 792 3972 quod,
817 3892 945 3953 sinete
962 3909 1136 3963 exorsum,
1161 3910 1184 3951 a
1202 3892 1281 3952 luce
1306 3889 1472 3953 Lucula
1495 3893 1646 3954 noctis
1674 3909 1787 3972 supra

452 4000 568 4062 extitit
602 4000 822 4079 appellatum
831 3997 854 4059 ⁴.
901 3996 1032 4077 Sicque
1067 4018 1140 4059 non
1177 3999 1291 4060 solum
1320 4016 1363 4060 ex
1389 4001 1494 4078 parte
1525 4000 1683 4071 materie,
1714 4018 1787 4077 que

559 4445 591 4505 a)
616 4441 713 4504 radix,
738 4440 840 4507 ajonte
859 4454 899 4492 en
916 4447 1021 4506 margo
1043 4440 1074 4492 et
1093 4438 1186 4491 d'une
1205 4439 1293 4491 autre
1311 4438 1404 4490 main.
1443 4438 1486 4489 Le
1512 4438 1646 4503 premier
1665 4438 1786 4504 copiste

452 4532 536 4584 avait
554 4531 642 4584 ecrit:
662 4532 693 4583 et
711 4546 730 4583 a
747 4531 806 4583 die.
839 4531 870 4593 b)
887 4546 922 4575 z
941 4528 1176 4582 antbomaticus.
1209 4532 1238 4591 c)
1257 4544 1291 4573 Ξ
1310 4528 1447 4595 abigens.
1484 4528 1516 4591 d)
1535 4543 1569 4573 =
1588 4526 1782 4594 apposueris.

453 4623 481 4683 e)
494 4636 533 4672 au
546 4621 609 4672 lien
621 4619 660 4671 de
673 4623 824 4682 verminis,
838 4620 864 4671 Β
878 4634 896 4671 a
910 4634 952 4671 un
966 4619 1059 4670 blanc
1072 4617 1151 4669 dans
1164 4618 1267 4683 lequel
1280 4618 1311 4669 le
1325 4617 1501 4670 correctenr
1514 4632 1532 4668 a
1546 4616 1623 4669 e'crit
1634 4617 1739 4669 vernis
1747 4614 1786 4681 (t)

561 4796 582 4861 ¹)
599 4798 664 4850 Mol
682 4797 774 4849 d'une
791 4796 910 4849 latinite
928 4794 990 4848 tort
1013 4796 1195 4862 e'quivoque,
1214 4794 1301 4861 lorge
1318 4810 1376 4861 par
1394 4793 1552 4846 Dominici.

560 4884 581 4951 ²)
600 4888 622 4939 1.
640 4886 713 4954 Reg.
739 4887 831 4949 x,11.

561 4973 673 5040 ⁶)1sai.
700 4984 773 5037 m,
791 4974 847 5027 Μ.

559 5063 582 5130 ⁴)
600 5066 687 5117 Dans
706 5079 741 5116 sa
759 5064 894 5130 reponse
912 5063 945 5116 C.
966 5063 1097 5116 Salutatt
1115 5063 1280 5116 adressera
1298 5062 1316 5114 ὲ
1335 5061 1485 5115 Dominici
1503 5062 1559 5114 des
1586 5062 1690 5129 eloges
1718 5076 1783 5113 non

452 5156 552 5208 moins
571 5154 708 5207 sinceres
727 5155 758 5206 et
776 5168 836 5219 qne
853 5153 1001 5206 l'histoire
1020 5168 1038 5205 a
1056 5152 1246 5219 pleinement
1264 5151 1400 5204 ratiiies:
1430 5167 1443 5193 «
1455 5149 1528 5223 Quis
1547 5151 1628 5204 enim
1646 5165 1711 5203 non
1729 5150 1786 5203 mi-
