4300 6117
460 918 526 981 322
971 930 1130 984 LUCULA
1152 929 1292 985 NOCTIS

459 1152 579 1233 ligitur
614 1154 702 1215 illud
731 1154 936 1233 vulgaribus
971 1157 1095 1216 notum
1117 1164 1172 1216 ΧΠ
1207 1156 1463 1218 elementorum
1484 1154 1658 1221 Euclidis.
1695 1156 1794 1235 quod

461 1278 477 1311 <r
491 1260 547 1321 vir
570 1261 713 1339 sapiens
738 1260 980 1322 dominabitur
995 1262 1103 1323 astris
1117 1284 1131 1316 »
1145 1259 1166 1324 ¹.
1193 1261 1234 1323 In
1257 1262 1324 1323 hoc
1340 1262 1511 1341 precipue
1535 1266 1660 1324 errant
1674 1263 1793 1324 vanis·

460 1368 539 1429 simi
561 1370 673 1439 vates,
699 1368 759 1446 qui
782 1368 945 1430 nesciunt
970 1386 1052 1429 cum
1068 1368 1207 1449 Ioseph,
1223 1370 1260 1430 in
1275 1368 1415 1450 Egypto
1432 1369 1585 1448 captivo,
1602 1371 1759 1431 futuram
1775 1359 1790 1451 Ι

458 1475 598 1554 copiam
620 1475 678 1536 vel
701 1474 858 1554 inopiam
882 1477 976 1535 terre
1000 1473 1187 1555 proterrei,
1212 1494 1283 1555 que
1305 1476 1353 1537 ab
1375 1473 1512 1537 influxu
1529 1477 1597 1538 celi
1611 1476 1788 1555 procedit,

457 1585 494 1643 et
516 1582 640 1643 volunt
664 1599 742 1642 cum
767 1582 923 1643 omnium
945 1581 1022 1644 Deo
1051 1586 1200 1644 eventus
1234 1582 1414 1644 hominum
1451 1584 1487 1644 et
1522 1583 1793 1663 particulariter

456 1690 631 1759 intimare,
656 1706 745 1767 quos
761 1689 838 1767 ipse
854 1688 950 1750 Deus
974 1692 1010 1750 et
1035 1689 1188 1751 liberum
1203 1690 1401 1760 arbitrium,
1426 1690 1642 1769 inequaliter
1660 1693 1791 1762 tamen,

456 1796 560 1858 simul
583 1796 796 1874 producunt.
813 1828 855 1836 —-
869 1792 962 1857 Hinc
986 1794 1273 1868 Ptolomeus,
1298 1797 1360 1858 ubi
1383 1798 1455 1858 iam
1478 1797 1561 1866 dixi,
1598 1796 1793 1877 discipulos

455 1922 538 1965 suos
562 1902 705 1964 instruit
730 1920 805 1962 «ne
829 1921 904 1963 rem
928 1902 1052 1965 dicant
1075 1904 1289 1984 specialiter,
1318 1904 1384 1966 sed
1407 1904 1663 1965 universaliter
1679 1902 1721 1965 »3.
1745 1902 1793 1966 Et

455 2011 635 2072 racionem
657 2009 824 2089 assignat,
863 2010 950 2088 quia
983 2011 1172 2090 impressio
1195 2012 1389 2084 stellarum,
1414 2012 1538 2090 inquit,
1563 2011 1601 2072 in
1623 2012 1792 2090 pluribus
1838 2073 1842 2077 r

455 2118 603 2178 sortitur
627 2114 795 2177 effectum
818 2116 854 2175 in
878 2116 955 2189 hiis,
991 2118 1137 2188 scilicet,
1161 2118 1223 2197 qui
1250 2137 1321 2179 non
1355 2118 1526 2181 resistant
1549 2119 1791 2188 inclinacioni,

455 2242 525 2303 que
549 2227 603 2285 est
626 2241 669 2284 ex
693 2240 853 2302 corpore,
891 2242 962 2285 non
985 2227 1104 2286 autem
1128 2244 1271 2305 semper
1292 2227 1329 2285 in
1351 2226 1419 2287 boc
1442 2226 1499 2287 vel
1520 2226 1593 2297 illo,
1637 2227 1698 2305 qui
1722 2227 1793 2287 lor·

456 2332 539 2392 titer
561 2350 627 2411 per
649 2332 829 2393 racionem
853 2332 1011 2392 naturali
1033 2331 1260 2393 inclinacioni
1283 2332 1418 2394 resistit
1426 2333 1452 2393 *r
1475 2366 1514 2373 —
1549 2331 1703 2412 Propter
1724 2332 1793 2394 hoe

454 2438 610 2501 auditori
634 2456 698 2499 suo
722 2439 818 2501 idem
841 2439 1041 2518 astrologus
1064 2438 1224 2517 loquens,
1249 2440 1284 2500 in
1308 2439 1436 2501 eodem
1459 2440 1563 2501 dixit:
1603 2438 1711 2501 ‹Hec
1740 2440 1792 2501 in·

456 2546 560 2618 dicia,
587 2564 655 2624 qne
672 2546 736 2607 tibi
752 2546 867 2617 trado,
888 2549 969 2607 sunt
985 2545 1105 2607 media
1128 2546 1221 2607 inter
1235 2547 1406 2625 possibile
1430 2549 1466 2608 et
1482 2548 1727 2608 necessarium
1741 2567 1756 2600 »
1769 2544 1789 2610 ⁵.

455 2653 497 2714 In
520 2652 919 2738 Quadripartito
946 2654 1173 2732 quoqueait:
1200 2652 1299 2715 «Nec
1315 2654 1488 2715 extimare
1505 2654 1677 2715 debemus
1694 2654 1792 2732 quod

457 2760 643 2840 superiora
666 2760 868 2839 procedunt
889 2760 1153 2830 inevitabiliter,
1179 2763 1218 2821 ut
1241 2779 1284 2821 ea
1307 2778 1378 2839 que
1401 2761 1523 2822 divina
1546 2761 1792 2841 disposicione

458 2868 672 2947 contingunt,
697 2871 825 2947 etque
849 2867 1050 2928 nullatenus
1074 2870 1158 2928 sunt
1172 2867 1331 2939 vitanda,
1356 2885 1588 2946 necnonque
1612 2868 1793 2929 veraciter

457 2993 500 3036 ex
524 2975 737 3036 necessitate
761 2975 975 3055 proveniunt
988 2997 1002 3029 »
1015 2972 1035 3036 Ι.
1079 2973 1116 3035 Si
1139 2975 1246 3055 igitur
1279 2974 1471 3055 astrologia
1506 2975 1558 3036 sic
1585 2976 1793 3037 necessaria

457 3084 645 3163 reputatur
679 3082 729 3143 ad
753 3081 1005 3143 medicandum
1041 3083 1077 3144 et
1111 3082 1359 3161 navigandum,
1399 3099 1509 3160 quum
1532 3083 1604 3142 iam
1627 3084 1694 3144 sub
1718 3082 1790 3155 illa,
1974 3033 1975 3118 l

457 3208 528 3251 non
552 3190 676 3269 paucis
712 3190 894 3251 erroribus
929 3189 1026 3260 ortis,
1063 3190 1182 3249 anime
1204 3190 1369 3269 precioso
1392 3189 1562 3268 sanguine
1587 3188 1706 3269 Xpisti
1737 3207 1792 3251 re-

459 3298 604 3376 dempte
620 3298 869 3375 dampnantur,
894 3296 1068 3357 audacter
1085 3295 1236 3357 dixerim
1251 3297 1383 3357 bonum
1406 3294 1484 3357 fore
1501 3296 1649 3358 medicis
1667 3316 1792 3358 carere

460 3408 494 3466 et
518 3404 711 3483 asaperitis
735 3421 834 3465 mare
857 3403 1014 3464 secandi.

392 3502 443 3566 13.
569 3509 835 3581 Verumtamen,
871 3513 911 3571 ut
933 3510 1077 3570 videtur
1113 3510 1160 3571 ad
1184 3510 1369 3588 liquidum,
1404 3508 1470 3570 hec
1503 3510 1601 3571 utilis
1637 3513 1692 3571 est
1724 3511 1792 3572 sub

460 3618 683 3698 paucissimis
708 3618 837 3696 regulis
861 3617 1023 3678 veritatis
1048 3619 1225 3687 contenta,
1255 3635 1324 3695 que
1347 3617 1423 3678 sine
1446 3618 1607 3695 periculo
1632 3618 1745 3679 eciam
1770 3636 1792 3678 a

458 3726 654 3786 iuvencnlis
677 3727 800 3804 posset
823 3724 972 3785 addisci.
997 3722 1122 3784 Artem
1148 3742 1235 3785 vero
1258 3724 1429 3803 loquendi
1451 3725 1518 3786 snb
1544 3725 1721 3785 communi
1738 3725 1792 3784 in·

458 3833 613 3893 fluencia
636 3832 754 3912 gracie
778 3832 887 3911 gratis
912 3831 996 3891 date
1020 3849 1041 3891 a
1067 3829 1153 3903 Deo,
1186 3832 1261 3892 sine
1286 3849 1357 3910 qua
1380 3850 1452 3892 non
1474 3849 1664 3910 possumus
1689 3831 1792 3909 quid·

458 3958 575 4019 quam,
600 3940 647 4000 ab
671 3939 812 3999 homine
836 3941 923 4017 puto
946 3937 1139 4011 inventam,
1164 3956 1245 3999 cum
1265 3956 1371 4000 voces
1395 3936 1632 4017 significative
1655 3939 1727 3999 sint
1741 3938 1792 4001 ad

458 4190 669 4200 -.—--—1

457 4391 559 4446 lontes
572 4388 752 4456 (electioris),
765 4390 842 4443 mais
856 4389 886 4441 la
900 4404 991 4441 cause
1003 4387 1158 4455 premiere
1172 4390 1204 4440 et
1216 4386 1368 4440 effective.
1389 4388 1583 4450 Albnmazar,
1603 4388 1790 4455 astrologiae,

458 4481 589 4533 souvent
607 4480 666 4531 cite
684 4494 741 4546 par
755 4478 846 4531 Alain
864 4479 903 4530 de
916 4478 994 4529 Lille
1012 4479 1043 4530 et
1061 4476 1144 4530 aussi
1162 4492 1220 4543 par
1234 4476 1408 4529 Gnillanme
1423 4476 1617 4545 d'Anvergne
1636 4479 1667 4530 et
1688 4477 1791 4545 Roger

457 4570 572 4631 Bacon,
590 4569 744 4621 soutenait
763 4567 781 4619 ἐι
799 4582 860 4634 peu
877 4566 950 4634 pres
969 4566 1017 4617 les
1035 4566 1153 4619 memes
1171 4566 1258 4617 idees
1277 4566 1355 4617 dans
1374 4566 1404 4616 le
1422 4566 1557 4632 premier
1575 4566 1657 4618 livre
1676 4565 1789 4620 deson

457 4660 718 4711 introductoriam.
752 4656 796 4709 ci.
815 4656 844 4707 S.
862 4654 967 4709 ΤΗοΜ,
991 4655 1104 4708 Contra
1120 4655 1239 4718 Gentes,
1259 4655 1308 4717 111,
1328 4664 1470 4706 Lxxxvn.

565 4746 584 4811 ¹)
603 4748 818 4799 PTOLornAEus.
840 4746 982 4811 Centtloq.
1002 4745 1128 4811 Propos.
1146 4743 1181 4795 V.

566 4834 586 4901 Ι)
608 4837 717 4890 Genes.
739 4836 814 4887 XLI.

565 4924 585 4990 ³)
607 4926 833 4991 Centtloquium,
851 4924 972 4991 d'apres
990 4924 1019 4975 S.
1038 4922 1143 4975 Tuom.
1165 4923 1277 4976 Contra
1299 4924 1385 4977 Geni.
1400 4923 1450 4987 111,
1470 4932 1587 4986 LXXXV,
1608 4925 1651 4975 ud
1662 4920 1723 4987 sin.

562 5014 584 5079 4)
604 5014 648 5069 Ct.
668 5015 697 5067 S.
712 5012 815 5067 Trioni.
837 5014 950 5066 Contra
971 5014 1091 5073 Gentes,
1109 5012 1160 5075 111,
1179 5022 1277 5076 XXXV,
1295 5015 1338 5065 ad
1355 5011 1410 5073 sta.

563 5102 584 5169 ὃ)
604 5105 648 5157 Ci.
670 5104 896 5169 Centiloqatum,
914 5103 974 5155 cite'
990 5117 1048 5169 par
1066 5100 1209 5155 Milon.
1231 5101 1343 5155 Contra
1364 5102 1451 5155 Gent.
1468 5101 1520 5162 111,
1538 5111 1668 5166 Lxxxvi,
1680 5103 1722 5154 ad
1729 5098 1788 5165 sin.

563 5192 584 5258 ⁴³)
605 5193 649 5247 cf.
672 5192 1115 5262 Quadrrpart.,ibtd.1,xxxv1.
