4300 6117
808 939 810 943 ’
842 947 1029 1001 IOHANNIS
1052 947 1234 1001 DOMINICI
1636 937 1701 1001 305

370 1170 445 1241 Est,
484 1173 582 1233 iuxta
617 1171 783 1233 eumdem
806 1172 1008 1243 doctorem,
1046 1170 1228 1233 humilitas
1265 1171 1426 1233 virtuosa
1461 1172 1620 1252 cognicio
1638 1171 1704 1241 ⁴sui

370 1278 492 1357 ipsius,
519 1297 592 1357 qua
607 1278 713 1340 homo
737 1279 805 1341 sibi
821 1279 961 1341 vilescit
972 1276 999 1353 l;
1025 1279 1180 1357 ideoque
1197 1279 1282 1357 quia
1298 1278 1518 1340 credendum
1534 1281 1590 1340 est
1604 1276 1704 1340 Salo·

370 1386 475 1456 moni,
491 1404 610 1466 ymmo
627 1383 775 1465 Spiritui
791 1383 945 1448 Sancto:
971 1384 1042 1447 Ubi
1058 1405 1131 1448 non
1153 1389 1208 1447 est
1232 1385 1389 1447 sciencia
1411 1386 1538 1457 anime,
1563 1404 1634 1447 non
1650 1388 1705 1447 est

370 1491 533 1555 bonomi.
550 1528 591 1537 -—
608 1490 926 1555 Venerabilis
947 1491 1073 1573 Hugo
1096 1493 1145 1555 ad
1161 1492 1201 1554 id
1216 1492 1444 1572 probandum
1459 1493 1619 1555 accedat.
1644 1491 1705 1552 Ait

372 1600 466 1661 enim
490 1599 526 1660 iu
548 1599 679 1671 libello,
704 1617 810 1678 quem
833 1598 896 1662 De
919 1598 1095 1661 Anima
1117 1598 1219 1661 lectt:
1252 1598 1412 1662 «Melior
1434 1617 1473 1660 es
1496 1599 1527 1661 si
1551 1599 1705 1679 teipsum

344 1694 347 1701 ⁴
373 1717 575 1786 cognoscas,
591 1724 700 1785 quam
720 1706 759 1777 si,
785 1710 821 1769 te
843 1708 1015 1788 neglecto,
1041 1724 1167 1768 cursus
1191 1706 1358 1779 siderum,
1381 1706 1476 1767 vires
1501 1705 1703 1777 herbarum,

372 1812 634 1891 complexiones
657 1811 848 1884 hominum,
874 1817 1022 1875 naturas
1046 1813 1263 1885 animalium,
1289 1813 1474 1876 celestium
1490 1813 1647 1875 omnium
1670 1816 1705 1874 et

372 1920 595 1982 terrestrium
612 1921 803 1981 scienciam
820 1920 982 1982 haberes.
1007 1919 1113 1981 Multi
1130 1920 1223 1981 enim
1240 1920 1352 1982 multa
1376 1920 1493 1982 sciunt
1517 1922 1553 1982 et
1568 1920 1705 1999 seipsos

373 2027 544 2094 nesciunt.
571 2044 651 2088 cum
673 2030 794 2088 tamen
817 2044 956 2088 summa
970 2026 1197 2106 philosophia
1213 2028 1259 2088 sit
1283 2027 1442 2107 cognicio
1465 2027 1521 2088 sui
1534 2024 1583 2087 ›³.
1603 2059 1642 2069 —
1659 2025 1707 2087 Et

372 2134 501 2195 iterum
525 2134 561 2194 in
583 2134 727 2195 eodem:
754 2133 890 2195 «Disce
914 2152 958 2196 ex
974 2137 1035 2196 tuo
1060 2135 1189 2213 spiritu
1213 2146 1428 2214 cognoscere
1451 2133 1548 2212 quod
1573 2134 1707 2196 debeas

373 2240 419 2302 de
442 2240 521 2301 aliis
545 2240 730 2319 spiritibus
755 2241 932 2303 estimare.
974 2239 1052 2302 Hec
1075 2244 1192 2319 porta,
1225 2241 1292 2302 hec
1316 2240 1425 2307 scala,
1449 2240 1507 2302 hic
1530 2240 1706 2312 introitus,

372 2347 441 2408 Iste
475 2366 654 2419 ascensus,
690 2348 759 2409 hac
782 2349 937 2409 Intratur
960 2348 1017 2425 ad·
1033 2348 1168 2418 intima,
1206 2348 1275 2409 hac
1300 2348 1461 2409 elevatur
1489 2347 1536 2409 ad
1560 2366 1706 2418 summa,

374 2472 418 2515 ex
441 2453 508 2515 hac
531 2454 708 2533 siquidem
732 2454 879 2534 proficis
904 2455 952 2516 ad
977 2456 1220 2535 cognicionem
1244 2456 1402 2517 omnium
1421 2454 1615 2527 celestium,
1638 2458 1709 2516 ter·

374 2561 541 2622 restrium
564 2564 599 2623 et
621 2562 841 2623 internorum
854 2580 869 2615 »
883 2560 904 2623 4.
923 2598 963 2605 —
982 2560 1120 2623 Similia
1136 2563 1249 2624 verba
1273 2562 1416 2623 cuidam
1439 2562 1574 2623 volenti
1597 2561 1708 2641 philo-

374 2667 500 2747 sophie
516 2668 673 2730 archana
689 2669 812 2730 rimari
829 2669 981 2731 devotus
1005 2668 1034 2728 B
1048 2688 1067 2731 e
1080 2688 1099 2729 r
1111 2688 1135 2729 n
1147 2687 1170 2729 a
1182 2688 1201 2729 r
1213 2669 1237 2731 d
1250 2688 1273 2729 u
1287 2686 1304 2729 s
1327 2670 1364 2729 in
1381 2669 1538 2748 quadam
1558 2669 1709 2748 epistola

378 2774 536 2837 mandat.

448 2951 460 2974 «
475 2931 601 2995 Discite,
622 2933 722 2999 Inquil
741 2926 755 3001 Ι)
776 2933 952 2997 SatIrus,
970 2947 989 2985 o
1008 2932 1115 2984 miseri
1135 2928 1189 2999 [et]
1208 2947 1318 2985 causas
1337 2933 1512 3000 cognoscite
1530 2946 1635 2985 rernm

449 3020 556 3093 «Quid
575 3036 691 3086 sumus,
710 3024 763 3075 aut
782 3023 931 3089 quidnam
948 3022 1061 3074 victuri
1080 3022 1240 3090 gignimur,
1259 3022 1336 3074 ordo

449 3109 549 3182 «Quis
568 3110 667 3174 datus,
686 3114 739 3164 aut
757 3112 839 3164 mete
857 3125 952 3177 quam
969 3110 1071 3164 mollis
1089 3109 1190 3164 flexus
1209 3112 1241 3163 et
1258 3110 1342 3163 unde
1355 3131 1368 3155 v
1389 3106 1466 3163 etc.⁵

377 3264 492 3327 Simili
514 3270 740 3329 sacramento
766 3266 906 3328 divinos
929 3267 1041 3329 libros
1065 3267 1269 3328 firmissime
1286 3266 1395 3328 credo
1419 3266 1486 3327 sub
1504 3266 1617 3344 tropis
1631 3263 1709 3328 tore

376 3374 524 3445 velatos,
560 3393 643 3435 nam
679 3375 777 3436 iuxta
799 3374 989 3436 veritatem
1013 3374 1146 3436 veteris
1168 3370 1389 3435 Testamenti
1412 3373 1503 3434 dixit
1524 3372 1706 3444 Dominus,

377 3499 486 3542 carne
502 3482 661 3555 vestitus,
680 3483 726 3543 de
742 3482 899 3561 quadam
915 3482 1091 3562 parabola
1108 3481 1293 3561 discipulis
1309 3481 1399 3542 suis:
1427 3478 1568 3543 «Vobis
1584 3480 1708 3541 datum

378 3590 433 3649 est
455 3606 561 3649 nosse
584 3588 780 3650 misterium
805 3590 902 3669 regni
918 3588 994 3660 Dei,
1027 3590 1156 3651 ceter-Is
1180 3589 1216 3650 in
1232 3588 1426 3667 parabolis,
1450 3577 1465 3669 ΙΙ
1492 3590 1531 3649 ut
1546 3586 1707 3648 videntes

378 3713 449 3756 non
471 3696 627 3765 videant,
657 3699 693 3757 et
715 3696 951 3776 intelligentes
974 3714 1045 3757 non
1067 3696 1268 3775 intelligant
1283 3714 1298 3748 »
1311 3692 1332 3755 ⁰.
1373 3692 1450 3785 Que
1474 3693 1520 3755 de
1543 3694 1707 3773 superbIs

378 3820 457 3863 esse
480 3803 624 3882 prolata
647 3821 718 3864 non
743 3803 934 3883 ambigant,
959 3804 1020 3881 qui
1045 3804 1162 3864 textus
1186 3821 1268 3864 cum
1290 3802 1422 3882 glausis
1446 3800 1623 3862 viderunt.

487 3908 558 3970 Sed
582 3909 790 3991 diligencius
814 3913 869 3972 est
884 3909 1103 3980 intuendum,
1130 3908 1236 3970 aliter
1253 3910 1299 3969 ab
1315 3907 1526 3980 homiuibus,
1552 3910 1588 3968 et
1605 3908 1711 3969 aliter
1726 3931 1778 3995 14·

380 4132 591 4141 -—---...--—.

486 4314 507 4381 ¹)
526 4316 555 4369 S.
568 4316 648 4368 Aue.
663 4316 810 4368 lnlohan.
821 4316 936 4384 Εναηξ.
946 4312 1047 4366 Tract.
1067 4312 1171 4376 XXVI,
1181 4327 1248 4379 cap.
1263 4312 1311 4366 16:
1333 4310 1432 4366 «Tota
1441 4312 1596 4364 humilitas
1608 4314 1661 4363 tua
1680 4312 1714 4363 ut

379 4414 546 4475 cognoscas
564 4408 604 4468 te,
624 4407 680 4458 etc.
696 4425 718 4456 v.
739 4406 774 4456 In
795 4404 886 4471 oper.
905 4398 972 4467 111b,
993 4404 1072 4455 1604.

488 4492 508 4558 ⁹)
528 4494 572 4547 cf.
584 4496 728 4547 Proverb.
746 4492 824 4556 XIX,
844 4493 869 4545 2.

487 4582 508 4648 ³)
527 4583 571 4637 el.
582 4584 610 4636 S.
622 4584 719 4635 BERN.
741 4584 964 4646 Medttuttones,
983 4584 1029 4635 De
1048 4584 1215 4650 cognitione
1233 4584 1383 4634 humanae
1401 4583 1589 4642 conditionis,
1607 4594 1672 4646 cap.
1683 4590 1713 4643 v,

380 4674 416 4725 ln
435 4673 526 4740 Oper.
545 4674 581 4737 V,
598 4672 659 4726 494.
694 4671 741 4725 On
760 4673 819 4725 sait
836 4688 896 4739 que
914 4673 946 4726 le
963 4672 1004 4723 ler
1025 4672 1107 4724 lIvre
1125 4671 1168 4724 du
1186 4672 1232 4723 De
1250 4672 1363 4724 Anima
1381 4671 1421 4723 de
1439 4670 1516 4737 Hug.
1534 4670 1575 4723 de
1593 4669 1622 4722 S.
1642 4668 1676 4720 V.
1695 4684 1713 4720 a

380 4764 429 4815 ete
448 4763 582 4815 attribue'
596 4763 613 4814 a
627 4762 656 4814 S.
670 4762 819 4814 Bernard.
838 4762 864 4813 ll
883 4776 917 4814 se
935 4764 1046 4814 trouve
1065 4761 1284 4814 actuellement
1302 4761 1397 4827 range
1409 4760 1510 4827 parmi
1523 4774 1573 4811 ses
1590 4774 1714 4812 oeuvres

379 4851 560 4905 tl'endroit
578 4852 712 4919 indique.
731 4852 803 4903 Var.
822 4852 865 4904 Le
883 4853 967 4904 texte
986 4852 1087 4902 actuel
1105 4865 1146 4903 ne
1165 4850 1302 4902 contient
1319 4865 1375 4916 pas
1394 4850 1425 4901 la
1443 4850 1572 4915 phrase:
1601 4849 1716 4900 «Mum

380 4945 458 4994 enlm
472 4962 573 4993 .....
594 4942 664 4994 Elle
683 4955 861 4993 commence
880 4941 910 4993 le
929 4941 1017 5007 chap.
1037 4940 1058 5002 l,
1079 4940 1135 4992 col.
1154 4940 1216 4993 485.

487 5028 509 5096 ⁴)
528 5031 571 5084 Ce
588 5032 673 5084 texte
691 5044 770 5083 nous
790 5045 807 5081 a
827 5030 964 5096 echappe'
984 5030 1233 5096 completement.

488 5116 509 5186 r³)
528 5121 563 5172 A.
582 5121 634 5172 Fu.
654 5122 764 5182 Persa,
785 5119 884 5185 satyr.
904 5118 1065 5182 111,66·68.

488 5206 510 5274 ⁰)
529 5210 558 5262 S.
577 5211 662 5272 LUC,
679 5210 758 5271 VIII,
779 5209 824 5261 1⁰.
