4300 6117
861 896 1048 949 rourums
1070 897 1253 950 nonnum
1661 886 1724 951 217

383 1121 508 1180 actum
532 1119 724 1180 fortissime
760 1117 913 1180 fantasie
949 1119 1108 1181 nondum
1142 1121 1267 1200 sopite,
1298 1139 1380 1181 mox
1416 1139 1541 1182 somno
1569 1120 1724 1200 repulso,

384 1227 485 1303 quod
512 1238 575 1305 ego
599 1243 742 1304 quoque
765 1227 882 1288 fateor
904 1226 941 1286 in
964 1244 1021 1287 me
1044 1227 1195 1288 sentisse
1228 1228 1373 1306 pluries,
1399 1245 1604 1307 quanquam
1630 1246 1725 1303 raro,

384 1330 460 1394 Sed
494 1334 612 1412 posito
650 1334 770 1394 adhuc
805 1333 903 1411 quod
939 1352 1074 1412 aqueus
1109 1334 1244 1407 humor,
1282 1334 1343 1413 qui
1373 1334 1433 1395 lux
1469 1334 1653 1396 oculorum
1689 1338 1726 1396 et

386 1442 554 1520 proprius
581 1442 809 1520 nuncupatur
841 1440 988 1520 pupilla.
1013 1442 1150 1519 aliquid
1174 1441 1348 1502 naturalis
1377 1442 1511 1503 habeat
1544 1442 1634 1502 lucis
1663 1442 1726 1502 ad·

386 1547 545 1617 mixtum,
571 1548 665 1609 sicut
688 1548 767 1627 ipsa
791 1545 1035 1609 elementalis¹
1062 1566 1167 1627 aqua,
1200 1566 1339 1609 annexo
1375 1546 1511 1628 fulgore
1542 1547 1631 1609 lucis
1655 1566 1726 1609 non

388 1658 497 1727 caret,
536 1658 572 1716 et
596 1656 641 1715 ob
666 1655 704 1715 id
733 1672 813 1716 cum
836 1655 997 1716 musione
1028 1654 1157 1734 aliquis
1185 1656 1368 1716 intueatur
1399 1655 1626 1727 intenebris,
1652 1673 1726 1716 cer·

387 1764 462 1822 tum
486 1763 673 1841 estquod,
697 1762 729 1823 si
752 1780 823 1823 non
846 1760 957 1822 affuit¹
974 1761 1131 1823 medium
1155 1780 1221 1841 per
1244 1761 1341 1840 quod
1367 1761 1459 1823 radii
1483 1762 1638 1823 visuales
1655 1762 1726 1823 dis·

387 1872 541 1931 currant
564 1870 734 1949 spacium,
759 1887 826 1948 per
841 1870 939 1947 quod
955 1870 1094 1948 species
1111 1868 1163 1930 rei
1178 1869 1329 1930 visibilis
1347 1867 1534 1930 deferatur
1548 1870 1727 1931 obiectum

388 1979 426 2038 et
448 1978 588 2056 species
613 1977 689 2037 eius
712 1977 761 2038 ad
796 1976 894 2055 quod
927 1977 1094 2055 potencia
1118 1977 1338 2049 terminetur,
1364 1994 1558 2055 numquam
1580 1976 1727 2037 visionis

388 2083 537 2145 dabitur
560 2085 672 2145 actus.

500 2188 614 2251 Simili
637 2190 744 2253 modo
769 2209 852 2252 reor
875 2191 920 2251 de
943 2191 1129 2252 intellectu
1152 2191 1353 2262 dicendum,
1380 2191 1527 2263 scilicet,
1561 2191 1658 2269 quod
1674 2193 1729 2252 est
1743 2187 1773 2250 3.

387 2316 480 2377 pura
508 2298 688 2377 potencia,
713 2316 828 2376 quea
856 2296 1072 2377 Philosopho
1108 2298 1240 2359 dicitur
1273 2298 1475 2360 intellectus
1507 2298 1688 2377 passibilis
1707 2296 1727 2371 ²,

389 2405 450 2483 qui
476 2405 525 2464 ad
548 2405 615 2466 hoc
638 2407 678 2466 ut
701 2405 768 2466 fiat
790 2404 992 2466 intellectus
1016 2417 1133 2485 agens,
1159 2408 1302 2484 oportet
1338 2408 1377 2466 ut
1408 2406 1455 2466 ab
1494 2405 1730 2466 exterioribus

387 2512 593 2574 adiuvetur.
619 2511 674 2573 Ab
694 2514 794 2573 extra
818 2512 948 2572 etenim
963 2512 1080 2572 lucem
1096 2511 1237 2591 accipit,
1259 2512 1401 2574 homine
1417 2512 1537 2590 aliquo
1553 2511 1728 2582 tradente,

388 2619 519 2697 spiritu
543 2620 601 2679 vel
636 2618 722 2680 Deo.
762 2616 950 2680 Obiectum
986 2636 1029 2679 ex
1065 2636 1105 2679 se
1139 2637 1210 2679 non
1244 2618 1406 2697 possidet
1442 2617 1639 2696 quidquam
1662 2636 1729 2679 nec

388 2727 549 2803 speciem
574 2727 660 2787 eius.
700 2724 792 2786 Hinc
816 2726 985 2787 dicuntur
1008 2727 1164 2804 quedam
1188 2737 1321 2805 organa
1345 2725 1556 2805 corporalia,
1582 2724 1728 2795 scilicet,

389 2851 513 2894 sensus
539 2834 697 2912 quinque
720 2833 817 2894 noti:
842 2850 967 2893 sensus
993 2833 1198 2903 communis.
1222 2833 1462 2913 ymaginativa
1498 2850 1561 2893 seu
1597 2831 1730 2893 fantas-

388 2940 461 3000 tica
496 2944 531 3002 et
566 2940 737 3002 memoria
761 2940 953 3011 deservire,
983 2942 1022 3000 ut
1060 2958 1145 3000 vere
1176 2941 1222 3000 sit
1257 2940 1392 3000 dictum
1426 2938 1532 3017 quod,
1566 2940 1627 3017 qui
1660 2957 1731 2999 uno

389 3064 496 3108 sensu
519 3050 627 3117 caret,
652 3049 775 3108 careat
799 3049 835 3107 et
858 3047 1013 3108 sciencia
1036 3046 1167 3108 obiecti
1184 3064 1309 3107 sensus
1325 3046 1428 3107 illius.
1454 3044 1558 3107 Unde
1575 3050 1630 3108 est
1641 3045 1731 3107 illud

388 3153 581 3233 phisicum:
607 3153 720 3216 Cecus
744 3172 816 3215 non
839 3153 1038 3233 silogizabit
1061 3154 1108 3214 de
1133 3154 1322 3215 coloribus.

501 3260 574 3322 Sed
615 3262 895 3341 digressionnem
929 3259 1007 3332 feci,
1048 3263 1211 3321 revertar
1244 3260 1341 3321 unde
1376 3261 1518 3321 recessi.
1554 3258 1731 3320 Voluntas
1744 3254 1776 3316 4.

389 3369 521 3429 sterilis
545 3371 609 3440 est,
634 3368 702 3429 nisi
725 3368 931 3439 intellectui.
955 3368 1033 3429 viro
1058 3386 1132 3439 suo,
1159 3368 1355 3447 copuletur.
1381 3365 1449 3428 Hic
1465 3368 1521 3428 vir
1536 3366 1731 3427 infantulus

390 3478 454 3547 est,
479 3493 594 3554 neque
618 3474 760 3555 gignere
783 3476 911 3554 potest,
937 3476 1006 3535 nisi
1029 3475 1183 3536 creverit
1222 3475 1314 3535 altus
1348 3474 1395 3535 ab
1434 3476 1534 3535 extra
1569 3476 1606 3534 et
1641 3474 1731 3535 tales

389 3580 484 3644 filios
508 3584 584 3644 sive
607 3600 748 3643 amores
772 3582 949 3662 concipiet
972 3583 1009 3642 in
1032 3599 1152 3653 uxore,
1180 3582 1304 3660 quales
1321 3582 1414 3643 sinet
1433 3582 1533 3643 cibus
1549 3583 1731 3659 acceptus·

390 3688 428 3750 Si
451 3693 576 3769 pastus
599 3693 653 3751 est
675 3692 793 3761 vento,
817 3692 962 3750 ventum
998 3689 1184 3768 concipiet.
1223 3687 1277 3749 De
1313 3687 1469 3767 quadam
1505 3688 1599 3748 enim
1637 3688 1732 3748 mala

390 3798 545 3858 mixtura
568 3797 710 3876 reperio
735 3797 783 3858 ad
805 3797 1030 3876 propositum
1053 3797 1251 3875 scriptum:
1279 3795 1411 3857 «Ecce
1438 3795 1594 3874 parturit
1625 3794 1731 3873 injus·

392 3904 485 3976 tiela,
511 3905 676 3984 concepit
700 3904 861 3966 dolorem
876 3907 912 3965 et
927 3903 1069 3984 peperit
1085 3903 1310 3981 iniquitatem
1330 3900 1378 3962 »³.
1390 3893 1403 3984 Η
1429 3901 1618 3962 Exteriore
1639 3902 1732 3962 enim
1831 3892 1947 3954 L64V⁰

391 4012 597 4091 parturiunt
619 4012 656 4072 in
679 4011 871 4082 intellectu,
897 4011 956 4071 ille
980 4011 1137 4090 concipit
1159 4010 1196 4070 in
1219 4010 1413 4081 voluntate,
1431 4012 1467 4070 et
1479 4008 1545 4069 hec
1569 4009 1732 4088 inopere

389 4119 516 4181 ultimo
540 4119 676 4180 editum
698 4119 795 4197 parit
818 4120 1039 4197 conceptum.

499 4223 591 4310 Quia
613 4238 706 4305 ergo,
732 4226 824 4286 sicut
851 4224 1040 4304 prefertur,
1071 4242 1172 4285 amor
1206 4224 1347 4285 divinus
1382 4242 1425 4284 ex
1460 4223 1579 4284 studio
1615 4222 1730 4284 conci·
1745 4216 1775 4277 5.

391 4333 534 4393 liandus
558 4336 622 4404 est,
647 4333 732 4394 solis
755 4332 968 4394 lectionibus
993 4332 1062 4393 illis
1087 4334 1142 4392 est
1164 4331 1376 4402 vacandum,
1403 4348 1471 4408 que
1495 4330 1594 4390 illum
1610 4329 1732 4391 valent

391 4438 546 4512 efficere,
568 4441 667 4501 alere
683 4443 719 4501 et
740 4441 940 4520 perducere
956 4439 1004 4499 ad
1020 4437 1229 4518 perfectum.
1254 4436 1423 4498 Novimus
1446 4438 1548 4509 enim,
1573 4435 1731 4516 Augus·

393 4691 606 4699 *—

501 4899 521 4966 ¹)
540 4901 622 4953 Pour
642 4901 843 4953 elementaria.
1336 4928 1342 4941 ·

501 4986 521 5054 ²)
539 4991 642 5043 Ams'r.
661 4990 702 5042 111
721 4992 758 5042 de
776 4990 897 5052 Anima,
910 4989 980 5041 lect.
997 4998 1050 5051 vn,
1068 4985 1466 5049 1x.Didot,111‚c.1v,n.3.
1485 5012 1513 5021 -
1530 4983 1574 5036 Cf.
1589 4984 1618 5037 S.
1628 4980 1733 5036 Tironi.

392 5082 475 5137 Sam.
500 5080 597 5134 recor.
617 5078 706 5152 1².Q·
726 5080 856 5143 Lxxor,
875 5079 901 5142 2,
920 5079 946 5131 3.

500 5168 521 5238 ⁸)
540 5172 616 5236 loa,
634 5171 697 5233 XV,
716 5170 760 5222 35.
