4300 6117
827 1019 1014 1074 muamus
1036 1020 1218 1074 Doumlcr
1628 1010 1692 1075 337

471 1242 586 1305 Huius
610 1246 729 1306 autem
753 1245 805 1305 rei
838 1246 1028 1317 racionem,
1065 1261 1229 1306 sermone
1263 1242 1461 1305 LXXVII
1491 1242 1693 1305 Cantico·
1708 1241 1739 1304 2.

360 1369 459 1423 rum,
478 1352 545 1413 sub
558 1352 770 1430 compendio
786 1349 1065 1413 Βοτιιιιτείιιε1
1088 1352 1256 1431 assignat,
1271 1352 1409 1413 dicens:
1436 1347 1694 1431 ‹Transgredi-

360 1460 418 1519 tur
442 1458 534 1519 enim
557 1456 651 1519 tides
680 1458 771 1521 fines
809 1459 964 1521 racionis
1002 1457 1165 1532 humane,
1191 1477 1310 1521 rerum
1334 1476 1445 1530 usum,
1472 1459 1695 1537 experiencie

360 1566 529 1627 terminos
547 1586 573 1626 s,
598 1564 687 1626 Vult
710 1564 851 1627 dicere:
876 1564 990 1627 Decet
1011 1566 1111 1644 apud
1134 1566 1289 1627 iudicem
1305 1566 1438 1627 iustum
1453 1566 1547 1626 inter
1561 1583 1695 1627 merce·

359 1673 441 1733 dem
465 1674 501 1733 et
525 1674 690 1733 meritum
713 1672 872 1733 debitam
897 1673 1172 1752 proporciouem
1195 1673 1342 1734 servari.
1379 1670 1466 1734 Cum
1500 1672 1608 1751 igitur
1638 1690 1694 1733 co·

358 1780 461 1858 piosa
484 1797 631 1851 merces,
666 1797 735 1858 que
766 1779 949 1841 salvandis
983 1782 1191 1841 reservatur
1216 1779 1373 1852 incelis,
1411 1796 1478 1858 pro
1509 1781 1606 1840 statu
1635 1780 1694 1841 vie

359 1888 410 1949 sic
433 1886 801 1965 incomprehensibilis
824 1887 939 1959 nobis,
964 1904 1074 1965 quum
1099 1890 1251 1965 utroque
1275 1882 1506 1948 Testamento
1529 1886 1692 1949 dicente:

361 1991 528 2056 «Oculus
552 2013 623 2056 non
657 1994 757 2067 vidit,
782 2012 848 2056 nec
878 1994 975 2055 auris
1010 1982 1159 2064 audivit,
1183 1997 1320 2072 quanta
1354 1994 1563 2073 preparavit
1596 1993 1693 2055 Deus

358 2101 584 2180 diligentibus
608 2120 647 2163 se
663 2120 677 2154 »
691 2099 712 2173 ²,
738 2102 903 2163 convenit
926 2104 965 2161 ut
987 2101 1111 2173 virtus,
1137 2102 1195 2162 cui
1218 2100 1305 2162 talia
1328 2101 1542 2171 tribuuntur,
1567 2100 1613 2161 sit
1637 2118 1694 2161 su·

357 2227 425 2287 pra
448 2208 640 2269 humanum
663 2226 770 2287 posse
792 2208 920 2270 locata.
945 2203 1044 2269 Talis
1067 2226 1139 2269 non
1169 2211 1224 2270 est
1259 2208 1401 2279 caritas,
1426 2225 1542 2285 neque
1572 2207 1694 2286 aliqua

357 2316 509 2376 aliarum
533 2315 714 2387 virtutum,
739 2333 820 2375 cum
842 2314 968 2375 barum
1005 2314 1164 2393 quelibet
1201 2317 1441 2377 consentanea
1474 2314 1521 2377 sit
1555 2317 1693 2377 nature.

356 2421 489 2483 Amare
513 2422 606 2483 enim
629 2422 763 2482 bonum
786 2421 1006 2484 voluntatem
1031 2423 1183 2501 oportet,
1208 2422 1240 2483 si
1272 2422 1341 2483 sibi
1368 2422 1436 2483 sub
1459 2439 1525 2483 sua
1548 2422 1693 2483 racione

358 2532 584 2601 monstretur,
621 2529 780 2608 quelibet
814 2530 934 2590 autem
969 2529 1084 2589 virtus
1130 2528 1307 2591 voluntati
1347 2530 1617 2608 representatur
1653 2531 1694 2591 ut

357 2638 462 2708 bona,
487 2636 517 2698 si
541 2636 604 2697 tali
628 2636 769 2697 nomine
793 2637 1018 2715 nuncupetur
1041 2635 1179 2710 eidem:
1204 2638 1246 2697 et'
1263 2636 1294 2697 si
1317 2636 1398 2714 quis
1429 2636 1560 2697 dixerit
1583 2635 1693 2697 iidem

357 2744 450 2804 inter
465 2744 616 2805 virtutes
631 2741 766 2815 haberi,
786 2742 866 2803 dico
883 2742 992 2803 iidem
1007 2742 1159 2804 virtutes
1183 2743 1391 2822 precedere,
1415 2743 1508 2805 sicut
1528 2742 1693 2822 precedit

356 2850 464 2911 ianua
487 2840 714 2911 domums-
738 2848 831 2911 Hinc
847 2850 998 2911 devotus
1021 2847 1276 2922 Bernardus,
1301 2850 1394 2911 libro
1412 2868 1484 2929 quo
1500 2868 1619 2929 supra,
1640 2851 1693 2911 sic

356 2958 494 3036 inquit:
537 2956 741 3019 «Dicamus
763 2955 875 3018 tidem
896 2956 1015 3028 vitem,
1040 2957 1192 3019 virtutes
1224 2957 1399 3037 palmites,
1423 2958 1567 3019 botrum
1590 2974 1691 3036 opus,

357 3064 588 3126 devocionem
611 3064 732 3125 viuum
751 3061 793 3124 ›³.
817 3062 923 3125 Patet
946 3075 1029 3143 ergo
1053 3064 1152 3143 quod
1174 3063 1268 3127 tides
1291 3082 1414 3126 omnes
1437 3065 1589 3125 virtutes
1611 3083 1692 3143 pre-

358 3172 453 3233 cedit
481 3173 521 3232 ut
543 3172 656 3241 radix,
681 3171 798 3250 prima
820 3170 879 3231 vei
900 3173 1016 3232 mater
1040 3190 1164 3232 earum
1188 3175 1224 3233 et
1247 3172 1343 3233 nullo
1366 3171 1523 3233 naturali
1537 3171 1693 3251 impulsu

356 3280 404 3340 ad
426 3278 611 3358 potencias
644 3277 795 3349 accedit,
830 3278 894 3339 sed
917 3280 1019 3340 actus
1044 3278 1130 3350 eius,
1166 3296 1233 3357 pro
1267 3279 1396 3358 quibus
1431 3278 1585 3357 expedit,
1621 3278 1691 3358 spi·

356 3390 457 3448 ratur
479 3404 502 3446 a
524 3384 611 3457 Deo,
637 3385 704 3446 sub
729 3402 799 3463 quo
823 3385 965 3446 demum
989 3404 1071 3464 spes
1101 3388 1137 3446 et
1159 3403 1261 3446 amor
1295 3386 1504 3465 gignuntur:
1541 3404 1584 3447 ex
1620 3403 1691 3464 quo

355 3493 492 3572 liquido
516 3493 629 3554 claret
664 3492 773 3553 talem
803 3489 914 3552 iidem
950 3510 1109 3554 errorem
1144 3511 1215 3554 non
1249 3493 1450 3564 admittere,
1474 3510 1591 3571 neque
1615 3511 1690 3554 cre·

356 3600 500 3662 dentem
525 3599 693 3678 decipere
716 3616 832 3678 posse.
859 3630 901 3639 —
923 3596 979 3660 Ea
1001 3602 1153 3678 propter
1174 3600 1212 3660 in
1234 3600 1327 3661 libro
1361 3597 1422 3661 De
1456 3595 1690 3661 Trinitate

356 3706 444 3768 dicit
466 3704 716 3787 Rycardus.
757 3703 935 3766 «Utinam
958 3706 1189 3768 attenderent
1221 3704 1341 3768 Iudei!
1366 3706 1502 3768 utinam
1525 3707 1690 3768 adverte·

355 3817 435 3875 rent
458 3816 494 3875 et
517 3813 668 3894 pagani!
688 3834 716 3875 i.

461 3920 549 3982 Cum
574 3923 708 3999 quanta
732 3920 955 3981 consciencie
978 3920 1182 3993 securitate,
1207 3939 1274 4000 pro
1297 3920 1365 3981 bac
1388 3922 1502 3999 parte,
1527 3919 1576 3981 ad
1599 3920 1688 3982 divi·
1703 3909 1734 3973 3·

355 4048 438 4090 num
460 4027 632 4090 iudicium
653 4027 849 4106 poterimus
872 4026 1071 4089 accedere?
1098 4025 1224 4089 Nonne
1247 4045 1327 4090 cum
1350 4028 1447 4089 omni
1465 4026 1689 4089 confidencia

354 4135 430 4197 Deo
455 4136 577 4197 dicere
598 4118 809 4214 poterimus:
848 4132 1036 4207 «Domine,
1071 4134 1102 4195 si
1136 4152 1239 4197 error
1261 4137 1325 4205 est,
1349 4152 1373 4194 a
1396 4134 1512 4213 teipso
1546 4134 1689 4213 decepti

354 4261 492 4305 sumus:
517 4260 600 4303 nam
623 4242 693 4304 ista
716 4241 825 4303 tantis
848 4241 957 4320 signis
981 4242 1017 4301 et
1040 4240 1212 4321 prodigiis
1237 4240 1449 4303 confirmata
1472 4244 1555 4302 sunt
1578 4242 1614 4302 et
1637 4242 1688 4301 ta·

354 4350 457 4422 libus,
483 4367 552 4428 que
575 4368 647 4410 non
670 4348 738 4410 nisi
760 4365 827 4428 per
849 4349 885 4409 te
907 4345 989 4409 fieri
1012 4350 1172 4428 possunt,
1197 4350 1233 4409 et
1256 4350 1354 4409 certe
1378 4367 1400 4408 a
1423 4364 1559 4409 summe
1587 4364 1689 4409 sanc·

355 4457 466 4518 titatis
489 4456 577 4517 viris
600 4457 682 4518 sunt
706 4455 808 4516 nobis
832 4455 976 4527 tradita,
1000 4473 1082 4515 cum
1105 4470 1244 4517 summa
1268 4457 1304 4515 et
1326 4454 1506 4516 autentica
1543 4456 1689 4515 attesta-

354 4564 456 4626 cione
494 4564 658 4642 probata,
700 4562 816 4641 teipso
864 4565 1081 4641 cooperante
1124 4564 1162 4622 et
1210 4578 1411 4623 sermonem
1455 4560 1689 4622 confirmante

354 4671 585 4750 sequentibus
608 4668 777 4749 signisl»

459 5108 480 5177 ¹)
499 5110 529 5163 S.
548 5110 645 5163 BERN.
665 5109 766 5177 Super
783 5108 896 5163 Cautio.
918 5108 1040 5173 Guntia,
1059 5107 1168 5162 Semo
1185 5107 1325 5160 XXVIII:
1351 5107 1387 5159 In
1407 5106 1497 5173 oper.
1515 5105 1552 5167 11,
1572 5100 1634 5159 925.

460 5196 480 5263 ’l
500 5200 528 5253 S.
548 5201 655 5264 PAUL,
674 5199 688 5251 1
707 5201 750 5251 ad
769 5198 945 5262 eor.,11,9.

460 5286 481 5355 ³)
500 5288 531 5341 S.
550 5288 648 5341 BERN.
668 5287 768 5355 Super
788 5288 901 5341 cantic.
924 5288 1046 5354 contin,
1065 5286 1173 5341 Sermo
1189 5287 1295 5340 LXIII.
1323 5287 1359 5339 In
1379 5286 1471 5353 Oper.
1487 5286 1524 5351 11,
1544 5286 1622 5339 1081.

1550 5406 1578 5448 n
