4300 6117
861 919 1047 974 IOHANNIS
1069 919 1251 974 DOMINICI
1656 910 1719 974 137

378 1145 436 1205 sat
460 1145 514 1206 est
530 1143 665 1204 vidisse
683 1143 761 1205 sine
785 1141 859 1205 lide
874 1142 1111 1222 Xpistianum‚
1130 1161 1232 1204 usum
1248 1143 1354 1204 liberi
1363 1143 1505 1205 arbitrii
1517 1143 1717 1223 habentem,

380 1249 556 1311 neminem
580 1247 667 1322 iore,
692 1267 810 1329 neque
832 1250 939 1312 alicui
961 1249 1071 1311 licere
1094 1248 1320 1330 Xpistianum
1344 1268 1415 1312 non
1439 1267 1525 1312 esse.

468 1353 650 1435 Numquid
673 1356 780 1437 igitur
801 1375 933 1437 pueros
956 1357 993 1418 in
1016 1358 1112 1419 etate
1136 1357 1268 1419 tenella
1292 1360 1327 1419 et
1356 1357 1608 1419 adolescencia
1630 1357 1719 1419 inita
1734 1352 1764 1415 5.

380 1460 510 1525 Ovidio
533 1463 591 1524 vel
614 1461 765 1535 Maroni,
791 1461 935 1524 Lucano
958 1464 1016 1525 vel
1047 1461 1222 1536 Ciceroni,
1253 1458 1442 1526 Terrentio
1470 1464 1529 1524 vel
1552 1464 1720 1543 cuiquam

379 1569 525 1648 tragico,
550 1567 625 1633 fide
647 1568 766 1650 Xpisti
783 1570 994 1633 imbuendos
1010 1569 1222 1633 trademus?
1260 1569 1418 1632 Heccine
1434 1572 1516 1632 suut
1536 1569 1601 1632 hec
1622 1570 1719 1632 rudi-

379 1679 500 1738 menta
511 1675 598 1738 lidei
613 1675 888 1756 Xpistianitatis‚
902 1677 1010 1739 inicia
1025 1676 1224 1756 primordia
1238 1677 1418 1757 religionis
1435 1676 1581 1738 divine?
1599 1676 1718 1740 Primo

380 1784 434 1844 est
457 1801 547 1862 puer
569 1783 720 1845 alendus
744 1783 781 1844 in
803 1781 887 1856 fide,
912 1783 1102 1846 lactandus
1127 1784 1268 1846 nomine
1291 1782 1419 1863 Xpisti,
1453 1787 1492 1845 ut
1514 1785 1606 1846 bene
1629 1784 1719 1846 illud

378 1889 529 1951 imbibat
553 1893 589 1952 et
611 1890 782 1952 uberibus
806 1891 931 1953 matris
954 1889 1116 1953 Ecclesie
1139 1891 1361 1963 nutriendus,
1384 1894 1579 1970 autequam
1606 1909 1718 1952 mere·

378 1997 526 2070 triculis,
552 2000 591 2058 ut
613 1993 788 2077 Torquati
812 1998 996 2059 vocabulis
1020 2001 1113 2069 utar,
1138 1998 1357 2060 occidendus
1381 1997 1549 2060 tradatur
1562 1995 1583 2069 1,
1600 1998 1633 2058 si
1647 1998 1718 2060 illis

378 2105 498 2165 tamen
522 2104 590 2166 erit
613 2122 770 2184 uuquam
793 2105 984 2167 sistendus.

467 2209 646 2273 Fortassis
670 2211 800 2290 aliquis
833 2212 940 2285 dicet,
964 2212 1046 2290 pari
1081 2212 1236 2284 racione,
1260 2230 1333 2272 non
1361 2212 1446 2273 licet
1473 2211 1595 2292 pueris
1630 2212 1718 2273 aris·
1732 2206 1763 2268 6.

379 2318 546 2380 melleam
568 2335 684 2389 nosse,
708 2320 772 2380 aut
793 2319 955 2398 aliquam
977 2317 1224 2380 mechanicam
1246 2320 1372 2388 artem,
1397 2320 1590 2397 antequam
1613 2318 1719 2398 plene

377 2422 488 2486 iidem
510 2425 699 2505 percipiat,
716 2425 801 2505 quia
824 2427 996 2488 nonlicet
1011 2425 1240 2505 Xpistianum
1263 2444 1333 2488 uon
1350 2443 1439 2498 esse,
1458 2428 1493 2487 ei
1508 2423 1718 2505 Xpistianus

379 2534 434 2593 est
456 2532 583 2604 nullus,
609 2533 670 2611 qui
693 2551 760 2612 pro
776 2551 839 2595 sue
855 2533 1068 2612 capacitatis
1085 2532 1230 2594 modulo
1246 2532 1365 2612 Xpisti
1379 2531 1491 2594 fidem
1505 2551 1578 2595 non
1597 2532 1716 2608 habet,

377 2635 481 2700 Hanc
510 2640 774 2702 conclusionem
807 2652 872 2720 ego
903 2641 1036 2721 quippe
1066 2640 1222 2702 libenter
1252 2640 1459 2719 amplector,
1494 2658 1648 2702 veneror
1682 2643 1718 2701 et

378 2746 588 2808 commendo
601 2744 622 2808 ².
647 2745 792 2808 Utinam
822 2747 913 2810 tales
945 2765 1114 2818 essemus,
1150 2748 1212 2826 qui
1242 2746 1471 2809 crederemus
1501 2750 1611 2826 atque
1645 2746 1717 2808 vel·

378 2851 490 2914 lemus
513 2871 579 2915 uos
602 2854 678 2915 celo
703 2856 806 2916 natos
830 2872 919 2926 esse,
944 2872 1015 2916 non
1044 2856 1151 2926 terre,
1176 2854 1244 2917 sed
1274 2855 1425 2916 divicias
1455 2854 1578 2915 mundi
1612 2852 1716 2915 huius

379 2977 458 3021 cum
474 2958 603 3039 Xpisto
627 2962 663 3022 et
686 2961 873 3042 discipulis
897 2962 973 3024 eius
996 2963 1205 3042 putaremus
1229 2959 1363 3023 effectu
1385 2959 1543 3032 fallaces,
1567 2979 1743 3022 veraces.

377 3084 464 3129 vero
488 3084 559 3145 que
581 3071 662 3130 suut
684 3068 722 3130 in
746 3086 798 3140 eo¹
824 3069 871 3130 de
903 3087 973 3148 quo
991 3058 1005 3151 {i
1031 3070 1156 3130 sancte
1184 3071 1333 3130 sanctus
1363 3067 1579 3148 Apostolus²
1605 3067 1714 3129 dicit:
1802 3053 1924 3118 1-43'0

381 3191 396 3226 r
422 3171 463 3234 In
487 3192 558 3253 quo
582 3178 664 3237 sunt
687 3193 808 3238 omnes
831 3175 992 3237 thesauri
1015 3176 1170 3237 sciencie
1194 3177 1229 3237 et
1264 3175 1447 3254 sapiencie
1474 3174 1543 3236 Dei
1565 3177 1714 3237 abscon·

379 3280 445 3342 diti
461 3301 476 3334 s
494 3278 523 3341 ³!

466 3386 525 3449 Ad
547 3389 746 3468 genitorum
775 3407 933 3451 amorem
967 3389 1143 3469 amplexis
1152 3386 1175 3460 ⁴,
1209 3388 1350 3460 osculis,
1374 3389 1591 3459 muneribus,
1619 3388 1715 3450 ludis
1728 3374 1758 3437 7·

377 3497 413 3556 et
436 3494 532 3556 mille
548 3495 615 3556 viis
631 3497 837 3557 nutriuntur
850 3493 1016 3569 infantes,
1041 3499 1082 3558 ut
1098 3498 1364 3557 sacramentum
1379 3495 1553 3557 naturalis
1568 3495 1714 3576 pietatis

377 3604 461 3663 ante
484 3620 624 3663 omnem
647 3605 763 3665 artem
786 3603 971 3683 procedat,
997 3606 1032 3666 ei
1055 3621 1158 3666 amor
1187 3603 1339 3669 divinus.
1368 3603 1430 3682 qui
1453 3600 1605 3683 gignitur
1628 3602 1715 3663 assi·

378 3708 450 3770 dua
472 3708 626 3771 lectione
650 3712 685 3771 et
707 3710 962 3790 predicacione
987 3711 1165 3782 continua,
1188 3709 1420 3790 negligendus
1444 3709 1611 3789 putatur!
1644 3708 1715 3770 Au·

377 3815 505 3877 dacter
520 3834 617 3888 sane,
633 3817 810 3879 audacter
825 3818 917 3890 dico,
931 3836 1003 3880 non
1015 3819 1183 3896 oportere
1196 3817 1393 3896 quicquam
1404 3817 1477 3877 iam
1488 3818 1627 3878 mature
1639 3819 1716 3878 tan·

379 3940 486 4001 quam
496 3922 622 3985 sedulo
633 3923 797 3995 infantes,
809 3942 940 4004 pueros
952 3927 988 3986 et
1003 3924 1292 3986 adolescentulos
1308 3941 1414 3985 nosse
1432 3941 1540 4002 quam
1549 3921 1717 4004 Xpistum

377 4032 517 4092 eleum
541 4049 673 4092 amare.
697 4029 809 4093 Nemo
831 4033 952 4111 potest
973 4031 1023 4093 ad
1046 4029 1256 4093 felicitatem
1278 4030 1416 4093 minare
1451 4030 1520 4091 nisi
1543 4029 1715 4110 Xpistus:

377 4134 435 4197 hic
457 4139 572 4217 pater,
596 4137 654 4199 hic
677 4138 758 4210 dux,
783 4138 841 4200 hic
863 4138 933 4210 lux,
958 4138 1016 4200 hic
1039 4138 1151 4210 cibus,
1175 4136 1233 4199 hic
1256 4137 1363 4209 salus,
1393 4136 1450 4198 hic
1478 4138 1547 4208 via,
1580 4137 1715 4199 veritas

380 4246 415 4305 et
437 4243 522 4305 vita.
544 4242 623 4305 Non
638 4245 743 4307 video
758 4264 870 4325 quare
886 4265 956 4307 uon
974 4245 1097 4326 magis,
1111 4245 1275 4307 omnibus
1292 4244 1542 4323 pretermissis,
1559 4243 1715 4324 Xpistia-

377 4350 451 4411 nuli
474 4351 550 4413 sive
574 4351 784 4414 rudimentis
807 4350 895 4414 fidei
918 4352 1109 4426 nutriendi,
1134 4355 1173 4414 ut
1197 4369 1277 4412 cum
1301 4351 1483 4413 intellectu
1502 4352 1622 4413 norint
1645 4369 1716 4431 que

378 4565 590 4574 ——.—.

484 4731 517 4791 α)
537 4730 569 4791 †
589 4729 711 4783 Paulus.

486 4905 507 4974 ²)
526 4907 625 4962 BoET.
643 4909 690 4962 De
711 4908 828 4962 Consul.
846 4909 1022 4976 Philosopb.
1041 4909 1062 4961 1.
1082 4909 1183 4961 Prusa
1196 4911 1309 4976 primu.
1326 4908 1437 4975 Migne,
1454 4907 1557 4970 LXIII,
1576 4905 1637 4960 590.

486 4993 507 5060 ⁹)
525 4997 573 5051 On
591 5013 631 5051 ne
645 4999 718 5064 pent
732 4998 922 5065 s'empecher
933 4998 973 5050 de
986 4999 1113 5051 trouver
1127 4999 1208 5051 cette
1222 4997 1400 5051 conclusion
1413 5011 1471 5064 par
1484 4998 1554 5062 trop
1568 4994 1715 5049 radicale.

488 5082 509 5150 ’l
528 5085 557 5140 S.
578 5087 684 5151 PAUL,
703 5089 746 5139 ud
765 5086 888 5150 coloss..
906 5097 936 5150 Π,
955 5086 981 5140 ³.

486 5171 508 5239 ⁴)
528 5175 610 5228 Pour
628 5177 826 5242 amplexibus.
