<?xml version="1.0" encoding="UTF-8"?>
<!DOCTYPE html PUBLIC "-//W3C//DTD XHTML 1.0 Transitional//EN"
    "http://www.w3.org/TR/xhtml1/DTD/xhtml1-transitional.dtd">
<html xmlns="http://www.w3.org/1999/xhtml" xml:lang="en" lang="en">
 <head>
  <title>
</title>
<meta http-equiv="Content-Type" content="text/html;charset=utf-8" />
  <meta name='ocr-system' content='tesseract 3.04.00' />
  <meta name='ocr-capabilities' content='ocr_page ocr_carea ocr_par ocr_line ocrx_word'/>
</head>
<body>
  <div class='ocr_page' id='page_1' title='image "./luculanoctis00domigoog_0217.png"; bbox 0 0 4300 6117; ppageno 0'>
   <div class='ocr_carea' id='block_1_1' title="bbox 849 899 1716 966">
    <p class='ocr_par' dir='ltr' id='par_1_1' title="bbox 849 899 1716 966">
     <span class='ocr_line' id='line_1_1' title="bbox 849 899 1716 966; baseline -0.001 -1"><span class='ocrx_word' id='word_1_1' title='bbox 849 912 1036 966; x_wconf 80' lang='lat' dir='ltr'>IOHANNIS</span> <span class='ocrx_word' id='word_1_2' title='bbox 1059 911 1240 966; x_wconf 83' lang='lat' dir='ltr'>DOMINICI</span> <span class='ocrx_word' id='word_1_3' title='bbox 1670 899 1716 964; x_wconf 80' lang='grc'><strong>93</strong></span> 
     </span>
    </p>
   </div>
   <div class='ocr_carea' id='block_1_2' title="bbox 384 1134 1721 2180">
    <p class='ocr_par' dir='ltr' id='par_1_2' title="bbox 384 1134 1721 2180">
     <span class='ocr_line' id='line_1_2' title="bbox 385 1134 1715 1217; baseline -0.002 -19"><span class='ocrx_word' id='word_1_4' title='bbox 385 1155 456 1217; x_wconf 92' lang='lat' dir='ltr'><strong>quo</strong></span> <span class='ocrx_word' id='word_1_5' title='bbox 480 1156 603 1199; x_wconf 91' lang='lat' dir='ltr'><strong>eorum</strong></span> <span class='ocrx_word' id='word_1_6' title='bbox 626 1139 801 1208; x_wconf 89' lang='lat' dir='ltr'><strong>auctores,</strong></span> <span class='ocrx_word' id='word_1_7' title='bbox 841 1139 904 1198; x_wconf 91' lang='lat' dir='ltr'><strong>aut</strong></span> <span class='ocrx_word' id='word_1_8' title='bbox 927 1138 1010 1198; x_wconf 89' lang='lat' dir='ltr'><strong>sunt</strong></span> <span class='ocrx_word' id='word_1_9' title='bbox 1032 1137 1152 1216; x_wconf 82' lang='lat' dir='ltr'><strong>ignoti,</strong></span> <span class='ocrx_word' id='word_1_10' title='bbox 1191 1139 1253 1196; x_wconf 90' lang='lat' dir='ltr'><strong>aut</strong></span> <span class='ocrx_word' id='word_1_11' title='bbox 1276 1154 1347 1196; x_wconf 91' lang='lat' dir='ltr'><strong>non</strong></span> <span class='ocrx_word' id='word_1_12' title='bbox 1370 1135 1467 1214; x_wconf 79' lang='lat' dir='ltr'><strong>digni</strong></span> <span class='ocrx_word' id='word_1_13' title='bbox 1489 1134 1715 1206; x_wconf 88' lang='lat' dir='ltr'><strong>auctoritate,</strong></span> 
     </span>
     <span class='ocr_line' id='line_1_3' title="bbox 385 1239 1718 1324; baseline -0.003 -18"><span class='ocrx_word' id='word_1_14' title='bbox 385 1245 447 1324; x_wconf 90' lang='lat' dir='ltr'><strong>qui</strong></span> <span class='ocrx_word' id='word_1_15' title='bbox 471 1263 593 1306; x_wconf 89' lang='lat' dir='ltr'><strong>eorum</strong></span> <span class='ocrx_word' id='word_1_16' title='bbox 615 1245 727 1306; x_wconf 86' lang='lat' dir='ltr'><strong>vitam</strong></span> <span class='ocrx_word' id='word_1_17' title='bbox 750 1244 904 1324; x_wconf 85' lang='lat' dir='ltr'><strong>posteris</strong></span> <span class='ocrx_word' id='word_1_18' title='bbox 928 1243 1120 1305; x_wconf 91' lang='lat' dir='ltr'><strong>scribendo</strong></span> <span class='ocrx_word' id='word_1_19' title='bbox 1144 1241 1384 1304; x_wconf 76' lang='lat' dir='ltr'><strong>mandarunt?</strong></span> <span class='ocrx_word' id='word_1_20' title='bbox 1419 1239 1488 1303; x_wconf 93' lang='lat' dir='ltr'><strong>Hic</strong></span> <span class='ocrx_word' id='word_1_21' title='bbox 1510 1241 1718 1321; x_wconf 82' lang='lat' dir='ltr'>prohibebit</span> 
     </span>
     <span class='ocr_line' id='line_1_4' title="bbox 384 1345 1718 1430; baseline -0.003 -17"><span class='ocrx_word' id='word_1_22' title='bbox 384 1352 522 1430; x_wconf 91' lang='lat' dir='ltr'><strong>pariter</strong></span> <span class='ocrx_word' id='word_1_23' title='bbox 543 1352 718 1413; x_wconf 89' lang='lat' dir='ltr'><strong>lecturam</strong></span> <span class='ocrx_word' id='word_1_24' title='bbox 741 1350 815 1423; x_wconf 93' lang='lat' dir='ltr'><strong>Iob,</strong></span> <span class='ocrx_word' id='word_1_25' title='bbox 855 1349 984 1422; x_wconf 91' lang='lat' dir='ltr'><strong>Iudith,</strong></span> <span class='ocrx_word' id='word_1_26' title='bbox 1023 1348 1164 1422; x_wconf 79' lang='lat' dir='ltr'><strong>Esther,</strong></span> <span class='ocrx_word' id='word_1_27' title='bbox 1199 1345 1323 1421; x_wconf 86' lang='lat' dir='ltr'><strong>Tobie,</strong></span> <span class='ocrx_word' id='word_1_28' title='bbox 1361 1349 1446 1409; x_wconf 86' lang='lat' dir='ltr'><strong>libri</strong></span> <span class='ocrx_word' id='word_1_29' title='bbox 1469 1346 1659 1428; x_wconf 90' lang='lat' dir='ltr'><strong>Sapiencie</strong></span> <span class='ocrx_word' id='word_1_30' title='bbox 1682 1350 1718 1409; x_wconf 92' lang='lat' dir='ltr'><strong>et</strong></span> 
     </span>
     <span class='ocr_line' id='line_1_5' title="bbox 385 1454 1719 1540; baseline -0.004 -20"><span class='ocrx_word' id='word_1_31' title='bbox 385 1457 674 1530; x_wconf 83' lang='lat' dir='ltr'><strong>Machabeorum,</strong></span> <span class='ocrx_word' id='word_1_32' title='bbox 700 1476 852 1536; x_wconf 92' lang='lat' dir='ltr'><strong>quorum</strong></span> <span class='ocrx_word' id='word_1_33' title='bbox 867 1460 1033 1519; x_wconf 85' lang='lat' dir='ltr'><strong>auctores</strong></span> <span class='ocrx_word' id='word_1_34' title='bbox 1050 1457 1220 1518; x_wconf 87' lang='lat' dir='ltr'><strong>dicuntur</strong></span> <span class='ocrx_word' id='word_1_35' title='bbox 1233 1456 1385 1518; x_wconf 77' lang='lat' dir='ltr'><strong>incerti?</strong></span> <span class='ocrx_word' id='word_1_36' title='bbox 1408 1454 1503 1540; x_wconf 81' lang='lat' dir='ltr'><strong>Quid</strong></span> <span class='ocrx_word' id='word_1_37' title='bbox 1520 1456 1566 1518; x_wconf 90' lang='lat' dir='ltr'><strong>de</strong></span> <span class='ocrx_word' id='word_1_38' title='bbox 1582 1456 1719 1534; x_wconf 89' lang='lat' dir='ltr'><strong>passio·</strong></span> 
     </span>
     <span class='ocr_line' id='line_1_6' title="bbox 385 1562 1718 1644; baseline -0.004 -17"><span class='ocrx_word' id='word_1_39' title='bbox 385 1567 489 1627; x_wconf 90' lang='lat' dir='ltr'><strong>nibus</strong></span> <span class='ocrx_word' id='word_1_40' title='bbox 513 1566 706 1627; x_wconf 90' lang='lat' dir='ltr'><strong>multorum</strong></span> <span class='ocrx_word' id='word_1_41' title='bbox 729 1567 936 1626; x_wconf 89' lang='lat' dir='ltr'><strong>sanctorum</strong></span> <span class='ocrx_word' id='word_1_42' title='bbox 959 1567 996 1626; x_wconf 91' lang='lat' dir='ltr'><strong>et</strong></span> <span class='ocrx_word' id='word_1_43' title='bbox 1019 1564 1099 1625; x_wconf 90' lang='lat' dir='ltr'><strong>aliis</strong></span> <span class='ocrx_word' id='word_1_44' title='bbox 1115 1563 1222 1644; x_wconf 82' lang='lat' dir='ltr'><strong>gestis</strong></span> <span class='ocrx_word' id='word_1_45' title='bbox 1239 1562 1503 1642; x_wconf 83' lang='lat' dir='ltr'><strong>quamplurium</strong></span> <span class='ocrx_word' id='word_1_46' title='bbox 1518 1563 1718 1633; x_wconf 90' lang='lat' dir='ltr'><strong>beatorum,</strong></span> 
     </span>
     <span class='ocr_line' id='line_1_7' title="bbox 386 1670 1719 1752; baseline -0.003 -18"><span class='ocrx_word' id='word_1_47' title='bbox 386 1691 537 1752; x_wconf 89' lang='lat' dir='ltr'><strong>qnorum</strong></span> <span class='ocrx_word' id='word_1_48' title='bbox 561 1673 732 1751; x_wconf 89' lang='lat' dir='ltr'><strong>exempla,</strong></span> <span class='ocrx_word' id='word_1_49' title='bbox 759 1689 829 1750; x_wconf 92' lang='lat' dir='ltr'><strong>que</strong></span> <span class='ocrx_word' id='word_1_50' title='bbox 846 1671 1045 1733; x_wconf 88' lang='lat' dir='ltr'><strong>certissima</strong></span> <span class='ocrx_word' id='word_1_51' title='bbox 1060 1689 1127 1750; x_wconf 86' lang='lat' dir='ltr'><strong>per</strong></span> <span class='ocrx_word' id='word_1_52' title='bbox 1143 1670 1371 1749; x_wconf 87' lang='lat' dir='ltr'><strong>predicantes</strong></span> <span class='ocrx_word' id='word_1_53' title='bbox 1392 1673 1719 1749; x_wconf 84' lang='lat' dir='ltr'><strong>quantumcumque</strong></span> 
     </span>
     <span class='ocr_line' id='line_1_8' title="bbox 385 1775 1718 1858; baseline -0.002 -18"><span class='ocrx_word' id='word_1_54' title='bbox 385 1778 541 1842; x_wconf 77' lang='lat' dir='ltr'><strong>famosos</strong></span> <span class='ocrx_word' id='word_1_55' title='bbox 565 1781 601 1842; x_wconf 92' lang='lat' dir='ltr'><strong>et</strong></span> <span class='ocrx_word' id='word_1_56' title='bbox 624 1780 751 1841; x_wconf 92' lang='lat' dir='ltr'><strong>doctos</strong></span> <span class='ocrx_word' id='word_1_57' title='bbox 768 1778 975 1840; x_wconf 88' lang='lat' dir='ltr'><strong>veneranda</strong></span> <span class='ocrx_word' id='word_1_58' title='bbox 1000 1779 1138 1858; x_wconf 90' lang='lat' dir='ltr'><strong>pariter</strong></span> <span class='ocrx_word' id='word_1_59' title='bbox 1157 1781 1193 1839; x_wconf 89' lang='lat' dir='ltr'><strong>et</strong></span> <span class='ocrx_word' id='word_1_60' title='bbox 1210 1778 1383 1839; x_wconf 82' lang='lat' dir='ltr'><strong>imitanda</strong></span> <span class='ocrx_word' id='word_1_61' title='bbox 1398 1775 1560 1839; x_wconf 86' lang='lat' dir='ltr'><strong>fidelium</strong></span> <span class='ocrx_word' id='word_1_62' title='bbox 1576 1776 1718 1856; x_wconf 90' lang='lat' dir='ltr'><strong>populis</strong></span> 
     </span>
     <span class='ocr_line' id='line_1_9' title="bbox 385 1880 1721 1963; baseline -0.002 -16"><span class='ocrx_word' id='word_1_63' title='bbox 385 1885 607 1949; x_wconf 82' lang='lat' dir='ltr'><strong>recitantur?</strong></span> <span class='ocrx_word' id='word_1_64' title='bbox 645 1885 782 1948; x_wconf 89' lang='lat' dir='ltr'><strong>Verum</strong></span> <span class='ocrx_word' id='word_1_65' title='bbox 815 1887 845 1946; x_wconf 89' lang='lat' dir='ltr'><strong>si</strong></span> <span class='ocrx_word' id='word_1_66' title='bbox 869 1885 987 1946; x_wconf 91' lang='lat' dir='ltr'><strong>adhuc</strong></span> <span class='ocrx_word' id='word_1_67' title='bbox 1023 1885 1247 1947; x_wconf 88' lang='lat' dir='ltr'><strong>contencioni</strong></span> <span class='ocrx_word' id='word_1_68' title='bbox 1270 1884 1430 1946; x_wconf 84' lang='lat' dir='ltr'><strong>deservis</strong></span> <span class='ocrx_word' id='word_1_69' title='bbox 1453 1884 1634 1963; x_wconf 88' lang='lat' dir='ltr'><strong>inquiens:</strong></span> <span class='ocrx_word' id='word_1_70' title='bbox 1672 1880 1721 1944; x_wconf 91' lang='lat' dir='ltr'><strong>Et</strong></span> 
     </span>
     <span class='ocr_line' id='line_1_10' title="bbox 385 1991 1720 2072; baseline -0.004 -17"><span class='ocrx_word' id='word_1_71' title='bbox 385 1994 416 2056; x_wconf 90' lang='lat' dir='ltr'><strong>si</strong></span> <span class='ocrx_word' id='word_1_72' title='bbox 438 1994 550 2072; x_wconf 90' lang='lat' dir='ltr'><strong>aliqui</strong></span> <span class='ocrx_word' id='word_1_73' title='bbox 573 2012 698 2055; x_wconf 90' lang='lat' dir='ltr'><strong>eorum</strong></span> <span class='ocrx_word' id='word_1_74' title='bbox 721 1991 821 2055; x_wconf 86' lang='lat' dir='ltr'><strong>tuere</strong></span> <span class='ocrx_word' id='word_1_75' title='bbox 845 1993 1008 2064; x_wconf 83' lang='lat' dir='ltr'><strong>modesti,</strong></span> <span class='ocrx_word' id='word_1_76' title='bbox 1049 2011 1121 2054; x_wconf 92' lang='lat' dir='ltr'><strong>non</strong></span> <span class='ocrx_word' id='word_1_77' title='bbox 1143 1994 1265 2052; x_wconf 89' lang='lat' dir='ltr'><strong>tamen</strong></span> <span class='ocrx_word' id='word_1_78' title='bbox 1287 2010 1419 2064; x_wconf 90' lang='lat' dir='ltr'><strong>omnes,</strong></span> <span class='ocrx_word' id='word_1_79' title='bbox 1459 1992 1534 2052; x_wconf 91' lang='lat' dir='ltr'><strong>scio</strong></span> <span class='ocrx_word' id='word_1_80' title='bbox 1557 1991 1624 2052; x_wconf 92' lang='lat' dir='ltr'><strong>tibi</strong></span> <span class='ocrx_word' id='word_1_81' title='bbox 1648 1991 1720 2050; x_wconf 92' lang='lat' dir='ltr'><strong>iam</strong></span> 
     </span>
     <span class='ocr_line' id='line_1_11' title="bbox 386 2099 1049 2180; baseline -0.003 -18"><span class='ocrx_word' id='word_1_82' title='bbox 386 2101 615 2180; x_wconf 88' lang='lat' dir='ltr'><strong>respondisse</strong></span> <span class='ocrx_word' id='word_1_83' title='bbox 638 2099 826 2172; x_wconf 88' lang='lat' dir='ltr'><strong>Nasonem,</strong></span> <span class='ocrx_word' id='word_1_84' title='bbox 852 2100 1049 2161; x_wconf 87' lang='lat' dir='ltr'><strong>dicentem:</strong></span> 
     </span>
    </p>
   </div>
   <div class='ocr_carea' id='block_1_3' title="bbox 613 2235 1497 2306">
    <p class='ocr_par' dir='ltr' id='par_1_3' title="bbox 613 2235 1497 2306">
     <span class='ocr_line' id='line_1_12' title="bbox 613 2235 1497 2306; baseline -0.003 -17"><span class='ocrx_word' id='word_1_85' title='bbox 613 2239 758 2290; x_wconf 83' lang='lat' dir='ltr'><strong>«Parcite</strong></span> <span class='ocrx_word' id='word_1_86' title='bbox 777 2253 946 2306; x_wconf 87' lang='lat' dir='ltr'><strong>paucorum</strong></span> <span class='ocrx_word' id='word_1_87' title='bbox 964 2238 1081 2290; x_wconf 86' lang='lat' dir='ltr'><strong>crimen</strong></span> <span class='ocrx_word' id='word_1_88' title='bbox 1098 2237 1273 2290; x_wconf 71' lang='lat' dir='ltr'><strong>diffundere</strong></span> <span class='ocrx_word' id='word_1_89' title='bbox 1291 2237 1324 2288; x_wconf 90' lang='lat' dir='ltr'><strong>in</strong></span> <span class='ocrx_word' id='word_1_90' title='bbox 1342 2235 1497 2289; x_wconf 80' lang='lat' dir='ltr'><strong>omnes›¹</strong></span> 
     </span>
    </p>
   </div>
   <div class='ocr_carea' id='block_1_4' title="bbox 385 2382 1720 2998">
    <p class='ocr_par' dir='ltr' id='par_1_4' title="bbox 385 2382 1720 2998">
     <span class='ocr_line' id='line_1_13' title="bbox 492 2382 1720 2464; baseline 0 -20"><span class='ocrx_word' id='word_1_91' title='bbox 492 2382 605 2456; x_wconf 84' lang='lat' dir='ltr'><strong>Unde,</strong></span> <span class='ocrx_word' id='word_1_92' title='bbox 630 2385 660 2446; x_wconf 91' lang='lat' dir='ltr'><strong>si</strong></span> <span class='ocrx_word' id='word_1_93' title='bbox 676 2385 924 2464; x_wconf 90' lang='lat' dir='ltr'><strong>principaliter</strong></span> <span class='ocrx_word' id='word_1_94' title='bbox 939 2388 1065 2446; x_wconf 89' lang='lat' dir='ltr'><strong>contra</strong></span> <span class='ocrx_word' id='word_1_95' title='bbox 1082 2387 1209 2464; x_wconf 90' lang='lat' dir='ltr'><strong>poetas</strong></span> <span class='ocrx_word' id='word_1_96' title='bbox 1233 2383 1505 2446; x_wconf 90' lang='lat' dir='ltr'><strong>exclamandum</strong></span> <span class='ocrx_word' id='word_1_97' title='bbox 1520 2387 1648 2464; x_wconf 90' lang='lat' dir='ltr'><strong>putant</strong></span> <span class='ocrx_word' id='word_1_98' title='bbox 1670 2383 1720 2445; x_wconf 92' lang='lat' dir='ltr'><strong>hii</strong></span> 
     </span>
     <span class='ocr_line' id='line_1_14' title="bbox 385 2489 1719 2570; baseline -0.001 -19"><span class='ocrx_word' id='word_1_99' title='bbox 385 2489 506 2552; x_wconf 88' lang='lat' dir='ltr'><strong>hostes</strong></span> <span class='ocrx_word' id='word_1_100' title='bbox 530 2491 702 2561; x_wconf 81' lang='lat' dir='ltr'><strong>doctrine,</strong></span> <span class='ocrx_word' id='word_1_101' title='bbox 729 2492 812 2569; x_wconf 88' lang='lat' dir='ltr'><strong>quia</strong></span> <span class='ocrx_word' id='word_1_102' title='bbox 836 2491 932 2553; x_wconf 89' lang='lat' dir='ltr'><strong>dulci</strong></span> <span class='ocrx_word' id='word_1_103' title='bbox 956 2509 1043 2553; x_wconf 90' lang='lat' dir='ltr'><strong>sono</strong></span> <span class='ocrx_word' id='word_1_104' title='bbox 1067 2495 1176 2553; x_wconf 87' lang='lat' dir='ltr'><strong>cantu</strong></span> <span class='ocrx_word' id='word_1_105' title='bbox 1199 2492 1368 2552; x_wconf 89' lang='lat' dir='ltr'><strong>mentium</strong></span> <span class='ocrx_word' id='word_1_106' title='bbox 1385 2494 1537 2570; x_wconf 89' lang='lat' dir='ltr'><strong>carpunt</strong></span> <span class='ocrx_word' id='word_1_107' title='bbox 1551 2491 1719 2570; x_wconf 79' lang='lat' dir='ltr'><strong>vigorem,</strong></span> 
     </span>
     <span class='ocr_line' id='line_1_15' title="bbox 386 2596 1720 2678; baseline 0 -20"><span class='ocrx_word' id='word_1_108' title='bbox 386 2597 654 2676; x_wconf 88' lang='lat' dir='ltr'><strong>responsionem</strong></span> <span class='ocrx_word' id='word_1_109' title='bbox 678 2599 879 2678; x_wconf 89' lang='lat' dir='ltr'><strong>percipiant</strong></span> <span class='ocrx_word' id='word_1_110' title='bbox 902 2598 1099 2660; x_wconf 82' lang='lat' dir='ltr'><strong>venerandi</strong></span> <span class='ocrx_word' id='word_1_111' title='bbox 1122 2598 1322 2669; x_wconf 82' lang='lat' dir='ltr'><strong>Boccacci,⁸</strong></span> <span class='ocrx_word' id='word_1_112' title='bbox 1340 2598 1478 2659; x_wconf 91' lang='lat' dir='ltr'><strong>libro</strong></span> <span class='ocrx_word' id='word_1_113' title='bbox 1508 2596 1622 2669; x_wconf 85' lang='lat' dir='ltr'><strong>XIV,</strong></span> <span class='ocrx_word' id='word_1_114' title='bbox 1655 2597 1720 2658; x_wconf 89' lang='lat' dir='ltr'><strong>De</strong></span> 
     </span>
     <span class='ocr_line' id='line_1_16' title="bbox 387 2702 1718 2785; baseline 0.001 -20"><span class='ocrx_word' id='word_1_115' title='bbox 387 2702 706 2785; x_wconf 82' lang='lat' dir='ltr'><strong>Genealogia</strong></span> <span class='ocrx_word' id='word_1_116' title='bbox 741 2706 959 2778; x_wconf 88' lang='lat' dir='ltr'><strong>deorum,</strong></span> <span class='ocrx_word' id='word_1_117' title='bbox 996 2706 1033 2766; x_wconf 91' lang='lat' dir='ltr'><strong>in</strong></span> <span class='ocrx_word' id='word_1_118' title='bbox 1069 2706 1228 2785; x_wconf 90' lang='lat' dir='ltr'><strong>ipsorum</strong></span> <span class='ocrx_word' id='word_1_119' title='bbox 1266 2705 1509 2767; x_wconf 82' lang='lat' dir='ltr'><strong>defensionem</strong></span> <span class='ocrx_word' id='word_1_120' title='bbox 1548 2705 1718 2766; x_wconf 91' lang='lat' dir='ltr'><strong>dicentis:</strong></span> 
     </span>
     <span class='ocr_line' id='line_1_17' title="bbox 390 2806 1719 2885; baseline 0.002 -15"><span class='ocrx_word' id='word_1_121' title='bbox 390 2806 474 2872; x_wconf 78' lang='lat' dir='ltr'><strong>«Tu</strong></span> <span class='ocrx_word' id='word_1_122' title='bbox 497 2815 626 2884; x_wconf 89' lang='lat' dir='ltr'><strong>autem,</strong></span> <span class='ocrx_word' id='word_1_123' title='bbox 652 2812 837 2874; x_wconf 86' lang='lat' dir='ltr'><strong>citharista</strong></span> <span class='ocrx_word' id='word_1_124' title='bbox 861 2812 1012 2883; x_wconf 88' lang='lat' dir='ltr'><strong>celestis,</strong></span> <span class='ocrx_word' id='word_1_125' title='bbox 1037 2811 1166 2885; x_wconf 87' lang='lat' dir='ltr'><strong>David,</strong></span> <span class='ocrx_word' id='word_1_126' title='bbox 1190 2813 1316 2874; x_wconf 87' lang='lat' dir='ltr'><strong>solitus</strong></span> <span class='ocrx_word' id='word_1_127' title='bbox 1339 2812 1530 2873; x_wconf 89' lang='lat' dir='ltr'><strong>dulcedine</strong></span> <span class='ocrx_word' id='word_1_128' title='bbox 1553 2811 1719 2873; x_wconf 87' lang='lat' dir='ltr'><strong>carminis</strong></span> 
     </span>
     <span class='ocr_line' id='line_1_18' title="bbox 386 2910 1718 2998; baseline 0 -20"><span class='ocrx_word' id='word_1_129' title='bbox 386 2913 525 2980; x_wconf 82' lang='lat' dir='ltr'><strong>furores</strong></span> <span class='ocrx_word' id='word_1_130' title='bbox 562 2920 691 2980; x_wconf 89' lang='lat' dir='ltr'><strong>sedare</strong></span> <span class='ocrx_word' id='word_1_131' title='bbox 727 2910 842 2990; x_wconf 73' lang='lat' dir='ltr'><strong>Saul,b</strong></span> <span class='ocrx_word' id='word_1_132' title='bbox 858 2919 889 2980; x_wconf 92' lang='lat' dir='ltr'><strong>si</strong></span> <span class='ocrx_word' id='word_1_133' title='bbox 919 2937 1030 2980; x_wconf 85' lang='lat' dir='ltr'><strong>suave</strong></span> <span class='ocrx_word' id='word_1_134' title='bbox 1059 2919 1207 2998; x_wconf 87' lang='lat' dir='ltr'><strong>aliquid,</strong></span> <span class='ocrx_word' id='word_1_135' title='bbox 1239 2919 1270 2980; x_wconf 94' lang='lat' dir='ltr'><strong>si</strong></span> <span class='ocrx_word' id='word_1_136' title='bbox 1300 2917 1508 2980; x_wconf 88' lang='lat' dir='ltr'><strong>mellifluum</strong></span> <span class='ocrx_word' id='word_1_137' title='bbox 1550 2918 1718 2989; x_wconf 89' lang='lat' dir='ltr'><strong>cecinisti,</strong></span> 
     </span>
    </p>
   </div>
   <div class='ocr_carea' id='block_1_5' title="bbox 387 3024 1722 3425">
    <p class='ocr_par' dir='ltr' id='par_1_5' title="bbox 387 3024 1722 3425">
     <span class='ocr_line' id='line_1_19' title="bbox 387 3024 1720 3105; baseline -0.001 -18"><span class='ocrx_word' id='word_1_138' title='bbox 387 3025 526 3087; x_wconf 90' lang='lat' dir='ltr'><strong>liricum</strong></span> <span class='ocrx_word' id='word_1_139' title='bbox 561 3028 661 3088; x_wconf 88' lang='lat' dir='ltr'><strong>tuum</strong></span> <span class='ocrx_word' id='word_1_140' title='bbox 692 3044 836 3087; x_wconf 92' lang='lat' dir='ltr'><strong>carmen</strong></span> <span class='ocrx_word' id='word_1_141' title='bbox 869 3026 1068 3088; x_wconf 86' lang='lat' dir='ltr'><strong>absconde!</strong></span> <span class='ocrx_word' id='word_1_142' title='bbox 1115 3024 1162 3087; x_wconf 92' lang='lat' dir='ltr'><strong>Et</strong></span> <span class='ocrx_word' id='word_1_143' title='bbox 1186 3028 1233 3098; x_wconf 91' lang='lat' dir='ltr'><strong>tu,</strong></span> <span class='ocrx_word' id='word_1_144' title='bbox 1265 3025 1339 3096; x_wconf 85' lang='lat' dir='ltr'><strong>Iob,</strong></span> <span class='ocrx_word' id='word_1_145' title='bbox 1373 3026 1434 3105; x_wconf 92' lang='lat' dir='ltr'><strong>qui</strong></span> <span class='ocrx_word' id='word_1_146' title='bbox 1464 3025 1608 3087; x_wconf 89' lang='lat' dir='ltr'><strong>labores</strong></span> <span class='ocrx_word' id='word_1_147' title='bbox 1640 3029 1720 3087; x_wconf 90' lang='lat' dir='ltr'><strong>tuos</strong></span> 
     </span>
     <span class='ocr_line' id='line_1_20' title="bbox 388 3132 1720 3214; baseline -0.001 -21"><span class='ocrx_word' id='word_1_148' title='bbox 388 3134 496 3212; x_wconf 89' lang='lat' dir='ltr'><strong>atque</strong></span> <span class='ocrx_word' id='word_1_149' title='bbox 519 3133 736 3211; x_wconf 89' lang='lat' dir='ltr'><strong>patienciam</strong></span> <span class='ocrx_word' id='word_1_150' title='bbox 759 3132 914 3214; x_wconf 86' lang='lat' dir='ltr'><strong>heroyco</strong></span> <span class='ocrx_word' id='word_1_151' title='bbox 938 3133 1095 3194; x_wconf 90' lang='lat' dir='ltr'><strong>carmine</strong></span> <span class='ocrx_word' id='word_1_152' title='bbox 1126 3133 1310 3212; x_wconf 86' lang='lat' dir='ltr'><strong>scripsisti,</strong></span> <span class='ocrx_word' id='word_1_153' title='bbox 1346 3133 1377 3194; x_wconf 90' lang='lat' dir='ltr'><strong>si</strong></span> <span class='ocrx_word' id='word_1_154' title='bbox 1405 3132 1575 3211; x_wconf 83' lang='lat' dir='ltr'><strong>lepidum,</strong></span> <span class='ocrx_word' id='word_1_155' title='bbox 1610 3133 1641 3194; x_wconf 92' lang='lat' dir='ltr'><strong>si</strong></span> <span class='ocrx_word' id='word_1_156' title='bbox 1664 3151 1720 3194; x_wconf 91' lang='lat' dir='ltr'><strong>or·</strong></span> 
     </span>
     <span class='ocr_line' id='line_1_21' title="bbox 389 3238 1720 3319; baseline 0.001 -19"><span class='ocrx_word' id='word_1_157' title='bbox 389 3242 510 3300; x_wconf 89' lang='lat' dir='ltr'><strong>natum</strong></span> <span class='ocrx_word' id='word_1_158' title='bbox 540 3240 596 3312; x_wconf 84' lang='lat' dir='ltr'><strong>sit,</strong></span> <span class='ocrx_word' id='word_1_159' title='bbox 626 3240 724 3301; x_wconf 90' lang='lat' dir='ltr'><strong>idem</strong></span> <span class='ocrx_word' id='word_1_160' title='bbox 757 3238 876 3310; x_wconf 83' lang='lat' dir='ltr'><strong>facito,</strong></span> <span class='ocrx_word' id='word_1_161' title='bbox 907 3258 978 3300; x_wconf 91' lang='lat' dir='ltr'><strong>una</strong></span> <span class='ocrx_word' id='word_1_162' title='bbox 1011 3259 1092 3302; x_wconf 90' lang='lat' dir='ltr'><strong>cnm</strong></span> <span class='ocrx_word' id='word_1_163' title='bbox 1121 3240 1200 3301; x_wconf 92' lang='lat' dir='ltr'><strong>aliis</strong></span> <span class='ocrx_word' id='word_1_164' title='bbox 1231 3240 1344 3301; x_wconf 90' lang='lat' dir='ltr'><strong>sacris</strong></span> <span class='ocrx_word' id='word_1_165' title='bbox 1367 3240 1464 3311; x_wconf 87' lang='lat' dir='ltr'><strong>viris,</strong></span> <span class='ocrx_word' id='word_1_166' title='bbox 1490 3240 1552 3319; x_wconf 87' lang='lat' dir='ltr'><strong>qui</strong></span> <span class='ocrx_word' id='word_1_167' title='bbox 1575 3238 1720 3301; x_wconf 86' lang='lat' dir='ltr'><strong>ethereo</strong></span> 
     </span>
     <span class='ocr_line' id='line_1_22' title="bbox 389 3344 1722 3425; baseline 0.001 -19"><span class='ocrx_word' id='word_1_168' title='bbox 389 3364 495 3408; x_wconf 87' lang='lat' dir='ltr'><strong>versu</strong></span> <span class='ocrx_word' id='word_1_169' title='bbox 510 3346 632 3408; x_wconf 88' lang='lat' dir='ltr'><strong>divina</strong></span> <span class='ocrx_word' id='word_1_170' title='bbox 649 3347 810 3408; x_wconf 90' lang='lat' dir='ltr'><strong>cecinere</strong></span> <span class='ocrx_word' id='word_1_171' title='bbox 825 3347 1009 3408; x_wconf 82' lang='lat' dir='ltr'><strong>misteria»</strong></span> <span class='ocrx_word' id='word_1_172' title='bbox 1023 3347 1043 3408; x_wconf 75' lang='lat'><strong>¹2.</strong></span> <span class='ocrx_word' id='word_1_173' title='bbox 1069 3345 1164 3408; x_wconf 90' lang='lat' dir='ltr'><strong>Saue</strong></span> <span class='ocrx_word' id='word_1_174' title='bbox 1176 3365 1248 3408; x_wconf 92' lang='lat' dir='ltr'><strong>non</strong></span> <span class='ocrx_word' id='word_1_175' title='bbox 1259 3349 1315 3408; x_wconf 90' lang='lat' dir='ltr'><strong>est</strong></span> <span class='ocrx_word' id='word_1_176' title='bbox 1326 3346 1538 3425; x_wconf 82' lang='lat' dir='ltr'><strong>dedignatus</strong></span> <span class='ocrx_word' id='word_1_177' title='bbox 1554 3344 1722 3407; x_wconf 86' lang='lat' dir='ltr'><strong>Salvator</strong></span> 
     </span>
    </p>
   </div>
   <div class='ocr_carea' id='block_1_6' title="bbox 488 3758 1000 3822">
    <p class='ocr_par' dir='ltr' id='par_1_6' title="bbox 488 3758 1000 3822">
     <span class='ocr_line' id='line_1_23' title="bbox 488 3758 1000 3822; baseline -0.006 -12"><span class='ocrx_word' id='word_1_178' title='bbox 488 3761 520 3822; x_wconf 83' lang='lat' dir='ltr'><strong>a)</strong></span> <span class='ocrx_word' id='word_1_179' title='bbox 539 3776 573 3804; x_wconf 92' lang='lat'><strong>:</strong></span> <span class='ocrx_word' id='word_1_180' title='bbox 592 3758 762 3811; x_wconf 86' lang='lat' dir='ltr'><strong>Boccachii.</strong></span> <span class='ocrx_word' id='word_1_181' title='bbox 799 3760 830 3822; x_wconf 88' lang='lat' dir='ltr'><strong>b)</strong></span> <span class='ocrx_word' id='word_1_182' title='bbox 850 3775 888 3797; x_wconf 93' lang='lat'><strong>=</strong></span> <span class='ocrx_word' id='word_1_183' title='bbox 906 3758 1000 3812; x_wconf 86' lang='lat' dir='ltr'><strong>Sauli.</strong></span> 
     </span>
    </p>
   </div>
   <div class='ocr_carea' id='block_1_7' title="bbox 389 3915 1721 5232">
    <p class='ocr_par' dir='ltr' id='par_1_7' title="bbox 494 3915 1616 3986">
     <span class='ocr_line' id='line_1_24' title="bbox 494 3915 1616 3986; baseline 0.001 -17"><span class='ocrx_word' id='word_1_184' title='bbox 494 3915 516 3983; x_wconf 88' lang='lat'><strong>¹)</strong></span> <span class='ocrx_word' id='word_1_185' title='bbox 534 3917 623 3970; x_wconf 84' lang='lat' dir='ltr'><strong>Ovm.</strong></span> <span class='ocrx_word' id='word_1_186' title='bbox 648 3920 696 3970; x_wconf 87' lang='lat' dir='ltr'><strong>De</strong></span> <span class='ocrx_word' id='word_1_187' title='bbox 715 3922 782 3972; x_wconf 84' lang='lat' dir='ltr'><strong>arte</strong></span> <span class='ocrx_word' id='word_1_188' title='bbox 801 3920 933 3982; x_wconf 76' lang='lat' dir='ltr'><strong>amandi,</strong></span> <span class='ocrx_word' id='word_1_189' title='bbox 952 3918 1002 3981; x_wconf 89' lang='lat'><strong>111,</strong></span> <span class='ocrx_word' id='word_1_190' title='bbox 1020 3918 1046 3971; x_wconf 87' lang='lat'><strong>9.</strong></span> <span class='ocrx_word' id='word_1_191' title='bbox 1064 3919 1136 3970; x_wconf 89' lang='lat' dir='ltr'><strong>Var.</strong></span> <span class='ocrx_word' id='word_1_192' title='bbox 1151 3933 1323 3985; x_wconf 83' lang='lat' dir='ltr'><strong>pancorum</strong></span> <span class='ocrx_word' id='word_1_193' title='bbox 1340 3933 1419 3985; x_wconf 88' lang='lat' dir='ltr'><strong>pour</strong></span> <span class='ocrx_word' id='word_1_194' title='bbox 1434 3933 1616 3986; x_wconf 82' lang='lat' dir='ltr'><strong>pancorum.</strong></span> 
     </span>
    </p>

    <p class='ocr_par' dir='ltr' id='par_1_8' title="bbox 389 4003 1721 5232">
     <span class='ocr_line' id='line_1_25' title="bbox 495 4003 1720 4074; baseline 0.002 -16"><span class='ocrx_word' id='word_1_195' title='bbox 495 4003 516 4072; x_wconf 68' lang='lat'><strong>¹)</strong></span> <span class='ocrx_word' id='word_1_196' title='bbox 541 4007 712 4074; x_wconf 74' lang='lat' dir='ltr'><strong>L&#39;epithete</strong></span> <span class='ocrx_word' id='word_1_197' title='bbox 740 4007 780 4059; x_wconf 93' lang='lat' dir='ltr'><strong>de</strong></span> <span class='ocrx_word' id='word_1_198' title='bbox 808 4010 1043 4061; x_wconf 62' lang='lat' dir='ltr'><strong>‘venerandum</strong></span> <span class='ocrx_word' id='word_1_199' title='bbox 1070 4007 1132 4074; x_wconf 89' lang='lat' dir='ltr'><strong>qui,</strong></span> <span class='ocrx_word' id='word_1_200' title='bbox 1162 4007 1237 4059; x_wconf 84' lang='lat' dir='ltr'><strong>chez</strong></span> <span class='ocrx_word' id='word_1_201' title='bbox 1263 4007 1423 4072; x_wconf 87' lang='lat' dir='ltr'><strong>Dominici,</strong></span> <span class='ocrx_word' id='word_1_202' title='bbox 1455 4008 1573 4060; x_wconf 81' lang='lat' dir='ltr'><strong>semble</strong></span> <span class='ocrx_word' id='word_1_203' title='bbox 1600 4009 1666 4061; x_wconf 75' lang='lat' dir='ltr'><strong>etre</strong></span> <span class='ocrx_word' id='word_1_204' title='bbox 1693 4008 1720 4060; x_wconf 89' lang='lat' dir='ltr'><strong>si</strong></span> 
     </span>
     <span class='ocr_line' id='line_1_26' title="bbox 389 4095 1720 4163; baseline 0.003 -17"><span class='ocrx_word' id='word_1_205' title='bbox 389 4095 557 4158; x_wconf 87' lang='lat' dir='ltr'><strong>naturelle,</strong></span> <span class='ocrx_word' id='word_1_206' title='bbox 584 4110 603 4147; x_wconf 95' lang='lat' dir='ltr'><strong>a</strong></span> <span class='ocrx_word' id='word_1_207' title='bbox 634 4095 674 4148; x_wconf 93' lang='lat' dir='ltr'><strong>de</strong></span> <span class='ocrx_word' id='word_1_208' title='bbox 698 4097 770 4162; x_wconf 89' lang='lat' dir='ltr'><strong>quoi</strong></span> <span class='ocrx_word' id='word_1_209' title='bbox 798 4111 877 4149; x_wconf 90' lang='lat' dir='ltr'><strong>nous</strong></span> <span class='ocrx_word' id='word_1_210' title='bbox 903 4096 1103 4163; x_wconf 84' lang='lat' dir='ltr'><strong>surprendre.</strong></span> <span class='ocrx_word' id='word_1_211' title='bbox 1140 4096 1215 4149; x_wconf 88' lang='lat' dir='ltr'><strong>Plus</strong></span> <span class='ocrx_word' id='word_1_212' title='bbox 1246 4097 1318 4160; x_wconf 91' lang='lat' dir='ltr'><strong>loin,</strong></span> <span class='ocrx_word' id='word_1_213' title='bbox 1358 4097 1380 4149; x_wconf 94' lang='lat' dir='ltr'><strong>il</strong></span> <span class='ocrx_word' id='word_1_214' title='bbox 1410 4097 1664 4150; x_wconf 89' lang='lat' dir='ltr'><strong>recommandera</strong></span> <span class='ocrx_word' id='word_1_215' title='bbox 1689 4099 1720 4150; x_wconf 89' lang='lat' dir='ltr'><strong>la</strong></span> 
     </span>
     <span class='ocr_line' id='line_1_27' title="bbox 390 4183 1720 4253; baseline 0.005 -20"><span class='ocrx_word' id='word_1_216' title='bbox 390 4183 505 4237; x_wconf 89' lang='lat' dir='ltr'><strong>lecture</strong></span> <span class='ocrx_word' id='word_1_217' title='bbox 537 4184 593 4236; x_wconf 85' lang='lat' dir='ltr'><strong>des</strong></span> <span class='ocrx_word' id='word_1_218' title='bbox 623 4183 817 4252; x_wconf 86' lang='lat' dir='ltr'><strong>Bucoliques.</strong></span> <span class='ocrx_word' id='word_1_219' title='bbox 860 4185 987 4238; x_wconf 88' lang='lat' dir='ltr'><strong>Ancune</strong></span> <span class='ocrx_word' id='word_1_220' title='bbox 1012 4185 1146 4238; x_wconf 83' lang='lat' dir='ltr'><strong>allusion</strong></span> <span class='ocrx_word' id='word_1_221' title='bbox 1171 4200 1211 4237; x_wconf 91' lang='lat' dir='ltr'><strong>ne</strong></span> <span class='ocrx_word' id='word_1_222' title='bbox 1236 4201 1307 4238; x_wconf 84' lang='lat' dir='ltr'><strong>sera</strong></span> <span class='ocrx_word' id='word_1_223' title='bbox 1330 4187 1439 4253; x_wconf 74' lang='lat' dir='ltr'><strong>iamais</strong></span> <span class='ocrx_word' id='word_1_224' title='bbox 1464 4185 1538 4239; x_wconf 84' lang='lat' dir='ltr'><strong>iaite</strong></span> <span class='ocrx_word' id='word_1_225' title='bbox 1567 4203 1628 4240; x_wconf 83' lang='lat' dir='ltr'><strong>aux</strong></span> <span class='ocrx_word' id='word_1_226' title='bbox 1658 4187 1720 4240; x_wconf 92' lang='lat' dir='ltr'><strong>No·</strong></span> 
     </span>
     <span class='ocr_line' id='line_1_28' title="bbox 390 4273 1721 4342; baseline 0.004 -18"><span class='ocrx_word' id='word_1_227' title='bbox 390 4273 471 4336; x_wconf 81' lang='lat' dir='ltr'><strong>velle,</strong></span> <span class='ocrx_word' id='word_1_228' title='bbox 489 4288 553 4326; x_wconf 91' lang='lat' dir='ltr'><strong>non</strong></span> <span class='ocrx_word' id='word_1_229' title='bbox 570 4275 640 4340; x_wconf 89' lang='lat' dir='ltr'><strong>plns</strong></span> <span class='ocrx_word' id='word_1_230' title='bbox 659 4274 750 4341; x_wconf 87' lang='lat' dir='ltr'><strong>qu’an</strong></span> <span class='ocrx_word' id='word_1_231' title='bbox 768 4275 984 4328; x_wconf 82' lang='lat' dir='ltr'><strong>Decnmerune.</strong></span> <span class='ocrx_word' id='word_1_232' title='bbox 1021 4275 1186 4327; x_wconf 83' lang='lat' dir='ltr'><strong>D&#39;ailleurs</strong></span> <span class='ocrx_word' id='word_1_233' title='bbox 1205 4275 1343 4327; x_wconf 88' lang='lat' dir='ltr'><strong>Boccace</strong></span> <span class='ocrx_word' id='word_1_234' title='bbox 1367 4277 1491 4342; x_wconf 88' lang='lat' dir='ltr'><strong>prenait</strong></span> <span class='ocrx_word' id='word_1_235' title='bbox 1508 4276 1648 4329; x_wconf 86' lang='lat' dir='ltr'><strong>l&#39;avauce</strong></span> <span class='ocrx_word' id='word_1_236' title='bbox 1666 4291 1721 4329; x_wconf 88' lang='lat' dir='ltr'><strong>sur</strong></span> 
     </span>
     <span class='ocr_line' id='line_1_29' title="bbox 390 4361 1721 4431; baseline 0.003 -17"><span class='ocrx_word' id='word_1_237' title='bbox 390 4373 440 4415; x_wconf 85' lang='lat' dir='ltr'><strong>ses</strong></span> <span class='ocrx_word' id='word_1_238' title='bbox 464 4362 667 4426; x_wconf 85' lang='lat' dir='ltr'><strong>de&#39;tracteurs,</strong></span> <span class='ocrx_word' id='word_1_239' title='bbox 693 4363 797 4430; x_wconf 91' lang='lat' dir='ltr'><strong>quand</strong></span> <span class='ocrx_word' id='word_1_240' title='bbox 815 4363 838 4414; x_wconf 91' lang='lat' dir='ltr'><strong>il</strong></span> <span class='ocrx_word' id='word_1_241' title='bbox 856 4363 984 4416; x_wconf 80' lang='lat' dir='ltr'><strong>ecrivait</strong></span> <span class='ocrx_word' id='word_1_242' title='bbox 1002 4363 1021 4416; x_wconf 75' lang='grc' dir='ltr'>ὲ</span> <span class='ocrx_word' id='word_1_243' title='bbox 1039 4379 1155 4431; x_wconf 90' lang='lat' dir='ltr'><strong>propos</strong></span> <span class='ocrx_word' id='word_1_244' title='bbox 1174 4365 1216 4416; x_wconf 90' lang='lat' dir='ltr'><strong>du</strong></span> <span class='ocrx_word' id='word_1_245' title='bbox 1233 4361 1439 4416; x_wconf 74' lang='lat' dir='ltr'><strong>Dicumeron:</strong></span> <span class='ocrx_word' id='word_1_246' title='bbox 1464 4382 1476 4407; x_wconf 83' lang='lat'>‹</span> <span class='ocrx_word' id='word_1_247' title='bbox 1494 4365 1721 4418; x_wconf 80' lang='lat' dir='ltr'><strong>Existimabnnt</strong></span> 
     </span>
     <span class='ocr_line' id='line_1_30' title="bbox 390 4451 1721 4521; baseline 0.002 -18"><span class='ocrx_word' id='word_1_248' title='bbox 390 4451 470 4504; x_wconf 86' lang='lat' dir='ltr'><strong>enim</strong></span> <span class='ocrx_word' id='word_1_249' title='bbox 488 4452 627 4519; x_wconf 83' lang='lat' dir='ltr'><strong>legentes</strong></span> <span class='ocrx_word' id='word_1_250' title='bbox 644 4467 696 4504; x_wconf 90' lang='lat' dir='ltr'><strong>me</strong></span> <span class='ocrx_word' id='word_1_251' title='bbox 714 4452 893 4520; x_wconf 79' lang='lat' dir='ltr'><strong>spurgidnm</strong></span> <span class='ocrx_word' id='word_1_252' title='bbox 912 4453 1065 4515; x_wconf 92' lang='lat' dir='ltr'><strong>lenonem,</strong></span> <span class='ocrx_word' id='word_1_253' title='bbox 1085 4453 1293 4506; x_wconf 85' lang='lat' dir='ltr'><strong>incestuosum</strong></span> <span class='ocrx_word' id='word_1_254' title='bbox 1312 4467 1428 4517; x_wconf 85' lang='lat' dir='ltr'><strong>senem,</strong></span> <span class='ocrx_word' id='word_1_255' title='bbox 1453 4455 1607 4521; x_wconf 88' lang='lat' dir='ltr'><strong>impurum</strong></span> <span class='ocrx_word' id='word_1_256' title='bbox 1625 4454 1721 4507; x_wconf 88' lang='lat' dir='ltr'><strong>homi·</strong></span> 
     </span>
     <span class='ocr_line' id='line_1_31' title="bbox 389 4541 1719 4608; baseline 0.004 -17"><span class='ocrx_word' id='word_1_257' title='bbox 389 4554 468 4603; x_wconf 92' lang='lat' dir='ltr'><strong>nem,</strong></span> <span class='ocrx_word' id='word_1_258' title='bbox 500 4541 711 4608; x_wconf 87' lang='lat' dir='ltr'><strong>turpiloqnnm</strong></span> <span class='ocrx_word' id='word_1_259' title='bbox 736 4541 921 4594; x_wconf 89' lang='lat' dir='ltr'><strong>maledicum</strong></span> <span class='ocrx_word' id='word_1_260' title='bbox 947 4543 978 4593; x_wconf 92' lang='lat' dir='ltr'><strong>et</strong></span> <span class='ocrx_word' id='word_1_261' title='bbox 1004 4542 1175 4595; x_wconf 88' lang='lat' dir='ltr'><strong>alienorum</strong></span> <span class='ocrx_word' id='word_1_262' title='bbox 1205 4543 1358 4595; x_wconf 87' lang='lat' dir='ltr'><strong>scelernm</strong></span> <span class='ocrx_word' id='word_1_263' title='bbox 1385 4542 1511 4596; x_wconf 89' lang='lat' dir='ltr'><strong>avidum</strong></span> <span class='ocrx_word' id='word_1_264' title='bbox 1542 4544 1719 4596; x_wconf 86' lang='lat' dir='ltr'><strong>relatorem.</strong></span> 
     </span>
     <span class='ocr_line' id='line_1_32' title="bbox 389 4627 1721 4700; baseline 0.003 -20"><span class='ocrx_word' id='word_1_265' title='bbox 389 4627 456 4681; x_wconf 85' lang='lat' dir='ltr'><strong>Non</strong></span> <span class='ocrx_word' id='word_1_266' title='bbox 475 4629 557 4681; x_wconf 91' lang='lat' dir='ltr'><strong>enim</strong></span> <span class='ocrx_word' id='word_1_267' title='bbox 574 4630 690 4697; x_wconf 88' lang='lat' dir='ltr'><strong>ubique</strong></span> <span class='ocrx_word' id='word_1_268' title='bbox 708 4631 765 4694; x_wconf 85' lang='lat' dir='ltr'><strong>est,</strong></span> <span class='ocrx_word' id='word_1_269' title='bbox 785 4631 837 4697; x_wconf 88' lang='lat' dir='ltr'><strong>qui</strong></span> <span class='ocrx_word' id='word_1_270' title='bbox 854 4631 886 4682; x_wconf 92' lang='lat' dir='ltr'><strong>in</strong></span> <span class='ocrx_word' id='word_1_271' title='bbox 905 4631 1137 4684; x_wconf 82' lang='lat' dir='ltr'><strong>excusationem</strong></span> <span class='ocrx_word' id='word_1_272' title='bbox 1155 4646 1255 4683; x_wconf 88' lang='lat' dir='ltr'><strong>meam</strong></span> <span class='ocrx_word' id='word_1_273' title='bbox 1274 4640 1462 4700; x_wconf 78' lang='lat' dir='ltr'><strong>consurgens</strong></span> <span class='ocrx_word' id='word_1_274' title='bbox 1479 4633 1576 4685; x_wconf 89' lang='lat' dir='ltr'><strong>dicat:</strong></span> <span class='ocrx_word' id='word_1_275' title='bbox 1595 4633 1721 4685; x_wconf 85' lang='lat' dir='ltr'><strong>Juvenis</strong></span> 
     </span>
     <span class='ocr_line' id='line_1_33' title="bbox 390 4715 1721 4788; baseline 0.002 -18"><span class='ocrx_word' id='word_1_276' title='bbox 390 4717 510 4784; x_wconf 83' lang='lat' dir='ltr'><strong>scripsit</strong></span> <span class='ocrx_word' id='word_1_277' title='bbox 534 4720 565 4771; x_wconf 92' lang='lat' dir='ltr'><strong>et</strong></span> <span class='ocrx_word' id='word_1_278' title='bbox 589 4718 715 4786; x_wconf 75' lang='lat' dir='ltr'><strong>maioris</strong></span> <span class='ocrx_word' id='word_1_279' title='bbox 744 4721 867 4772; x_wconf 86' lang='lat' dir='ltr'><strong>coactns</strong></span> <span class='ocrx_word' id='word_1_280' title='bbox 895 4719 1047 4786; x_wconf 81' lang='lat' dir='ltr'><strong>imperio»</strong></span> <span class='ocrx_word' id='word_1_281' title='bbox 1075 4715 1203 4787; x_wconf 89' lang='lat' dir='ltr'><strong>[Jeanne</strong></span> <span class='ocrx_word' id='word_1_282' title='bbox 1228 4720 1269 4772; x_wconf 91' lang='lat' dir='ltr'><strong>de</strong></span> <span class='ocrx_word' id='word_1_283' title='bbox 1295 4716 1429 4788; x_wconf 86' lang='lat' dir='ltr'><strong>Naplesl.</strong></span> <span class='ocrx_word' id='word_1_284' title='bbox 1462 4720 1507 4774; x_wconf 80' lang='lat' dir='ltr'><strong>cf.</strong></span> <span class='ocrx_word' id='word_1_285' title='bbox 1525 4724 1655 4783; x_wconf 82' lang='lat' dir='ltr'><strong>Lettere,</strong></span> <span class='ocrx_word' id='word_1_286' title='bbox 1673 4721 1721 4773; x_wconf 91' lang='lat' dir='ltr'><strong>ed.</strong></span> 
     </span>
     <span class='ocr_line' id='line_1_34' title="bbox 391 4805 1721 4875; baseline 0.003 -16"><span class='ocrx_word' id='word_1_287' title='bbox 391 4805 555 4871; x_wconf 86' lang='lat' dir='ltr'><strong>Corazzini‚</strong></span> <span class='ocrx_word' id='word_1_288' title='bbox 580 4807 719 4871; x_wconf 85' lang='lat' dir='ltr'><strong>Firenze,</strong></span> <span class='ocrx_word' id='word_1_289' title='bbox 745 4808 825 4868; x_wconf 80' lang='lat'><strong>1877,</strong></span> <span class='ocrx_word' id='word_1_290' title='bbox 851 4825 881 4875; x_wconf 89' lang='lat' dir='ltr'><strong>p.</strong></span> <span class='ocrx_word' id='word_1_291' title='bbox 906 4808 970 4861; x_wconf 81' lang='lat'><strong>298.</strong></span> <span class='ocrx_word' id='word_1_292' title='bbox 1006 4807 1086 4861; x_wconf 86' lang='lat' dir='ltr'><strong>Sans</strong></span> <span class='ocrx_word' id='word_1_293' title='bbox 1110 4809 1213 4872; x_wconf 89' lang='lat' dir='ltr'><strong>doute,</strong></span> <span class='ocrx_word' id='word_1_294' title='bbox 1241 4810 1392 4862; x_wconf 90' lang='lat' dir='ltr'><strong>Dominici</strong></span> <span class='ocrx_word' id='word_1_295' title='bbox 1418 4824 1452 4862; x_wconf 87' lang='lat' dir='ltr'><strong>se</strong></span> <span class='ocrx_word' id='word_1_296' title='bbox 1477 4811 1613 4863; x_wconf 86' lang='lat' dir='ltr'><strong>trouvait</strong></span> <span class='ocrx_word' id='word_1_297' title='bbox 1638 4813 1721 4863; x_wconf 91' lang='lat' dir='ltr'><strong>tran·</strong></span> 
     </span>
     <span class='ocr_line' id='line_1_35' title="bbox 391 4895 1721 4967; baseline 0.003 -19"><span class='ocrx_word' id='word_1_298' title='bbox 391 4895 513 4962; x_wconf 75' lang='lat' dir='ltr'><strong>quilllse</strong></span> <span class='ocrx_word' id='word_1_299' title='bbox 531 4911 589 4964; x_wconf 89' lang='lat' dir='ltr'><strong>par</strong></span> <span class='ocrx_word' id='word_1_300' title='bbox 607 4898 688 4950; x_wconf 86' lang='lat' dir='ltr'><strong>cette</strong></span> <span class='ocrx_word' id='word_1_301' title='bbox 706 4899 795 4950; x_wconf 89' lang='lat' dir='ltr'><strong>autre</strong></span> <span class='ocrx_word' id='word_1_302' title='bbox 813 4897 1005 4950; x_wconf 73' lang='lat' dir='ltr'><strong>declaration</strong></span> <span class='ocrx_word' id='word_1_303' title='bbox 1023 4897 1063 4949; x_wconf 91' lang='lat' dir='ltr'><strong>de</strong></span> <span class='ocrx_word' id='word_1_304' title='bbox 1082 4897 1236 4951; x_wconf 87' lang='lat' dir='ltr'><strong>Boccace:</strong></span> <span class='ocrx_word' id='word_1_305' title='bbox 1264 4897 1370 4952; x_wconf 80' lang='lat' dir='ltr'><strong>«Haec</strong></span> <span class='ocrx_word' id='word_1_306' title='bbox 1394 4898 1486 4967; x_wconf 84' lang='lat' dir='ltr'><strong>igitur</strong></span> <span class='ocrx_word' id='word_1_307' title='bbox 1503 4915 1543 4952; x_wconf 94' lang='lat' dir='ltr'><strong>ne</strong></span> <span class='ocrx_word' id='word_1_308' title='bbox 1568 4900 1658 4967; x_wconf 87' lang='lat' dir='ltr'><strong>plura</strong></span> <span class='ocrx_word' id='word_1_309' title='bbox 1677 4901 1721 4952; x_wconf 91' lang='lat' dir='ltr'><strong>di·</strong></span> 
     </span>
     <span class='ocr_line' id='line_1_36' title="bbox 391 4985 1721 5055; baseline 0.004 -19"><span class='ocrx_word' id='word_1_310' title='bbox 391 4985 488 5036; x_wconf 85' lang='lat' dir='ltr'><strong>xerim</strong></span> <span class='ocrx_word' id='word_1_311' title='bbox 513 4999 647 5054; x_wconf 86' lang='lat' dir='ltr'><strong>syncera</strong></span> <span class='ocrx_word' id='word_1_312' title='bbox 671 4985 760 5050; x_wconf 85' lang='lat' dir='ltr'><strong>tides,</strong></span> <span class='ocrx_word' id='word_1_313' title='bbox 785 4986 862 5039; x_wconf 90' lang='lat' dir='ltr'><strong>haec</strong></span> <span class='ocrx_word' id='word_1_314' title='bbox 887 4989 1014 5039; x_wconf 88' lang='lat' dir='ltr'><strong>aeterna</strong></span> <span class='ocrx_word' id='word_1_315' title='bbox 1033 4987 1150 5039; x_wconf 85' lang='lat' dir='ltr'><strong>veritas</strong></span> <span class='ocrx_word' id='word_1_316' title='bbox 1169 4987 1249 5039; x_wconf 89' lang='lat' dir='ltr'><strong>adeo</strong></span> <span class='ocrx_word' id='word_1_317' title='bbox 1266 4987 1385 5055; x_wconf 88' lang='lat' dir='ltr'><strong>pectori</strong></span> <span class='ocrx_word' id='word_1_318' title='bbox 1403 5002 1473 5040; x_wconf 91' lang='lat' dir='ltr'><strong>meo</strong></span> <span class='ocrx_word' id='word_1_319' title='bbox 1492 4987 1588 5042; x_wconf 82' lang='lat' dir='ltr'><strong>iniixa</strong></span> <span class='ocrx_word' id='word_1_320' title='bbox 1606 4990 1662 5050; x_wconf 86' lang='lat' dir='ltr'><strong>est,</strong></span> <span class='ocrx_word' id='word_1_321' title='bbox 1687 4990 1721 5041; x_wconf 87' lang='lat' dir='ltr'><strong>nt</strong></span> 
     </span>
     <span class='ocr_line' id='line_1_37' title="bbox 390 5073 1721 5144; baseline 0.004 -19"><span class='ocrx_word' id='word_1_322' title='bbox 390 5073 501 5126; x_wconf 84' lang='lat' dir='ltr'><strong>nedum</strong></span> <span class='ocrx_word' id='word_1_323' title='bbox 527 5075 621 5127; x_wconf 83' lang='lat' dir='ltr'><strong>evelli</strong></span> <span class='ocrx_word' id='word_1_324' title='bbox 637 5076 677 5126; x_wconf 93' lang='lat' dir='ltr'><strong>ab</strong></span> <span class='ocrx_word' id='word_1_325' title='bbox 695 5075 800 5143; x_wconf 89' lang='lat' dir='ltr'><strong>aliquo</strong></span> <span class='ocrx_word' id='word_1_326' title='bbox 824 5075 1004 5144; x_wconf 80' lang='lat' dir='ltr'><strong>gentilitatis</strong></span> <span class='ocrx_word' id='word_1_327' title='bbox 1028 5075 1173 5142; x_wconf 87' lang='lat' dir='ltr'><strong>impulsu,</strong></span> <span class='ocrx_word' id='word_1_328' title='bbox 1198 5077 1253 5129; x_wconf 86' lang='lat' dir='ltr'><strong>sed</strong></span> <span class='ocrx_word' id='word_1_329' title='bbox 1271 5091 1329 5129; x_wconf 91' lang='lat' dir='ltr'><strong>nec</strong></span> <span class='ocrx_word' id='word_1_330' title='bbox 1354 5077 1475 5130; x_wconf 87' lang='lat' dir='ltr'><strong>concuti</strong></span> <span class='ocrx_word' id='word_1_331' title='bbox 1499 5077 1591 5130; x_wconf 89' lang='lat' dir='ltr'><strong>modo</strong></span> <span class='ocrx_word' id='word_1_332' title='bbox 1610 5078 1721 5144; x_wconf 87' lang='lat' dir='ltr'><strong>aliquo,</strong></span> 
     </span>
     <span class='ocr_line' id='line_1_38' title="bbox 390 5163 1613 5232; baseline 0.002 -17"><span class='ocrx_word' id='word_1_333' title='bbox 390 5165 443 5216; x_wconf 85' lang='lat' dir='ltr'><strong>aut</strong></span> <span class='ocrx_word' id='word_1_334' title='bbox 459 5163 641 5216; x_wconf 81' lang='lat' dir='ltr'><strong>labefactari</strong></span> <span class='ocrx_word' id='word_1_335' title='bbox 659 5167 784 5231; x_wconf 87' lang='lat' dir='ltr'><strong>queat».</strong></span> <span class='ocrx_word' id='word_1_336' title='bbox 816 5165 937 5218; x_wconf 83' lang='lat' dir='ltr'><strong>Geneal.</strong></span> <span class='ocrx_word' id='word_1_337' title='bbox 955 5168 1039 5218; x_wconf 83' lang='lat' dir='ltr'><strong>deor.</strong></span> <span class='ocrx_word' id='word_1_338' title='bbox 1059 5165 1256 5229; x_wconf 82' lang='lat' dir='ltr'><strong>XV,1x.Ed.</strong></span> <span class='ocrx_word' id='word_1_339' title='bbox 1275 5165 1382 5219; x_wconf 73' lang='lat' dir='ltr'><strong>venet</strong></span> <span class='ocrx_word' id='word_1_340' title='bbox 1402 5166 1481 5220; x_wconf 78' lang='lat'><strong>1569.</strong></span> <span class='ocrx_word' id='word_1_341' title='bbox 1501 5181 1532 5232; x_wconf 90' lang='lat' dir='ltr'><strong>p.</strong></span> <span class='ocrx_word' id='word_1_342' title='bbox 1552 5167 1613 5219; x_wconf 83' lang='lat'><strong>241.</strong></span> 
     </span>
    </p>
   </div>
   <div class='ocr_carea' id='block_1_8' title="bbox 0 0 2162 6116">
    <p class='ocr_par' dir='ltr' id='par_1_9' title="bbox 0 0 2162 6116">
     <span class='ocr_line' id='line_1_39' title="bbox 0 0 2162 6116; baseline 0 0"><span class='ocrx_word' id='word_1_343' title='bbox 0 0 2162 6116; x_wconf 95' lang='lat' dir='ltr'><strong> </strong></span> 
     </span>
    </p>
   </div>
  </div>
 </body>
</html>
