4300 6117
873 967 1266 1021 1onaumsuoum1c1
1669 956 1732 1020 361

397 1189 602 1261 Athlantici,
622 1189 756 1271 Lybici,
772 1189 907 1272 Egipci,
921 1190 1009 1263 Indi,
1025 1190 1137 1263 Persi,
1153 1189 1285 1261 Caldei,
1298 1189 1428 1263 Scithe,
1442 1188 1547 1263 Galli,
1562 1190 1734 1273 Hyspani,

399 1302 434 1359 et
459 1298 587 1377 quovis
612 1298 753 1361 nomine
777 1302 999 1369 censeantur,
1024 1299 1197 1379 legantur,
1223 1298 1417 1360 audiantur
1446 1300 1482 1360 et
1512 1299 1607 1359 omui
1630 1316 1734 1360 vene·

397 1406 542 1466 racione
567 1405 789 1484 recipiantur
810 1406 905 1467 inter
926 1404 1053 1468 fideles
1077 1407 1283 1486 scriptores.
1331 1404 1404 1466 Sed
1436 1406 1521 1484 quia
1544 1405 1635 1466 tales
1664 1424 1762 1489 nou¹

398 1514 490 1583 sunt,
508 1512 593 1591 quia
609 1513 700 1574 tales
717 1530 796 1574 esse
819 1531 891 1575 non
913 1515 1072 1591 possunt,
1096 1514 1158 1592 qui
1173 1530 1245 1574 non
1259 1513 1485 1574 illustrantur
1499 1529 1521 1573 a
1535 1511 1622 1585 Deo,
1640 1513 1735 1573 solos

399 1618 551 1680 humiles
573 1620 737 1681 veritatis
760 1638 823 1681 sue
847 1618 1032 1682 reficiente
1055 1619 1260 1698 splendore,
1290 1618 1489 1681 cavendum
1520 1622 1575 1681 est
1604 1619 1651 1680 ab
1684 1620 1735 1680 eis

397 1725 501 1803 quasi
525 1726 712 1804 neophitis,
737 1729 903 1789 monente
925 1725 1039 1788 Paulo
1061 1729 1171 1806 atque
1195 1727 1362 1789 dicente:
1395 1724 1564 1788 ‹Cavete
1587 1744 1631 1789 ne
1655 1726 1735 1805 quis

398 1850 462 1894 vos
487 1832 646 1911 decipiat
668 1852 735 1913 per
757 1833 1019 1913 philosophiam
1043 1836 1080 1895 et
1101 1834 1246 1895 inanem
1269 1833 1519 1895 seduccionem
1539 1832 1735 1895 secundum

396 1939 574 2001 elementa
596 1940 719 2002 mundi
735 1963 749 1995 ι
764 1940 784 2001 ¹.
808 1940 936 2002 Mundi
958 1941 1217 2002 elementorum
1238 1941 1380 2002 nomine
1404 1940 1602 2019 exprimere
1622 1940 1735 2001 voluit

396 2063 467 2106 non
501 2046 616 2109 solum
651 2047 834 2126 phisicam,
872 2048 938 2109 sed
980 2048 1095 2110 cctam
1129 2047 1371 2127 sophisticam,
1406 2047 1644 2129 dyalecticam
1677 2048 1735 2107 vel

396 2154 600 2231 capciosam
616 2156 883 2233 persuasionem
907 2154 1133 2225 rethoricam,
1158 2173 1180 2215 a
1199 2155 1328 2234 quibus
1343 2154 1618 2234 philosophandi
1634 2156 1735 2216 natu·

395 2261 519 2321 raliter
543 2262 750 2323 exoriuntur
772 2263 979 2340 primordia.
993 2261 1242 2341 —Deponant
1265 2273 1348 2341 ergo
1371 2260 1540 2333 nonnulli,
1564 2279 1645 2322 cum
1669 2278 1735 2323 suo

394 2366 589 2447 dampnato
613 2358 813 2447 Porphirio,
851 2370 1030 2431 lucentem
1058 2369 1202 2431 oculum
1222 2370 1466 2448 molaremque
1490 2369 1669 2440 caninum,
1698 2372 1734 2429 et

394 2492 432 2535 se
457 2473 643 2536 conterant
665 2476 714 2536 ad
737 2475 943 2556 religionem
967 2476 1128 2538 dlvinam
1153 2478 1188 2537 et
1209 2474 1329 2556 Xpisti
1362 2475 1638 2555 philosophiam,
1663 2493 1735 2554 que

395 2582 474 2642 sola
497 2582 628 2643 liberat
652 2583 873 2662 integraliter
895 2584 1059 2656 animam,
1086 2601 1194 2662 quam
1216 2584 1275 2644 ille
1300 2583 1461 2644 residens
1494 2583 1531 2643 in
1562 2582 1734 2644 cathedra

395 2689 618 2767 pestilencie,
644 2708 724 2751 cum
748 2690 1003 2763 collustrasset,
1030 2693 1069 2752 ut
1092 2690 1220 2752 scribit
1244 2709 1323 2752 cum
1347 2687 1546 2761 Salomone,
1564 2688 1734 2751 Indorum

395 2792 684 2875 Caldeorumque
708 2798 886 2859 raditores
911 2800 946 2858 et
970 2797 1059 2858 alias
1086 2815 1157 2858 non
1181 2797 1326 2858 invenit.
1352 2795 1425 2858 Sed
1440 2800 1547 2869 certe,
1563 2796 1595 2857 si
1619 2797 1735 2876 primo

393 2901 486 2964 hanc
509 2922 633 2964 veram
656 2904 828 2985 sophyam
841 2895 868 2986 Ιξ,
898 2922 970 2965 non
993 2905 1064 2965 iam
1090 2904 1250 2966 ethnicus
1284 2902 1506 2983 professione
1537 2906 1574 2964 et
1606 2906 1732 2973 mente,
1808 2904 1954 2965 L105vo

394 3010 460 3071 sed
483 3010 611 3071 saltem
641 3014 777 3083 neuter,
802 3012 850 3073 ad
885 3012 1107 3074 intellectum
1142 3012 1286 3092 legisset
1307 3002 1342 3093 ll,
1370 3011 1520 3073 vidisset
1555 3010 1612 3071 vir
1643 3011 1733 3071 alias
1819 3012 1848 3071 B
1864 3011 1942 3075 89νο

393 3117 596 3196 ingeniosus
620 3117 670 3178 nil
694 3118 821 3180 deesse
844 3119 893 3179 ad
917 3118 1147 3199 corrigendos
1171 3136 1300 3189 mores,
1324 3116 1440 3179 Deum
1463 3117 1733 3197 apprehenden-

393 3226 488 3295 dum,
513 3243 636 3286 veram
660 3224 853 3287 scienciam
876 3229 985 3305 atque
1009 3225 1217 3288 felicitatem
1243 3226 1386 3297 realem,
1399 3244 1471 3287 non
1486 3225 1732 3297 umbraticam,

394 3331 664 3411 capescendam.
688 3330 860 3394 Doctrine
884 3333 1004 3395 divine
1028 3352 1070 3394 eo
1095 3332 1267 3395 desidero
1290 3333 1388 3394 viros
1404 3332 1597 3394 infantulos
1614 3332 1734 3393 ablac-

393 3439 486 3500 tatos
510 3439 625 3517 primo
647 3440 727 3501 iieri
753 3438 971 3520 Xpistianos,
995 3443 1035 3502 ut
1059 3441 1174 3501 eciam
1199 3440 1259 3500 vix
1280 3440 1317 3500 in
1338 3437 1413 3501 fide
1437 3440 1628 3501 salvatrice
1652 3457 1733 3501 con·

393 3545 531 3617 sistant,
559 3564 667 3625 quarn
689 3546 951 3626 porphirianos‚
977 3548 1038 3627 qui
1063 3550 1192 3609 cuncta
1228 3550 1351 3626 preter
1373 3564 1460 3607 vera
1494 3547 1586 3607 scire
1622 3547 1734 3623 temp·

393 3653 498 3721 tavit,
546 3670 610 3714 seu
657 3653 915 3739 cicerionianos
962 3672 1106 3734 quoque
1151 3654 1261 3716 sectis
1305 3653 1363 3715 vel
1407 3652 1627 3715 iaccionibus
1665 3654 1733 3714 sub

392 3759 541 3821 novellis
564 3760 692 3821 animis
716 3760 872 3822 imbutos
894 3780 1077 3841 nunquam
1100 3761 1158 3822 vel
1187 3778 1270 3822 raro
1294 3760 1471 3822 hominem
1493 3759 1640 3821 liberari
1653 3777 1734 3821 con·

391 3866 502 3946 tingit.
1500 3939 1502 3943 Α

503 3970 562 4057 Sic
597 3974 703 4035 aliter
736 3974 859 4053 quiam
893 3976 1002 4054 prius,
1043 3975 1092 4036 ad
1127 3975 1249 4054 aliqua
1287 3975 1546 4054 respondemus
1581 3973 1733 4043 obiecta,
1747 3970 1777 4034 7.

390 4080 552 4142 dicentes
575 4099 656 4142 cum
678 4079 969 4161 Augustino,
994 4083 1087 4144 lib⁰
1111 4080 1267 4154 XVIII,
1293 4100 1383 4161 cap.
1407 4088 1590 4150 XXXVII,
1616 4080 1732 4158 quod:

395 4182 607 4267 «Tempore
634 4187 890 4267 prophetarum
913 4191 1127 4261 nostrorum,
1153 4207 1306 4268 quorum
1328 4189 1400 4249 iam
1422 4188 1558 4265 scripta
1593 4186 1641 4247 ad
1672 4204 1733 4248 no·

393 4293 515 4356 ticiam
539 4296 616 4356 iere
639 4295 795 4357 omnium
819 4296 979 4375 gencium
1014 4298 1265 4376 pervenerunt,
1291 4298 1327 4357 et
1362 4294 1473 4356 multo
1508 4294 1621 4373 magis
1651 4296 1735 4373 post

392 4420 456 4462 eos
494 4404 671 4463 venerunt
698 4402 901 4482 philosophi
929 4403 1100 4483 gencium,
1129 4421 1152 4463 a
1182 4402 1396 4482 Picthagora
1419 4401 1541 4480 utique
1567 4401 1647 4471 ortt,
1673 4400 1733 4479 qui

393 4508 525 4570 claruit
548 4511 720 4587 tempore,
746 4526 817 4587 quo
841 4509 1033 4573 Iudeorum
1056 4510 1263 4571 babilonica
1279 4512 1334 4571 est
1350 4509 1468 4571 soluta
1484 4507 1676 4588 captivitas
1689 4507 1732 4569 »ἦ

503 4820 525 4888 ¹)
544 4823 574 4876 S.
595 4824 705 4886 PAUL,
724 4826 767 4876 ud
787 4824 909 4887 coloss..
925 4824 961 4887 11,
979 4824 1004 4878 8.

501 4910 525 4978 ²)
545 4912 633 4966 Cette
651 4912 766 4979 phrase
786 4916 834 4966 est
852 4913 871 4966 a
885 4928 946 4981 peu
959 4914 1031 4981 pres
1044 4913 1279 4967 textnellement
1297 4913 1480 4981 emprnntee
1492 4912 1511 4965 a
1524 4911 1553 4966 S.
1566 4911 1729 4965 Aususrm

395 5000 413 5053 a
428 5001 573 5054 l¹endroit
585 5002 718 5069 indique.
732 5002 776 5054 La
791 5002 871 5056 snite
886 5004 933 5057 est
946 5018 989 5057 nn
1002 5003 1124 5056 resume
1139 5004 1182 5055 dn
1195 5004 1296 5056 meme
1310 5002 1551 5069 chapitre.Dans
1563 5002 1666 5054 tontes
1678 5014 1730 5053 ces

394 5091 557 5157 questions
575 5091 616 5143 de
635 5090 841 5161 chronologie,
859 5092 1013 5146 Dominici
1031 5093 1121 5160 copie
1140 5091 1340 5145 servilement
1358 5091 1388 5145 S.
1401 5092 1558 5158 Augustis.
1579 5090 1637 5143 Ces
1655 5090 1730 5141 don·

393 5180 470 5232 nees
490 5180 606 5234 etaient
632 5195 810 5248 parvenues
825 5182 853 5240 ‚a
879 5180 909 5234 S.
936 5180 1086 5249 Augustin
1111 5181 1269 5234 lui-meme
1294 5195 1352 5248 par
1376 5180 1514 5249 Diogene
1538 5180 1660 5232 Laerte.
1691 5177 1728 5229 In

397 5267 487 5336 Oper.
508 5269 572 5334 VII,
592 5269 653 5323 59⁶.
