4300 6117
805 994 994 1047 IOHANNIS
1015 993 1197 1048 bonnuel
1600 984 1665 1047 435

329 1218 409 1299 gari
432 1237 503 1280 non
525 1220 685 1296 possunt,
709 1220 947 1298 proculdubio
971 1220 1178 1283 censebitur
1205 1218 1382 1281 diruenda
1411 1238 1433 1280 a
1462 1237 1548 1280 vere
1580 1216 1668 1280 fidei

334 1325 492 1387 zelatore
513 1343 750 1405 quocumque.
775 1325 832 1388 An
853 1327 1061 1406 putabimus
1095 1327 1206 1408 magis
1229 1327 1307 1388 fore
1339 1326 1574 1388 deferendum
1605 1343 1668 1406 pa·

331 1432 445 1512 ganis,
484 1450 594 1511 quam
626 1432 678 1492 illi
715 1435 839 1512 patres
869 1432 1029 1496 Basilio?
1075 1431 1149 1496 Sed
1186 1452 1252 1496 nec
1276 1432 1418 1494 fatebor
1444 1431 1667 1512 philosophie

333 1539 536 1600 doctrinam
558 1540 812 1601 universaliter
834 1558 913 1602 esse
935 1541 1079 1613 bonam,
1103 1559 1221 1622 ymmo
1246 1541 1278 1601 si
1300 1540 1399 1602 orbis
1427 1540 1540 1602 omnis
1562 1539 1667 1619 plene

330 1645 500 1708 crederet
522 1645 661 1726 Xpisto,
686 1649 837 1727 excepta
860 1648 1065 1710 liberalium
1087 1648 1224 1709 arcium
1247 1647 1369 1726 aliqua
1391 1647 1571 1727 porcione,
1588 1647 1667 1708 reli·

335 1771 407 1832 qua
430 1753 545 1814 omnis
568 1754 800 1834 philosophia
823 1757 919 1816 esset
934 1755 1100 1817 delenda.
1124 1754 1172 1816 Et
1186 1753 1263 1826 hoc,
1289 1754 1373 1834 quia
1388 1771 1666 1833 supervacanea,

333 1860 419 1939 quia
440 1859 630 1934 illecebris,
655 1861 740 1940 quia
766 1860 878 1923 hostis
901 1862 998 1935 fidei,
1023 1862 1108 1941 quia
1130 1861 1340 1942 blasphema
1362 1862 1400 1922 in
1434 1860 1557 1933 Deum,
1583 1860 1667 1940 quia

332 1967 435 2038 falsa,
459 1968 545 2046 quia
566 1968 686 2030 viscus
708 1966 870 2030 alliciens
893 1969 1086 2031 mulcebris
1110 1969 1278 2040 infernus,
1303 1985 1414 2030 suave
1427 1968 1559 2029 malum
1582 1967 1667 2030 mel·

330 2074 435 2135 litum
457 2092 605 2146 veneno,
629 2076 731 2137 iarsti
756 2075 953 2155 discipulus
977 2079 1014 2138 et
1029 2094 1050 2137 a
1074 2075 1285 2138 demonibus
1310 2078 1399 2137 orta.
1423 2073 1523 2147 Nam,
1540 2075 1667 2136 utiam
1798 2065 1799 2068 '

331 2181 470 2242 dictum
493 2184 557 2253 est,
582 2182 695 2244 omnis
718 2183 902 2263 sapiencia
925 2201 948 2244 a
972 2181 1126 2245 Domino
1148 2180 1226 2245 Deo
1249 2184 1318 2256 est;
1343 2181 1439 2244 Deus
1454 2184 1575 2243 autem
1591 2182 1667 2243 nul·

333 2288 407 2348 lum
429 2289 571 2367 probat,
596 2289 663 2351 sed
687 2289 861 2369 dampnat
883 2307 1024 2352 omnem
1047 2308 1217 2352 errorem.
1242 2289 1309 2351 Illa
1330 2291 1387 2351 est
1420 2290 1539 2351 autem
1570 2306 1667 2349 erro·

332 2395 433 2456 ribus
456 2413 528 2457 non
550 2396 657 2458 modo
680 2397 851 2469 recitatis,
876 2397 943 2459 sed
966 2399 1042 2459 toto
1065 2397 1146 2459 nisu
1167 2396 1360 2477 persuasis,
1385 2396 1532 2476 repleta.
1570 2393 1666 2475 Ergo

332 2501 429 2563 Deus
451 2502 550 2563 illam
572 2502 755 2583 dampnat.
778 2502 1002 2588 Quicumque
1023 2504 1132 2584 igitur
1152 2504 1251 2565 illam
1273 2504 1447 2582 dampnat
1480 2520 1560 2565 cum
1589 2499 1666 2564 Deo

334 2608 562 2689 dampnante,
587 2610 713 2673 saltem
739 2600 753 2692 ΙΙ
778 2611 815 2671 in
838 2610 905 2672 hoc
929 2613 1012 2673 sunt
1039 2610 1107 2672 Dei
1129 2611 1291 2686 ministri,
1316 2613 1352 2673 et
1384 2611 1445 2690 qui
1470 2610 1667 2688 dampnant
1743 2602 1881 2666 Ιι126το

332 2734 414 2778 eam
436 2716 685 2796 dampnantes,
711 2717 825 2779 Deum
849 2718 1123 2797 condempnant.
1938 2733 1942 2742 “
