4300 6117
477 918 542 979 192
983 930 1142 983 LUCULA
1165 928 1304 983 NOCTIS

476 1151 561 1229 quia
576 1152 623 1213 de
635 1153 850 1214 necessitate
866 1156 994 1216 cuncta
1008 1157 1232 1215 concurrunt.
1252 1188 1290 1195 -
1307 1154 1576 1217 Perturbabunt
1588 1146 1602 1239 ll
1616 1154 1809 1236 Egipcii,

476 1262 677 1320 asserentes
701 1260 928 1322 oracionibus
959 1261 1091 1322 nostris
1114 1260 1229 1321 Deum
1253 1262 1393 1323 mutari.
1430 1294 1472 1303 -
1508 1262 1733 1324 Protraheris
1762 1265 1810 1325 ab

474 1363 702 1438 Hermete,
728 1369 768 1428 ut
781 1369 919 1428 statuas
936 1367 1066 1429 adores
1082 1368 1139 1430 vel
1154 1368 1271 1449 ydola,
1297 1368 1395 1446 quod
1417 1370 1454 1430 in
1477 1370 1548 1431 illis
1565 1359 1579 1452 ll
1602 1370 1649 1431 sit
1673 1370 1811 1449 aliquid

474 1473 672 1535 maiestatis
703 1473 832 1535 divine.
879 1472 941 1535 Ait
968 1475 1070 1546 enim,
1106 1473 1358 1555 Augustino
1394 1478 1582 1547 referente,
1621 1474 1724 1537 VIII⁰
1747 1476 1808 1538 De

475 1577 658 1642 Civitate
680 1579 795 1643 Dei¹:
838 1579 965 1643 «Sicut
987 1581 1085 1643 Deus
1110 1580 1259 1644 effector
1281 1585 1336 1644 est
1358 1582 1508 1644 deorum
1530 1584 1725 1653 celestium,
1759 1584 1810 1644 ita

473 1686 578 1748 homo
601 1686 709 1750 fictor
724 1691 779 1749 est
795 1688 953 1761 deorum,
979 1689 1039 1767 qui
1063 1689 1100 1749 in
1123 1690 1264 1768 templis
1282 1693 1380 1763 sunt;
1404 1690 1561 1751 humana
1580 1692 1809 1770 proximitate

473 1795 662 1855 contenti...
688 1793 834 1856 Statuas
849 1795 931 1857 dico
948 1795 1124 1857 animatas
1148 1815 1254 1857 sensu
1271 1799 1306 1857 et
1322 1797 1451 1875 spiritu
1466 1798 1610 1876 plenas:
1635 1800 1809 1877 tantaque

472 1901 646 1963 facientes
668 1905 704 1963 et
718 1903 807 1963 talia
829 1905 968 1964 statuas
992 1905 1192 1964 futurorum
1208 1903 1377 1983 prescias,
1404 1904 1549 1965 easdem
1573 1905 1619 1966 de
1637 1905 1806 1984 sompniis

474 2010 509 2068 et
531 2009 651 2070 multis
676 2009 756 2070 aliis
780 2009 887 2070 rebus
917 2010 1144 2088 predicentes
1176 2013 1210 2071 et
1232 2010 1495 2073 imbecillitates
1526 2011 1728 2074 hominibus
1758 2014 1808 2072 fa·

473 2114 617 2187 cientes,
642 2134 776 2195 eosque
806 2120 982 2190 curantes,
1018 2117 1214 2188 tristiciam,
1240 2117 1467 2196 leticiamque
1490 2117 1619 2180 dantes
1642 2138 1709 2199 pro
1738 2139 1808 2180 me-

473 2222 550 2284 ritis
570 2222 619 2284 »ἦ

401 2321 455 2385 12.
579 2329 706 2391 Ferale
731 2333 785 2391 est
809 2330 905 2392 istud
929 2333 964 2392 et
987 2330 1171 2391 horridum
1195 2349 1319 2392 nemus
1342 2332 1395 2392 ire
1430 2332 1477 2393 ad
1512 2333 1683 2395 demones
1715 2352 1808 2395 com·

471 2436 618 2515 pellens,
644 2455 733 2515 quos
757 2438 978 2499 venerabilia
1001 2438 1148 2498 numina
1180 2440 1321 2507 vocant,
1351 2439 1602 2518 prestigiorum
1638 2442 1807 2521 multipli-

472 2544 614 2622 pliciter
652 2543 839 2606 effectiva:
873 2544 995 2623 aliqua
1028 2547 1255 2606 monstruosa
1277 2546 1362 2605 inde
1397 2545 1613 2619 discurrunt,
1651 2547 1806 2609 humana

471 2651 610 2729 pariter
633 2654 668 2712 et
691 2650 815 2723 ferina,
841 2652 925 2730 quia
948 2652 985 2712 in
1008 2670 1080 2712 una
1103 2651 1301 2730 eademque
1324 2654 1505 2714 sentencia
1541 2650 1698 2732 quedam
1721 2674 1807 2717 vera

472 2761 508 2819 et
535 2758 690 2837 quedam
719 2757 811 2819 falsa
840 2761 1030 2837 ponuntur,
1060 2761 1100 2819 ut
1124 2761 1178 2820 est
1200 2758 1290 2819 illud
1314 2759 1412 2837 quod
1434 2760 1581 2838 spiritus
1604 2765 1687 2823 sunt
1703 2766 1802 2824 natu·

471 2865 596 2926 raliter
611 2866 695 2926 mali
711 2868 747 2927 et
761 2850 930 2927 virtuosis
947 2866 1034 2926 viris
1049 2864 1227 2927 infesti.—
1237 2865 1298 2926 Ait
1312 2884 1465 2945 namque
1482 2868 1518 2928 in
1533 2869 1687 2947 epistola
1703 2868 1802 2931 Por·

470 2971 648 3051 phirius
681 2972 738 3033 ad
770 2971 1069 3034 Nehontem³:
1111 2971 1322 3057 «Quosdam
1354 2974 1494 3052 opinari
1518 2993 1597 3036 esse
1621 2976 1804 3054 quoddam

470 3080 660 3159 spirituum
682 3091 802 3159 genuS,
827 3080 885 3141 cui
908 3080 1079 3141 exaudire
1106 3080 1216 3160 magis
1245 3079 1292 3141 sit
1321 3082 1515 3159 proprium,
1540 3084 1670 3143 natura
1686 3084 1802 3155 fallax,

471 3188 690 3258 omniforme,
716 3187 886 3248 simulans
917 3188 1003 3248 deos
1029 3190 1064 3248 et
1095 3186 1274 3259 demones,
1310 3190 1345 3248 et
1369 3188 1506 3249 animas
1537 3188 1804 3263 defunctorum

471 3297 506 3355 et
529 3293 596 3355 hoc
620 3298 675 3355 est
699 3293 797 3372 quod
821 3294 955 3355 efficiat
977 3293 1043 3355 hec
1068 3294 1195 3364 omnia,
1222 3312 1291 3373 que
1314 3295 1484 3356 videntur
1507 3314 1585 3357 esse
1619 3297 1677 3358 vel
1709 3300 1803 3359 bona

469 3402 527 3463 vel
551 3420 681 3480 prava;
707 3403 936 3480 ceterumque
960 3402 1057 3464 circa
1081 3419 1123 3462 ea
1149 3419 1217 3480 que
1240 3420 1324 3462 vere
1348 3404 1431 3463 sunt
1450 3402 1545 3463 bona
1563 3403 1670 3465 nichil
1688 3406 1803 3483 opitu·

467 3510 546 3581 lari,
570 3528 688 3589 ymmo
712 3527 799 3569 vero
823 3510 892 3570 ista
915 3527 983 3571 nec
1006 3526 1119 3580 nosse,
1145 3508 1210 3569 sed
1234 3512 1269 3570 et
1305 3509 1400 3569 mala
1430 3510 1620 3572 consiliare
1656 3514 1692 3573 et
1721 3512 1804 3573 insi·

468 3761 681 3768 ..-——-

575 3950 596 4016 ¹)
615 3950 660 4003 Cf.
675 3951 705 4004 S.
726 3951 807 4003 Atio.
835 3951 881 4001 De
902 3948 1322 4012 civit.1)ei,xvt11,xv1,2.
1358 3948 1436 4002 Tout
1463 3965 1499 4002 ce
1524 3959 1658 4019 passage
1677 3952 1741 4004 s'en
1759 3952 1803 4004 in·

467 4057 560 4110 spire.

575 4128 644 4197 ²)S.
663 4130 743 4184 AUG.
779 4130 826 4181 De
854 4128 937 4181 civit.
965 4129 1030 4188 Dei,
1056 4128 1135 4188 vin,
1156 4138 1241 4179 xxm.
1280 4128 1361 4181 C'est
1383 4144 1426 4181 un
1451 4130 1562 4181 extralt
1587 4131 1630 4183 dn
1658 4131 1801 4199 «Dialog.

467 4224 616 4274 Mercurii
632 4221 776 4285 Asclepio
787 4238 799 4262 ›
819 4218 981 4272 d'Hermes
1000 4215 1225 4283 Trismegistus.
1246 4218 1371 4271 Comme
1389 4218 1575 4280 d’habitude,
1594 4219 1630 4271 G.
1647 4218 1803 4272 Dominici

467 4313 595 4364 s'ecarte
618 4309 681 4362 fort
705 4310 747 4361 de
771 4309 802 4360 la
820 4309 921 4370 lettre,
943 4308 1022 4360 ainsi
1040 4307 1132 4373 qu'on
1150 4307 1226 4374 peut
1243 4307 1274 4358 le
1292 4308 1360 4358 voir
1378 4322 1436 4374 par
1453 4307 1484 4359 la
1503 4308 1724 4375 transcription
1742 4324 1803 4375 qne

465 4416 545 4454 nous
569 4400 686 4452 faisons
713 4400 755 4451 du
773 4398 927 4451 veritable
953 4398 1046 4459 texte,
1071 4396 1194 4463 d'aprds
1213 4395 1241 4448 S.
1261 4397 1427 4463 Augustin:
1455 4397 1751 4451 ‹.....Dominns
1771 4400 1802 4451 et

465 4492 567 4553 Pater,
584 4489 636 4542 vel
654 4488 739 4555 quod
757 4488 804 4540 est
822 4502 983 4549 summum,
1002 4485 1098 4547 Deus,
1124 4486 1158 4537 ut
1182 4484 1311 4537 effector
1331 4486 1378 4537 est
1397 4485 1526 4538 deorum
1545 4486 1734 4549 coelestium,
1760 4488 1803 4539 ita

465 4581 557 4632 homo
575 4579 667 4631 fictor
686 4579 733 4629 est
751 4577 889 4638 deorum,
908 4576 962 4642 qui
980 4576 1013 4627 in
1031 4574 1156 4640 templis
1176 4575 1246 4626 sunt
1264 4575 1399 4627 humana
1410 4576 1608 4642 proximitate
1621 4577 1801 4629 contenti...

465 4669 589 4721 Statuas
608 4668 758 4720 animatas
777 4681 872 4719 sensu
891 4667 922 4717 et
940 4666 1052 4731 spiritu
1063 4664 1182 4731 plenas,
1201 4665 1349 4730 tantaque
1366 4663 1514 4717 facientes
1530 4666 1561 4717 et
1574 4666 1663 4727 talin,
1684 4667 1801 4718 statuas

464 4757 639 4811 futurorum
657 4756 826 4823 praescias,
845 4769 944 4821 eaque
963 4753 1052 4815 torte,
1071 4754 1152 4816 vate,
1171 4754 1307 4814 somniis,
1326 4754 1492 4819 multisque
1512 4754 1579 4806 aliis
1598 4756 1693 4806 rebus
1712 4769 1799 4820 prae·

465 4849 617 4900 dicentes:
637 4845 865 4898 imbecillitates
879 4844 1054 4897 hominibus
1072 4842 1232 4905 facientes,
1252 4857 1366 4908 easque
1384 4844 1537 4904 curantes,
1549 4843 1704 4896 tristitiam
1716 4844 1800 4896 laeti-

464 4937 601 5003 tiamque
618 4952 676 5002 pro
695 4936 815 4987 meritis
829 4972 924 4986 .....
940 4953 953 4977 ›
973 4933 1010 4985 In
1030 4932 1122 4999 Oper.
1141 4934 1161 4984 t.
1186 4931 1244 4993 VII,
1264 4932 1321 4983 col.
1333 4932 1393 4983 248.
1414 4932 1457 4985 Ce
1472 4934 1573 4984 meme
1584 4940 1716 4999 passage
1730 4947 1800 4985 sera

465 5027 525 5079 cite
543 5028 613 5093 plns
631 5025 704 5085 loin,
723 5039 790 5091 cap.
809 5034 884 5075 xxn.
912 5022 956 5077 Cf.
976 5023 1145 5084 Lacum„
1164 5022 1388 5073 Institutionum
1407 5021 1459 5073 lib,
1479 5022 1501 5085 1,
1520 5036 1584 5089 cap.
1604 5030 1652 5085 vn
1673 5021 1796 5075 CYRILu.

465 5119 572 5169 contra
590 5116 753 5174 Iulianum,
772 5114 826 5166 lib.
849 5113 871 5164 l.

574 5201 594 5269 ⁶)
613 5204 695 5255 Pour
714 5205 756 5254 ad
772 5204 970 5255 Anebontem.
