4300 6117
477 868 543 931 230
987 878 1146 932 LUCULA
1169 877 1309 932 NOCTIS

479 1121 645 1164 suam...»
670 1101 834 1163 Inretivit
857 1120 938 1163 eum
968 1101 1089 1163 multis
1113 1102 1336 1165 sermonibus
1360 1105 1396 1164 et
1419 1102 1610 1165 blandiciis
1633 1103 1811 1165 labiorum

474 1208 675 1290 protraxit:
700 1208 822 1270 statim
846 1226 926 1269 eam
948 1208 1119 1287 sequitur,
1145 1209 1248 1288 quasi
1264 1209 1329 1271 bos
1345 1209 1474 1271 ductus
1496 1209 1544 1271 ad
1559 1210 1751 1281 victimam,
1776 1212 1812 1271 et

475 1316 578 1396 quasi
602 1328 712 1395 agnus
735 1315 925 1376 lasciviens
950 1318 985 1376 et
1015 1314 1182 1395 ignorans
1217 1315 1266 1377 ad
1298 1315 1443 1379 vincula
1479 1316 1609 1379 stultus
1645 1315 1809 1388 trahitur,

476 1423 590 1485 donec
614 1420 803 1502 transfigat
826 1422 957 1501 sagitta
979 1422 1080 1483 iecur
1103 1422 1188 1495 eius,
1213 1422 1311 1484 velut
1335 1423 1366 1484 si
1387 1423 1466 1484 avis
1496 1421 1641 1485 festinet
1678 1422 1727 1484 ad
1762 1424 1811 1484 la·

475 1548 606 1610 queum
630 1532 665 1590 et
689 1529 803 1591 nescit
827 1529 912 1607 quia
935 1528 982 1590 de
1004 1529 1167 1608 periculo
1189 1530 1307 1591 anime
1330 1528 1602 1610 illiusagitur».
1627 1528 1674 1592 Et
1691 1533 1811 1592 cetera

475 1638 526 1700 ibi
545 1634 566 1698 ¹.

429 1739 460 1801 9.
583 1742 699 1828 Quam
721 1741 900 1823 profunde
922 1743 979 1802 vir
993 1742 1255 1805 eruditissimus
1271 1744 1306 1805 et
1322 1743 1634 1822 eloquentissimus
1650 1714 1812 1823 proprie·

476 1854 570 1915 tates
593 1850 759 1930 singulas,
784 1853 847 1912 aut
870 1867 962 1929 pene
985 1850 1151 1930 singulas,
1175 1850 1324 1912 misticis
1358 1850 1526 1913 verbisve
1561 1869 1584 1911 a
1606 1848 1723 1912 forma
1758 1851 1813 1912 sni

475 1959 568 2030 libri.
594 1957 656 2037 qui
687 1958 815 2019 liber
853 1955 1212 2018 Proverbiorum
1242 1959 1401 2029 vocatur,
1426 1958 1611 2037 expressit.
1644 1956 1758 2029 Certe,
1782 1957 1812 2019 si

479 2066 524 2127 de
546 2064 686 2145 vulgari
708 2066 828 2125 scorto
851 2063 1019 2142 loquitur,
1043 2063 1164 2143 palam
1188 2064 1346 2143 loquitur
1369 2067 1405 2126 et
1427 2066 1659 2144 proverbium
1678 2065 1812 2127 nullum

479 2174 576 2240 dicit,
600 2189 718 2250 neque
740 2171 846 2251 plene
862 2170 976 2232 eciam
988 2170 1229 2251 intelligibilis,
1247 2171 1316 2231 nisi
1332 2170 1381 2232 ad
1396 2171 1596 2251 principale
1612 2172 1812 2234 subiectum

270 2271 394 2333 352'0
479 2281 534 2343 sui
550 2270 564 2362 l!
590 2280 766 2340 tractatus
790 2278 926 2357 scripta
949 2275 1153 2339 referantur
1175 2278 1352 2340 universa.

413 2379 464 2443 10.
590 2385 710 2446 Primo
734 2402 888 2463 namque
911 2384 1055 2463 exponit
1076 2385 1157 2463 quis
1185 2385 1350 2464 paciatur
1380 2384 1447 2446 hoc
1477 2384 1619 2457 malum,
1644 2385 1768 2447 dicens
1791 2403 1812 2447 a

478 2492 572 2555 falsa
595 2492 760 2554 doctrina
783 2491 978 2552 tenendum
1002 2509 1091 2561 eum,
1109 2491 1171 2570 qui
1194 2491 1260 2553 sub
1276 2494 1443 2571 pretextu
1459 2492 1678 2573 intelligendi
1695 2491 1812 2572 Scrip-

478 2604 578 2663 turas
603 2617 725 2661 sacras
749 2600 812 2659 aut
843 2598 1045 2677 corrigendi
1068 2616 1194 2671 mores,
1231 2599 1289 2659 vel
1312 2598 1402 2660 alias
1437 2598 1660 2678 proficiendi,
1697 2600 1812 2661 scolas

477 2708 705 2769 inconcessas
728 2705 865 2766 intrare
888 2704 1056 2785 disponit.
1081 2701 1187 2767 Tales
1212 2706 1305 2766 enim
1330 2706 1467 2767 colores
1490 2708 1611 2785 tegunt
1628 2706 1811 2768 studentes

271 2805 391 2870 L68⁷⁰
478 2812 620 2895 prefate
642 2812 815 2884 doctrine,
841 2830 879 2874 se
903 2812 1061 2875 tenebris
1079 2802 1093 2895 ll
1119 2812 1312 2892 caligantes
1337 2816 1373 2874 et
1396 2816 1545 2875 ceteros.

412 2913 464 2976 11.
587 2919 626 2981 Si
664 2918 880 2981 efficientem
916 2937 1061 2979 causam
1097 2920 1278 2997 querimus
1313 2921 1553 2991 meretricem,
1595 2918 1747 2982 heresim
1777 2922 1811 2982 et

479 3028 739 3099 infidelitatem,
764 3044 828 3088 seu
851 3025 1099 3105 irreligionem,
1123 3025 1305 3098 babemus,
1330 3027 1478 3105 proprio
1501 3029 1631 3088 ornatu
1654 3026 1811 3107 descrip-

477 3140 562 3199 tam.

586 3239 624 3302 Si
645 3240 834 3301 materiam
868 3240 1048 3311 rimamur,
1087 3242 1216 3301 cuncta
1249 3240 1362 3302 ambit
1385 3242 1421 3301 et
1444 3258 1536 3320 pene
1570 3241 1616 3303 de
1649 3241 1810 3302 omnibus

477 3351 627 3411 tractat:
652 3365 724 3408 non
748 3347 954 3417 consistens,
979 3365 1050 3408 uno
1073 3347 1154 3407 loco
1171 3349 1348 3418 contenta,
1374 3349 1413 3408 ut
1428 3365 1550 3409 omnes
1568 3348 1689 3427 capiat
1702 3347 1811 3429 glorie

479 3456 639 3536 cupidos,
665 3454 794 3533 quibus
818 3453 915 3513 illam
939 3455 1101 3533 optatam
1125 3453 1162 3513 in
1186 3452 1280 3515 datis
1304 3454 1458 3515 victimis
1482 3455 1709 3533 repromittit.

410 3553 462 3616 12·
585 3560 704 3623 Causa
726 3558 886 3622 formalis
910 3579 982 3622 non
1005 3560 1206 3631 subiicebit,
1231 3559 1296 3621 sed
1311 3559 1521 3640 exprimitur
1536 3561 1631 3623 illius
1650 3561 1810 3623 doctrine

478 3687 679 3750 processus,
704 3668 735 3728 si
757 3665 813 3729 fas
837 3670 892 3729 est
915 3667 1013 3728 illam
1038 3667 1257 3746 compellare
1280 3666 1490 3729 doctrinam.
1527 3667 1697 3730 Procedit
1721 3668 1810 3730 enim

478 3776 688 3859 dyalecticis
711 3774 928 3854 argumentis
952 3776 1015 3835 aut
1038 3774 1205 3835 connexis
1229 3774 1511 3845 narrationibus,
1543 3776 1647 3855 quasi
1669 3775 1810 3837 funibus

478 3884 695 3964 quibusdam
717 3882 862 3953 intexta,
887 3881 1067 3943 coloribus
1092 3882 1128 3943 et
1152 3881 1315 3943 cursibus
1339 3882 1487 3961 tropicis
1510 3882 1594 3943 vani
1609 3881 1730 3963 Egipti
1752 3881 1811 3944 de·

478 3992 586 4071 picta,
610 3990 721 4050 mirra
743 3989 954 4068 penitencie,
980 3991 1016 4050 et
1039 3986 1333 4049 mortificacionis
1360 3986 1598 4067 quorumdam
1622 3990 1718 4051 illius
1741 3987 1810 4051 fac·

477 4098 585 4160 tionis
619 4096 801 4158 hominum
835 4097 960 4167 strata,
996 4113 1135 4156 necnon
1158 4095 1237 4157 aloe
1263 4094 1458 4157 infelicium
1492 4095 1644 4158 aliorum
1680 4096 1811 4176 tragice

479 4205 566 4267 dato
582 4206 691 4282 atque
706 4204 879 4264 virtutum
895 4220 1114 4284 cynamomo,
1139 4202 1212 4282 pilo
1227 4202 1413 4264 divisionis
1430 4204 1466 4263 et
1482 4200 1715 4266 diffinitionis
1733 4222 1811 4265 con·

479 4329 594 4374 cusso.
618 4310 659 4371 In
674 4310 742 4371 hiis
763 4310 979 4371 scematibus
996 4311 1073 4371 tota
1089 4309 1244 4371 sciencia
1260 4311 1379 4389 potest
1396 4309 1580 4382 contineri,
1596 4328 1667 4389 que
1682 4310 1811 4390 partim

478 4419 528 4481 ad
551 4420 712 4488 formam,
748 4416 881 4495 partim
915 4415 963 4477 ad
986 4416 1176 4477 materiam
1199 4416 1307 4478 debet
1331 4415 1466 4489 reduci,
1504 4434 1583 4478 cum
1622 4417 1722 4497 apud
1744 4417 1811 4479 elo-

479 4528 630 4605 quentes
654 4523 827 4595 comedia,
863 4523 1025 4603 tragedia
1060 4523 1245 4603 satiraque
1275 4526 1356 4585 sunt
1387 4524 1535 4604 propria
1564 4524 1726 4596 materia,
1761 4524 1811 4585 sic

480 4634 596 4695 forma
619 4631 767 4712 propria
791 4632 928 4692 curant.
1326 4640 1327 4645 ’

411 4723 463 4789 13·
586 4738 721 4800 Finalis
746 4755 857 4799 causa
878 4738 1063 4818 premissa,
1089 4755 1160 4816 qne
1183 4737 1302 4809 trahit,
1327 4736 1420 4799 fallit
1443 4756 1591 4818 serpens
1615 4740 1656 4800 ut
1678 4738 1810 4819 anguis,

481 4849 536 4908 est
558 4845 687 4908 mentis
711 4845 868 4925 quedam
891 4843 1045 4907 dulcedo
1061 4844 1315 4907 altissimorum
1339 4844 1565 4925 amplexuum
1592 4844 1812 4907 conciliatrix

589 5159 609 5227 ¹)
626 5160 672 5215 Cf.
693 5162 847 5224 Pmrerb„
864 5160 929 5225 v11,
947 5159 1022 5213 7-23.
