4300 6117
850 1004 1039 1059 IOHANNIS
1062 1003 1243 1057 DOMINICI
1652 990 1718 1054 313

385 1103 476 1110 ——-
483 1103 670 1109 ---.-.—--—-
678 1102 741 1109 -ο
747 1102 954 1108 ..—-—-—

376 1229 481 1291 latim
506 1229 671 1291 doctrina
688 1229 877 1290 brutorum
895 1226 1065 1289 iniectum
1085 1228 1235 1289 recessit
1248 1239 1358 1306 genus
1373 1226 1566 1288 humanum
1581 1245 1604 1287 a
1620 1225 1719 1287 cultu

377 1340 413 1398 et
436 1337 618 1417 lapidibus
643 1337 753 1399 sectis
778 1338 892 1415 atque
915 1336 1114 1415 quadratis,
1139 1334 1306 1397 fenestris
1331 1335 1553 1414 distinguunt
1577 1337 1614 1395 et
1635 1352 1717 1414 pro·

378 1445 550 1523 porcione
574 1434 589 1526 ΙΙ
615 1444 803 1523 adaptant.
844 1442 923 1505 Non
946 1461 1055 1504 narro
1080 1443 1149 1504 nisi
1172 1460 1242 1521 que
1265 1442 1349 1514 vidi,
1381 1459 1467 1503 ecce
1496 1460 1618 1505 coram
1641 1440 1718 1502 Deo

241 1606 246 1613 .
305 1624 309 1631 Ι
376 1550 514 1630 loquor,
551 1551 637 1630 qnia
661 1570 735 1613 non
759 1550 938 1612 mencior!
977 1551 1042 1611 sed
1067 1568 1147 1611 cum
1170 1549 1327 1611 illuxerit
1350 1548 1414 1620 sol,
1449 1567 1513 1610 seu
1535 1549 1647 1628 magis
1671 1548 1717 1609 de

377 1677 492 1738 prope
527 1656 660 1719 fuerint
692 1658 753 1719 illa
776 1658 982 1737 prospecta,
1019 1658 1187 1719 desinunt
1221 1675 1409 1736 apparere.
1449 1655 1505 1717 Illi
1534 1656 1628 1718 enim
1655 1655 1716 1717 hu·

377 1783 505 1836 mores,
543 1765 573 1825 si
596 1762 795 1827 Michael
819 1763 982 1826 Scotns
1018 1782 1089 1825 non
1113 1764 1250 1825 fallitur
1271 1763 1331 1825 vel
1356 1782 1427 1825 non
1450 1763 1552 1835 lallit,
1586 1762 1717 1841 quibus

379 1872 429 1933 ad
452 1872 568 1934 instar
591 1874 795 1933 nostrorum
818 1870 1014 1933 infancium
1031 1872 1234 1933 volencium
1257 1871 1305 1932 de
1319 1871 1433 1951 paleis
1457 1874 1494 1932 et
1510 1870 1656 1932 calamis
1673 1887 1716 1931 ac

378 1979 455 2040 luto
480 1980 616 2058 erigere
640 1996 754 2051 casas,
794 1980 924 2058 quibus
948 1997 1014 2059 pro
1038 1979 1190 2040 materia
1223 1978 1272 2039 ad
1306 1977 1518 2039 imitandum
1541 1976 1717 2057 opificem

381 2103 502 2147 rerum
536 2089 697 2147 eternum
736 2087 787 2147 illi
824 2087 971 2166 spiritus
1009 2088 1159 2147 utuntur
1191 2085 1360 2157 ludendo,
1398 2103 1519 2146 coram
1541 2085 1622 2146 luce
1645 2103 1717 2146 non

381 2193 494 2254 dubia
517 2212 540 2254 a
561 2191 638 2254 Deo
662 2196 786 2255 creata
815 2212 1050 2273 perseverare
1083 2193 1296 2275 prestigiose
1317 2211 1389 2254 non
1411 2192 1542 2255 valent.
1579 2189 1716 2254 Horum

378 2300 570 2379 spirituum
593 2318 678 2380 pars
703 2302 862 2380 nequior,
887 2301 980 2363 sicut
995 2301 1269 2363 racionabiliter
1285 2301 1404 2372 credo,
1422 2300 1514 2363 iuste
1536 2304 1592 2362 est
1608 2319 1632 2360 a
1646 2297 1717 2360 Do·

378 2408 475 2468 mino
500 2408 536 2468 in
560 2409 750 2469 tarantolis
773 2408 947 2470 similibus
971 2410 1103 2470 nostris
1128 2408 1271 2470 araneis
1296 2408 1333 2468 in
1349 2408 1477 2469 tellure
1492 2407 1716 2469 morantibus

380 2514 548 2593 relegata,
574 2533 640 2593 per
656 2532 748 2593 quas
770 2515 971 2577 incredibili
985 2516 1102 2585 modo,
1120 2515 1186 2577 sed
1201 2533 1297 2581 vero,
1322 2516 1564 2595 practicarum
1581 2514 1716 2574 arcium

378 2638 417 2681 se
449 2622 642 2683 ostendunt
667 2623 844 2683 doctores.
879 2621 1041 2684 Immisso
1064 2624 1158 2684 enim
1182 2640 1247 2683 suo
1270 2640 1409 2684 veneno
1431 2622 1658 2684 invisibiliter
1680 2622 1716 2681 in

389 2746 520 2807 corpus
544 2729 746 2801 humanum,
783 2730 1014 2791 subtilissimo
1045 2730 1172 2791 aculeo
1194 2730 1352 2808 quodam
1374 2729 1573 2809 pungendo,
1610 2729 1717 2789 istum

381 2837 512 2914 cogunt
536 2836 619 2898 lieri
642 2836 821 2898 medicum
845 2836 975 2907 statim,
1001 2836 1063 2915 qni
1086 2837 1301 2898 medicinam
1324 2855 1395 2898 non
1409 2837 1518 2908 novit,
1542 2839 1717 2898 textorem

377 2931 482 3002 illum
511 2943 621 3004 alium
643 2962 683 3005 se
706 2945 826 3005 tacere
842 2955 969 3023 regem,
994 2944 1159 3005 nonullos
1174 2962 1261 3005 vero
1286 2944 1487 3016 saltatores,
1511 2943 1572 3022 qui
1588 2962 1716 3023 nuper·

391 3048 481 3111 rime
515 3068 722 3113 semovere
746 3053 1017 3130 nonpoterant,
1048 3051 1189 3129 aliquos
1223 3051 1388 3123 musicos,
1424 3051 1612 3112 nonnullos
1635 3050 1716 3111 lori·

379 3157 508 3234 pedes,
547 3175 721 3231 cursores,
759 3161 795 3219 et
817 3157 884 3219 hiis
909 3158 1048 3230 similia,
1085 3158 1122 3219 in
1144 3158 1274 3237 quibus
1308 3156 1375 3219 tilii
1408 3157 1588 3219 hominum
1617 3158 1718 3237 gravi

378 3262 515 3324 corde¹
540 3266 794 3344 utplurimum
819 3265 1054 3326 delectantur.
1093 3264 1223 3327 Nescio
1246 3268 1366 3326 autem
1389 3266 1519 3343 quibus
1552 3266 1717 3345 exigenti·

378 3369 453 3430 bus
490 3372 627 3431 meritis
650 3372 708 3433 vel
732 3372 915 3433 demeritis
951 3374 1090 3433 tantum
1123 3372 1286 3451 prevalet
1318 3371 1444 3434 horum
1468 3373 1642 3450 nequicia,
1678 3376 1719 3434 ut

384 3476 416 3537 si
441 3479 520 3555 quis
544 3496 610 3558 per
633 3497 761 3540 novem
785 3479 862 3540 dies
897 3497 969 3540 non
993 3480 1194 3541 exercuerit
1228 3478 1423 3541 indeffesse
1447 3483 1571 3549 artem,
1609 3498 1717 3558 quam

390 3583 451 3645 illa
467 3586 584 3647 bestia
599 3586 769 3665 imprimit
785 3605 865 3649 cum
881 3604 1029 3658 veneno,
1054 3587 1375 3648 inremediabiliter
1390 3586 1487 3648 cadit
1503 3588 1539 3647 iu
1554 3589 1715 3647 mortem.

380 3689 476 3752 Reor
500 3693 593 3753 enim
617 3692 681 3755 hos
705 3694 853 3773 spiritus
879 3693 1087 3755 nouendiali
1120 3694 1300 3755 sacrificio
1325 3693 1508 3763 delectari,
1544 3694 1629 3772 quia
1653 3694 1717 3755 tali

379 3817 529 3861 nnmero
553 3799 699 3861 ordines
730 3800 940 3880 angelorum
962 3799 1061 3862 Deus
1085 3801 1231 3870 creavit,
1273 3803 1309 3861 et
1332 3801 1418 3879 qnia
1451 3801 1535 3862 olim
1569 3800 1716 3880 gentiles

380 3906 505 3976 milies,
529 3902 776 3968 Titulivio
799 3910 900 3980 teste,
926 3910 993 3970 sub
1019 3908 1224 3969 novendiali
1239 3909 1464 3970 venerabant
1482 3927 1628 3969 suorum
1643 3908 1717 3969 bel·

378 4012 496 4073 lorum
519 4013 717 4076 invisibiles
741 4015 851 4076 duces
864 4014 884 4076 ‘·'.
910 4012 990 4078 Hoc
1014 4016 1201 4078 collective
1216 4014 1362 4100 Littere'
1376 4034 1479 4077 sacre
1499 4034 1570 4077 non
1584 4017 1715 4086 tacent,

378 4118 580 4182 referentes
604 4140 626 4182 a
650 4120 734 4183 filiis
759 4121 949 4193 hominum,
987 4123 1033 4184 de
1057 4124 1244 4204 dampnati
1267 4122 1368 4185 Caini
1390 4123 1524 4185 semine
1548 4123 1651 4194 natis,
1681 4125 1718 4183 et

378 4244 452 4288 non
476 4246 498 4288 a
513 4226 602 4289 filiis
618 4226 695 4301 Dei,
721 4247 811 4308 quos
837 4228 924 4291 Seth
947 4231 1117 4311 progenie
1132 4231 1246 4293 voluit
1269 4232 1397 4292 merito
1413 4230 1610 4310 designare,
1636 4248 1717 4291 cum

386 4335 532 4396 tandem
556 4354 598 4397 ex
621 4335 689 4398 hac
712 4338 825 4415 stirpe
848 4338 955 4399 luerit
979 4339 1105 4400 unicus
1138 4338 1233 4399 tilius
1257 4338 1434 4399 verissimi
1457 4336 1524 4399 Dei
1555 4340 1591 4398 in
1611 4338 1716 4418 virgi·

377 4443 454 4503 nali
481 4446 584 4505 utero
608 4444 866 4517 humanandus,
892 4446 1139 4507 mechanicam
1163 4448 1278 4507 artem
1302 4449 1462 4507 exortam
1472 4444 1494 4507 ³.
1525 4446 1589 4507 Ille
1611 4450 1717 4525 pater
1769 4528 1772 4533 Ι

381 4549 560 4621 infandus,
596 4550 710 4613 Belial
741 4554 951 4625 membrum,
987 4554 1142 4633 primam
1178 4554 1359 4616 civitatem
1394 4555 1549 4615 muravit
1558 4553 1579 4624 ⁴,
1615 4554 1715 4616 cuius

384 4658 451 4720 lilii
474 4660 647 4721 musicam
671 4660 891 4731 invenerunt,
928 4661 1125 4724 lanificium
1149 4665 1184 4723 et
1207 4664 1394 4733 texturam,
1430 4681 1452 4723 a
1477 4662 1606 4741 quibus
1629 4680 1715 4741 pan·

487 4982 505 5047 Ι)
526 4984 570 5037 Cf.
590 4984 817 5046 Paalm‚1V,3.

485 5072 505 5138 '·')
526 5074 583 5127 Ces
602 5074 759 5127 sacrifices
777 5076 903 5128 avaient
922 5076 971 5129 ete
990 5076 1133 5129 institues
1152 5091 1231 5143 pour
1249 5077 1395 5143 coniuret
1413 5076 1460 5130 les
1479 5077 1632 5143 prodiges.
1670 5076 1714 5130 Cl.

376 5160 410 5215 T.
430 5164 497 5215 le.
517 5164 538 5225 1,
557 5163 602 5225 ³1,
621 5164 665 5225 21,
683 5164 727 5227 ⁶2,
747 5167 804 5218 etc.
825 5166 883 5218 etc.

484 5250 505 5317 ³)
527 5251 572 5305 Cf.
595 5253 711 5317 Genes,
730 5254 780 5316 lv,
799 5254 842 5306 22.

484 5340 505 5405 ⁴)
523 5342 600 5395 lora.
619 5343 661 5395 17.
