4300 6117
482 747 526 810 34
982 760 1141 813 LUCULA
1165 759 1304 813 NOCTIS

480 979 579 1057 plina
602 981 721 1058 potest
744 999 823 1043 esse
846 981 1022 1061 perfecta;
1060 982 1128 1044 hac
1151 984 1228 1044 tota
1251 984 1409 1045 celorum
1434 995 1605 1063 compago
1641 984 1810 1055 consistit,

482 1084 549 1147 hac
574 1088 741 1149 universa
764 1089 887 1150 mundi
911 1089 1021 1151 moles
1045 1090 1218 1163 subsistit,
1245 1090 1320 1151 sine
1343 1090 1411 1152 hac
1428 1090 1632 1169 respublica
1649 1090 1811 1152 ordinate

482 1194 663 1254 moderari
698 1213 769 1255 non
803 1198 938 1274 potest;
974 1215 1091 1257 mores
1120 1197 1346 1276 corriguntur
1372 1216 1439 1276 per
1466 1198 1642 1276 ipsamet
1669 1196 1812 1259 humani

482 1299 591 1360 animi
621 1301 836 1364 obtinentur.
882 1301 960 1365 Hec
983 1301 1138 1365 furiosos
1162 1304 1318 1365 restituit
1348 1305 1415 1366 sub
1438 1303 1653 1383 Picthagora
1675 1304 1753 1374 sibi,
1778 1306 1812 1365 et

482 1408 625 1468 morbos
660 1409 829 1481 domavit,
867 1410 1010 1471 reddita
1056 1411 1219 1483 sanitate,
1259 1411 1489 1473 narrantibus
1528 1409 1699 1472 Cicerone
1715 1408 1733 1482 ¹,
1778 1414 1813 1472 et

483 1511 654 1575 Severino
677 1518 759 1594 post
783 1534 863 1577 eum
881 1516 902 1578 ².

415 1613 467 1679 13·
593 1620 708 1706 Quam
731 1624 900 1703 insipiens
936 1626 972 1685 et
1006 1625 1153 1686 brucior
1182 1624 1289 1685 bruto
1314 1624 1391 1697 erit,
1424 1624 1500 1684 solo
1525 1625 1666 1685 nomine
1698 1622 1810 1693 bomo,

480 1730 683 1791 necessarie
698 1732 891 1810 geometrie
905 1732 1059 1810 ignarus,
1084 1748 1274 1809 perquam
1295 1730 1575 1809 uniuscuiusque
1590 1731 1644 1791 rei
1673 1730 1811 1790 termini

482 1833 721 1914 designantur,
731 1838 823 1899 sicut
833 1839 960 1899 scribit
974 1837 1185 1899 Ricardus
1199 1836 1219 1899 ³.
1238 1837 1320 1898 Fuit
1328 1838 1430 1908 enim,
1445 1838 1537 1899 sicut
1550 1839 1651 1898 notat
1662 1835 1810 1915 Alpha·

481 1943 631 2006 rabius
656 1946 850 2024 geometria
872 1946 1077 2007 necessaria
1092 1944 1329 2024 perspectiva,
1348 1962 1421 2023 qua
1437 1945 1654 2006 discernitur
1667 1945 1760 2004 inter
1774 1942 1812 2003 id

481 2050 579 2126 quod
610 2055 763 2130 apparet
794 2053 831 2112 in
853 2052 933 2113 visu
957 2052 1063 2113 aliter
1086 2070 1194 2130 quam
1225 2051 1280 2123 sit,
1320 2053 1356 2112 et
1379 2050 1417 2111 id
1441 2051 1538 2130 quod
1561 2053 1722 2130 apparet,
1762 2050 1812 2110 ita

481 2157 520 2216 ut
544 2155 627 2219 esti.
652 2158 820 2238 Assignat
843 2160 937 2220 enim
960 2159 1090 2237 quibus
1114 2159 1161 2220 de
1186 2159 1303 2219 causis
1327 2159 1397 2219 ista
1421 2156 1520 2229 fiant,
1546 2160 1581 2219 et
1605 2157 1672 2219 hoc
1696 2157 1812 2218 deter-

481 2264 739 2327 minacionibus
763 2265 984 2327 necessariis.
1009 2263 1124 2326 Docet
1148 2266 1263 2327 eciam
1285 2265 1415 2343 quibus
1441 2265 1557 2326 modis
1573 2266 1670 2325 visus
1694 2265 1812 2342 potest

482 2387 612 2441 errare,
638 2373 686 2434 ad
709 2372 776 2433 hoc
799 2376 838 2434 ut
862 2391 932 2433 non
956 2374 1062 2433 erret.

414 2468 465 2531 14.
591 2476 656 2550 Da,
691 2498 764 2550 oro,
801 2480 1056 2541 astronomiam
1088 2480 1318 2558 ignorantem,
1356 2478 1620 2557 astrologieque
1654 2477 1812 2538 nescium

481 2586 694 2664 quempiam,
710 2604 827 2648 nonne
841 2587 940 2647 velut
955 2585 1174 2648 deridendus
1192 2584 1396 2655 infantulus,
1414 2585 1666 2664 pronunciabit
1682 2583 1812 2663 sydera

479 2691 562 2761 labi,
580 2692 746 2771 languere
760 2694 889 2764 lunam,
906 2694 1090 2771 solemque
1101 2692 1276 2771 qualitate
1292 2692 1432 2762 mutari,
1450 2692 1542 2753 sicut
1555 2690 1810 2770 suggerendum

480 2799 582 2876 putet
606 2817 694 2860 sono
710 2800 847 2861 ‘calami
870 2803 906 2861 et
930 2799 1040 2861 ferri?
1077 2798 1258 2884 Quantum
1281 2798 1365 2859 inde
1388 2798 1515 2859 teritus
1539 2796 1644 2859 Pluto
1668 2795 1811 2857 Proser·

479 2904 601 2982 pinam
635 2907 729 2967 sinat
762 2907 809 2968 ad
832 2904 909 2968 loca
942 2907 1129 2985 superiora
1162 2906 1312 2967 reverti!
1359 2903 1454 2989 Quot
1489 2903 1654 2985 Hyberas
1687 2903 1810 2964 nenias

479 3011 581 3072 inscii
604 3013 681 3085 viri,
718 3031 821 3075 senes
844 3014 948 3075 deliri
982 3016 1017 3074 et
1050 3011 1172 3093 garule
1204 3031 1303 3084 anus,
1338 3012 1385 3073 de
1407 3010 1540 3073 Lactea
1564 3009 1643 3081 Via,
1681 3008 1812 3071 Orione

480 3116 609 3191 feroce,
634 3117 727 3181 Ursa
759 3124 921 3199 utraque,
953 3117 1137 3182 Adriane⁵
1172 3137 1314 3189 corona,
1345 3118 1506 3189 recitant,
1536 3118 1695 3196 prescise
1729 3116 1811 3195 quia

478 3372 688 3384 ——a

587 3579 593 3608 ¹
625 3582 688 3635 Cle.
712 3579 798 3634 Tusa.
817 3580 838 3632 1.
863 3580 869 3595 '
892 3579 927 3631 11.

586 3581 607 3735 ²³
625 3672 723 3723 BoET.
743 3673 787 3726 De
809 3580 926 3722 Codsol.
946 3669 1058 3720 Philas.
1079 3668 1127 3729 IV,
1146 3668 1244 3718 Prosa
1259 3664 1308 3717 VI.
1327 3665 1410 3717 Patr.
1430 3665 1495 3717 Lat.
1514 3665 1617 3727 LXIII,
1637 3664 1689 3717 813
1709 3678 1752 3730 sq.

586 3758 793 3827 ³)R1cARn.a
812 3775 834 3811 s.
853 3759 939 3811 V1cT.
957 3758 1001 3809 Le
1019 3764 1151 3823 passage
1170 3770 1209 3807 en
1228 3754 1369 3821 question
1386 3770 1465 3806 nous
1484 3769 1501 3806 a
1524 3750 1669 3820 echapp'e'.

585 3848 606 3916 ⁴)
632 3850 771 3902 Altarabi
797 3840 1189 3916 [Abu-Nasr-Mohammed}
1215 3843 1397 3910 philosophe
1416 3844 1519 3903 arabe,
1538 3844 1577 3894 ne
1596 3842 1614 3893 a
1633 3842 1746 3905 Farab,
1772 3856 1811 3893 en

477 3938 690 3992 Transoxiane
715 3936 745 4005 [†
763 3940 887 3999 Damas,
905 3932 979 4002 9501.
1016 3938 1060 3988 La
1079 3936 1204 4001 plupart
1222 3934 1262 3984 de
1282 3948 1332 3985 ses
1352 3946 1476 3984 oeuvres
1496 3932 1565 3983 sont
1583 3931 1639 3982 des
1658 3945 1811 3983 commen-

477 4029 571 4081 taires
590 4028 764 4081 d'Aristote.
801 4026 957 4101 Quelques
976 4040 1035 4077 uns
1054 4023 1159 4075 iurent
1184 4022 1315 4075 traduits
1335 4036 1374 4073 en
1397 4022 1481 4083 latin,
1506 4036 1536 4086 p.
1558 4035 1610 4072 ex:
1636 4020 1682 4071 les
1702 4020 1809 4071 traites

477 4120 524 4170 De
549 4118 697 4181 Scientlts,
723 4119 769 4169 De
787 4116 892 4173 Rebus
915 4117 1016 4166 studio
1035 4114 1249 4166 Aristotelicae
1270 4112 1483 4177 philosophiae
1499 4110 1742 4175 praemtttendis,
1766 4110 1812 4160 De

478 4210 627 4262 intellectu
654 4212 684 4260 et
707 4208 856 4259 intellecto
881 4206 913 4257 et
936 4206 1051 4257 Fontes
1069 4206 1288 4269 quaestionum.
1337 4198 1753 4264 FR.NOVAT1‚Eptslolarto
1781 4199 1813 4247 di

480 4298 510 4350 C.
530 4298 669 4360 Salutatt,
696 4297 745 4358 IV,
763 4311 793 4362 p.
818 4296 870 4349 231
897 4294 944 4359 (3),
963 4311 981 4347 a
999 4294 1111 4347 trouve'
1135 4291 1235 4358 parmi
1261 4291 1307 4342 les
1333 4289 1516 4341 Incunables
1541 4288 1581 4338 de
1606 4288 1636 4339 la
1664 4286 1809 4338 Biblioth.

478 4387 704 4440 Ambrosienne
721 4388 752 4439 la
769 4386 948 4439 Declaratto
966 4384 1180 4449 compendiosa
1195 4396 1254 4447 per
1268 4382 1348 4431 vtum
1367 4380 1524 4430 dlvtstanls
1544 4374 1702 4439 Alsarabil
1719 4390 1812 4441 super

478 4478 573 4529 llbros
584 4476 817 4533 Rethorteorum
835 4474 1020 4533 Aristotelis,
1039 4472 1154 4524 Venise
1171 4468 1434 4522 MCCCCLXXXI.
1474 4467 1516 4519 Ce
1537 4466 1629 4519 traite
1648 4465 1724 4516 etan
1741 4464 1812 4530 de'ja

478 4568 537 4621 cite
554 4582 613 4633 par
631 4566 770 4626 BRUNET,
789 4564 916 4616 Manuel
932 4565 973 4614 du
992 4562 1142 4622 Libratre,
1162 4560 1183 4619 l,
1204 4554 1328 4625 175[ec1.
1346 4552 1436 4623 18601.
1457 4558 1541 4608 Dans
1557 4569 1607 4606 ses
1622 4556 1811 4607 Documenta

474 4658 687 4724 philosophiae
704 4654 852 4716 Arabum,
880 4651 1089 4704 Schmoeldcrs
1108 4664 1126 4700 a
1149 4647 1255 4714 publie'
1279 4648 1309 4699 le
1334 4646 1418 4698 texte
1442 4646 1539 4696 arabe
1558 4644 1588 4697 et
1606 4643 1638 4695 la
1662 4642 1741 4695 trad.
1760 4642 1810 4693 lat.

478 4747 518 4799 de
542 4748 623 4798 deux
647 4745 740 4811 petIts
766 4743 873 4795 traites
899 4739 1078 4793 d'Altarabi.
1106 4738 1204 4799 Bonn,
1231 4736 1308 4799 1836,
1327 4736 1358 4787 ln
1377 4732 1414 4795 8⁰,
1439 4733 1479 4785 de
1499 4732 1551 4785 134
1570 4733 1601 4784 et
1619 4731 1654 4784 ³4
1673 4747 1701 4797 p.
1728 4730 1810 4782 Nous

477 4836 606 4887 n'avons
625 4850 668 4901 pu
686 4833 842 4886 consulter
860 4832 890 4883 le
908 4830 1001 4883 truite
1025 4828 1066 4880 de
1093 4826 1234 4879 Sotenttts
1258 4828 1299 4877 ou
1323 4822 1560 4891 probablement
1586 4835 1620 4873 se
1647 4823 1757 4872 trouve
1781 4819 1811 4869 le

477 4934 608 4992 passage
628 4924 685 4976 cite'
705 4923 783 4974 dans
803 4922 893 4974 notre
911 4920 1004 4972 texte.

585 5011 606 5080 ³)
625 5015 708 5065 Ponr
726 5011 867 5063 Artadna
885 5023 925 5061 ou
943 5007 1089 5059 Ariadne.
