4300 6117
840 905 1026 959 IOHANNIS
1049 905 1230 959 DOMINICI
1654 896 1697 960 35

367 1133 451 1192 sunt
475 1132 692 1193 astronomie
716 1133 909 1209 utcumque
932 1131 1063 1210 ignari!
1103 1129 1151 1190 At
1174 1130 1317 1208 quiquis
1342 1129 1533 1211 astrologie
1567 1130 1699 1193 noticia

365 1241 476 1310 caret,
502 1239 680 1299 virtuosos
704 1239 879 1317 quosdam
903 1238 1055 1316 putabit,
1081 1238 1308 1315 viciososque
1339 1238 1428 1298 alios
1451 1238 1603 1299 laudeve
1626 1238 1700 1317 dig·

366 1364 432 1406 nos
455 1346 545 1417 illos,
570 1345 659 1407 istos
684 1363 827 1424 quoque
849 1345 1117 1422 vituperandos,
1142 1344 1246 1423 quasi
1261 1344 1462 1405 voluntarie
1478 1345 1593 1406 solum
1616 1362 1699 1406 suos

363 1454 568 1533 procedant
591 1454 628 1514 in
651 1456 762 1525 actus,
798 1469 887 1531 quos
911 1452 988 1513 sola
1011 1450 1241 1513 constellacio
1268 1450 1349 1512 illos
1372 1452 1494 1513 reddit
1516 1452 1565 1513 ad
1588 1469 1700 1531 opera

366 1578 432 1622 sua
467 1561 654 1640 proclives,
690 1579 762 1621 non
793 1559 1054 1630 necessitando,
1087 1558 1153 1619 sed
1181 1558 1449 1619 sensualitatem
1477 1559 1699 1619 solummodo

363 1668 570 1729 inclinando
584 1664 605 1728 ¹.

480 1772 635 1835 Veniam
669 1773 718 1833 ad
752 1771 1023 1852 philosophiam,
1062 1791 1132 1851 que
1155 1791 1274 1833 rerum
1307 1790 1397 1851 quas
1421 1770 1517 1834 Deus
1541 1789 1698 1833 summus
1715 1767 1766 1830 15.

366 1884 402 1943 et
426 1881 523 1943 solus
547 1880 693 1951 creavit,
728 1898 834 1958 quem
858 1881 1102 1959 cognoscimus
1123 1898 1190 1958 per
1216 1880 1287 1940 ista
1317 1879 1483 1951 visibilia,
1523 1880 1570 1939 ad
1606 1878 1698 1939 hunc

365 1990 476 2049 tinem
506 1987 621 2049 solum
656 2005 723 2066 pro
755 1988 810 2047 sui
840 1998 967 2066 magna
990 1990 1094 2066 parte
1118 1988 1250 2059 creata,
1285 1986 1379 2048 vires
1402 1986 1593 2065 dignitates
1618 2003 1699 2064 pro·

367 2097 611 2175 prietatesque
651 2112 736 2155 cum
776 2095 964 2156 effectibus
1001 2095 1117 2166 docet,
1155 2095 1190 2155 et
1225 2094 1435 2155 manuducit
1473 2093 1521 2154 ad
1556 2090 1700 2154 Meta-

366 2202 531 2282 phisic
546 2219 634 2272 um,
671 2201 722 2262 sic
752 2198 909 2262 fideliter
936 2199 1046 2262 iidem
1076 2200 1289 2263 catholicam
1319 2201 1556 2279 profitentem,
1593 2203 1702 2278 atque

367 2310 558 2371 dicentem:
602 2306 792 2369 «Necesse
816 2311 872 2369 est
894 2326 973 2369 esse
997 2308 1154 2385 aliquam
1178 2308 1421 2370 substanciam
1445 2309 1614 2378 eternam,
1639 2307 1702 2367 im·

367 2415 533 2478 mobilem
554 2414 604 2475 »ἶ
645 2411 858 2476 Substancie
880 2433 1035 2493 namque
1059 2415 1258 2493 precedunt
1285 2415 1403 2475 omnia
1420 2414 1530 2485 encia,
1555 2414 1700 2485 scilicet,

368 2524 591 2585 causalitate.
638 2520 676 2581 Si
701 2522 812 2600 igitur
834 2540 956 2583 omnes
980 2522 1186 2583 substancie
1216 2522 1348 2583 tuerint
1373 2524 1549 2599 corrupte,
1584 2522 1702 2581 omnia

369 2632 470 2693 encia
500 2631 603 2690 erunt
628 2630 812 2707 corrupta:
849 2629 943 2707 quia,
973 2629 1119 2701 scilicet,
1153 2629 1339 2690 destructa
1363 2647 1481 2700 causa,
1507 2628 1704 2689 destruitur

368 2742 563 2800 causatum.
611 2734 707 2796 Deus
751 2736 858 2815 igitur
896 2754 1038 2815 semper
1075 2738 1139 2807 est,
1184 2739 1220 2797 et
1248 2739 1303 2797 est
1335 2735 1534 2814 intelligens
1564 2753 1630 2814 per
1665 2753 1704 2797 se

368 2845 550 2923 habetque
573 2843 685 2903 vitam
721 2843 879 2904 nobilem
907 2845 944 2904 et
972 2844 1235 2922 sempiternam.
1282 2842 1364 2922 Ipse
1388 2844 1442 2903 est
1463 2840 1569 2913 Deus,
1601 2861 1701 2915 unus,

365 2954 522 3021 eternus,
547 2951 583 3011 in
604 2948 675 3011 tine
702 2950 907 3020 nobilitatis,
933 2953 970 3012 et
993 2954 1047 3011 est
1070 2951 1145 3012 vita
1169 2950 1417 3012 continuorum
1441 2950 1589 3011 encium.
1624 2948 1701 3010 Hec

368 3062 403 3120 et
439 3058 552 3118 multa
585 3058 656 3118 alia
689 3058 815 3119 scribit
848 3056 1071 3129 Aristoteles,
1102 3066 1159 3118 xl⁰
1192 3054 1562 3135 Metaphisicess.
1609 3055 1701 3118 Hinc

366 3165 560 3236 Avicenna,
586 3165 623 3224 in
638 3182 705 3225 sua
723 3162 1030 3243 Metaphisica
1053 3165 1182 3225 iterum
1198 3166 1299 3226 dicit:
1325 3162 1488 3225 Sciencia
1509 3163 1631 3224 divina
1647 3166 1702 3224 est

368 3272 526 3335 sciencia
549 3271 596 3332 de
620 3272 727 3332 rebus
761 3272 937 3349 separatis
960 3290 983 3331 a
1012 3273 1173 3343 materia,
1208 3272 1377 3343 terminis,
1408 3274 1443 3333 et
1470 3268 1700 3332 diffinicione.

365 3380 406 3441 In
436 3379 504 3440 hac
534 3379 688 3440 sciencia
723 3379 885 3457 queritur
918 3379 964 3440 de
1004 3380 1127 3458 primis
1164 3380 1280 3440 causis
1305 3370 1319 3461 ΙΙ
1345 3396 1424 3440 esse
1461 3377 1634 3439 naturalis
1666 3380 1701 3437 et
1790 3382 1904 3445 Ι,23το

366 3505 446 3549 esse
468 3485 688 3557 doctrinalis,
724 3488 760 3547 et
784 3486 860 3546 eius
883 3486 981 3564 quod
1006 3486 1141 3565 pendet
1165 3504 1207 3547 ex
1230 3485 1308 3558 hiis,
1338 3487 1373 3546 et
1403 3485 1448 3546 de
1480 3502 1590 3545 causa
1618 3504 1700 3547 cau·

364 3612 498 3661 sarum,
531 3611 600 3671 que
641 3594 695 3653 est
718 3590 815 3653 Deus
850 3593 1022 3654 excelsus.
1074 3591 1152 3654 Hec
1191 3595 1246 3654 est
1282 3591 1508 3675 philosophia
1541 3592 1656 3671 prima
1673 3612 1699 3652 >>.

365 3700 444 3763 Hec
467 3700 518 3761 ibi
530 3697 551 3761 ⁴.

478 3804 532 3865 Ex
571 3806 737 3867 omnibus
775 3805 843 3867 hiis
893 3807 1031 3885 liquido
1075 3808 1177 3886 patet
1208 3806 1323 3868 Deum
1356 3805 1548 3885 gloriosum
1582 3806 1700 3868 omnia
1717 3811 1767 3873 16.

365 3916 468 3986 scire,
493 3911 719 3992 Xpistianum
743 3914 877 3975 debere
899 3912 1014 3975 Deum
1037 3914 1233 3975 secundum
1256 3932 1339 3975 suas
1355 3914 1450 3975 vires
1475 3914 1700 3993 integerrime

366 4021 508 4092 imitari,
532 4038 727 4098 omnesque
751 4021 934 4091 sciencias,
968 4038 1058 4099 quas
1083 4021 1263 4082 seculares
1286 4040 1465 4091 vocamus,
1492 4039 1563 4081 non
1586 4021 1700 4082 solum

364 4128 538 4189 veritates
563 4125 735 4188 mirificas
760 4128 952 4198 continere,
974 4128 1169 4189 sedeciam
1185 4146 1250 4189 nos
1266 4128 1507 4189 manuducere
1530 4128 1566 4187 in
1582 4127 1699 4187 radio·

367 4253 443 4297 sam
459 4233 720 4313 cogitacionem
745 4234 903 4295 divinam
918 4224 931 4316 Ι,
951 4235 986 4295 et
1001 4252 1067 4314 per
1084 4252 1303 4313 consequens
1319 4253 1390 4295 nou
1404 4235 1511 4295 modo
1526 4233 1700 4294 humanas
1801 4237 1895 4300 B810

365 4341 541 4404 sciencias
565 4359 636 4401 non
660 4341 737 4402 iore
761 4358 783 4401 a
806 4338 1004 4419 Xpistianis
1034 4340 1242 4413 horrendas,
1273 4342 1338 4403 sed
1361 4340 1620 4402 studiosissime
1643 4358 1700 4401 co-

366 4447 503 4520 lendas,
528 4446 627 4525 quod
650 4449 705 4507 est
728 4450 860 4508 notum.

474 4707 495 4773 ¹)
513 4708 543 4761 S.
562 4706 666 4761 ΤΗοΜ.
695 4710 722 4761 1²
744 4710 807 4761 11²0.
827 4708 862 4782 Q.
890 4708 940 4772 IX,
964 4725 991 4761 a.
1010 4725 1034 4762 s.
1060 4712 1165 4763 Utrum
1191 4712 1332 4763 voluntas
1350 4714 1507 4764 moveatur
1525 4727 1545 4762 u
1573 4726 1701 4777 corpore

364 4797 517 4853 coelesti?

474 4884 617 4953 'idmst
642 4888 698 4939 XII
717 4890 856 4954 Metaph.
874 4889 945 4941 lect.
966 4890 1001 4952 V,
1021 4893 1050 4941 tn
1065 4892 1175 4957 princ..
1215 4890 1327 4955 DmoT,
1346 4890 1387 4941 XI
1405 4892 1478 4942 Met.
1498 4904 1563 4955 cap.
1582 4897 1623 4951 v1,
1643 4887 1668 4939 1.

474 4974 495 5041 ³)
515 4976 618 5028 Axur.
640 4978 777 5043 Metoph.
795 4978 846 5029 XI.
866 4978 937 5030 Dm.
957 4993 1022 5044 cap.
1043 4988 1096 5039 vn,
1115 4978 1140 5043 6,
1160 4980 1184 5042 7,
1204 4979 1228 5032 8.

473 5063 495 5128 ⁸)
514 5065 644 5117 AvxcEN.
662 5063 761 5118 Tract.
782 5067 803 5130 1,
823 5081 889 5133 cap.
908 5076 937 5117 11.
956 5069 994 5120 de
1012 5069 1195 5121 stobiHendo
1213 5069 1380 5133 subjectum
1397 5068 1627 5133 Metaphisicoe.
1655 5064 1702 5116 Ad

364 5169 446 5206 sens.
468 5155 606 5221 Metaph.
624 5154 706 5207 Edit.
727 5155 947 5220 Venise,1493.
