4300 6117
861 964 1048 1018 IOHANNIS
1071 963 1252 1018 DOMINICI
1665 956 1730 1018 445

396 1188 548 1268 gliscunt
570 1206 637 1267 per
659 1188 831 1267 sompnia,
856 1170 935 1250 sese
959 1189 1078 1267 perito
1102 1188 1242 1250 medico
1265 1189 1440 1266 pandunt.
1472 1186 1511 1249 Si
1535 1191 1571 1250 te
1595 1189 1731 1250 linietis

399 1313 519 1375 upupe
553 1295 733 1374 sanguine,
769 1296 938 1357 demones
974 1295 1011 1357 in
1045 1295 1204 1373 sompnis
1228 1295 1294 1356 tibi
1321 1295 1469 1356 infestos
1492 1295 1644 1366 videbis,
1680 1297 1731 1356 ia·

399 1402 556 1464 miliares
576 1402 724 1481 spiritus
748 1402 965 1464 conciIIativi
987 1402 1133 1463 moralis
1158 1403 1290 1463 amoris
1306 1405 1329 1462 ².
1354 1400 1516 1464 Produnt
1541 1404 1639 1482 apud
1659 1401 1732 1463 Va·

398 1509 526 1571 Ierium
541 1499 555 1591 l}
581 1507 741 1571 infelices
765 1527 870 1570 casus
886 1509 997 1570 amati
1007 1506 1027 1570 ¹.
1057 1507 1164 1570 Cuius
1180 1509 1319 1589 generis
1336 1509 1491 1570 visiones
1507 1528 1579 1571 uon
1595 1528 1731 1588 paucas

398 1634 542 1695 possem
574 1634 659 1677 vere
692 1618 818 1677 notare
855 1616 983 1677 diebus
1021 1615 1152 1677 nostris
1185 1619 1357 1677 ostensas.
1396 1611 1560 1677 Tandem
1582 1635 1649 1695 per
1671 1617 1732 1677 de·

398 1741 543 1784 monum
565 1725 662 1785 artes
685 1723 838 1802 plurime
860 1723 1131 1784 ludificacIoues
1155 1723 1246 1784 fiunt
1268 1722 1305 1782 in
1328 1723 1496 1801 sompnis,
1528 1723 1613 1785 licet
1636 1722 1732 1802 Apu·

398 1830 510 1910 legius
533 1829 600 1890 hiis
624 1830 742 1891 omnia
766 1830 930 1908 sompnia
953 1829 1095 1891 reddat.
1131 1826 1268 1890 Harum
1292 1829 1493 1907 specierum
1516 1813 1672 1892 visiones
1696 1830 1733 1890 in

398 1937 566 2015 sompnis,
591 1937 708 2015 prima
731 1937 869 1997 semota
892 1937 1074 1998 mundana
1097 1935 1342 2017 phylosophia,
1369 1935 1494 1998 decem
1518 1939 1554 1998 et
1568 1939 1650 1999 octo
1667 1937 1733 1998 cir·

399 2044 473 2104 cuit
496 2043 714 2122 disputando
735 2043 871 2115 delusa,
896 2044 982 2105 dum
1005 2044 1131 2105 ludere
1156 2043 1273 2122 querit
1284 2041 1304 2104 ².
1327 2041 1419 2104 Nam
1435 2042 1500 2114 his,
1524 2044 1586 2122 qui
1607 2043 1731 2114 credit,

398 2150 525 2230 genitis
550 2148 681 2223 Somni,
717 2151 776 2211 avi
801 2151 886 2221 eius,
922 2150 1018 2211 idest
1045 2148 1216 2220 Plutonis,
1254 2151 1409 2211 obscura
1432 2161 1541 2229 regna
1564 2151 1700 2212 tenebit
1710 2145 1731 2211 ³³.

397 2256 431 2317 A
454 2275 559 2318 sacra
592 2259 628 2318 et
656 2257 779 2318 diviua
809 2256 936 2336 sophia
970 2257 1084 2318 solam
1117 2257 1273 2335 speciem
1306 2257 1459 2336 primam
1495 2257 1731 2328 commendat,

399 2367 436 2426 et
467 2367 670 2426 ceterorum
704 2365 990 2431 observacIoues,
1026 2365 1065 2425 in
1099 2364 1229 2442 quibus
1264 2366 1319 2425 est
1341 2364 1481 2425 vanitas
1519 2366 1554 2425 et
1577 2362 1733 2426 affliccio

398 2471 555 2551 spiritus,
581 2470 701 2532 multis
727 2471 900 2550 dampnat
923 2471 960 2531 in
982 2470 1083 2532 locis.

506 2710 579 2772 Nos
602 2711 718 2790 igitur,
754 2711 883 2789 quibus
907 2711 1114 2772 timentibus
1137 2708 1252 2772 Deum
1287 2713 1386 2772 ortus
1420 2713 1474 2772 est
1498 2711 1553 2772 sol
1582 2711 1730 2782 iusticie,
1749 2709 1800 2771 11.

398 2819 512 2881 noxiis
536 2818 718 2880 nocturnis
740 2816 827 2878 viris
851 2817 995 2891 relictis,
1031 2818 1254 2879 ambulemus
1287 2818 1323 2878 in
1353 2818 1484 2878 lumine
1507 2817 1574 2879 Dei
1607 2819 1729 2892 nostri,

397 2944 481 2986 nam
503 2926 602 2986 iuxta
620 2924 792 2986 Paulum:
831 2923 939 2985 «Nox
961 2925 1145 3003 precessit,
1171 2924 1249 2986 dies
1273 2927 1392 2986 autem
1414 2925 1729 3004 appropinquavit,

396 3032 606 3094 abiiciamus
630 3043 714 3111 ergo
736 3049 848 3111 opera
871 3031 1109 3103 tenebrarum,
1142 3033 1178 3092 et
1200 3031 1391 3092 induamur
1414 3049 1515 3092 arma
1538 3030 1637 3104 lucis,
1663 3033 1731 3094 sic·

397 3139 495 3201 utin
517 3139 576 3200 die
598 3137 746 3200 honeste
769 3136 1042 3200 ambulemus›⁴.
1065 3136 1148 3199 Vox
1171 3138 1269 3199 clara
1294 3157 1378 3200 ecce
1400 3139 1550 3210 intonat,
1577 3139 1732 3201 obscura

364 3299 366 3304 ,
397 3264 540 3326 queque
573 3246 745 3325 increpat,
779 3245 960 3324 pellantur
983 3245 1120 3306 eminus
1155 3246 1328 3323 sompnia,
1364 3245 1412 3306 ab
1436 3245 1557 3307 ethere
1581 3243 1730 3324 Xpistus

399 3353 537 3425 emieat,
562 3353 683 3431 quiin
706 3352 828 3414 secula
852 3352 1054 3413 seculorum
1077 3352 1167 3413 vivit
1191 3354 1226 3413 et
1249 3353 1383 3432 regnat.
1430 3350 1554 3413 Amen.

610 3583 804 3644 Conventus
827 3583 953 3644 Sancte
976 3581 1095 3642 Marte
1117 3581 1261 3642 Novella
1283 3579 1326 3642 de
1348 3581 1544 3656 Florenoin,

830 3707 972 3769 Ordinis
995 3705 1262 3768 Predicatorum
1282 3699 1309 3768 b.

504 4125 537 4185 a)
556 4139 591 4168 --
609 4121 716 4174 amico.
754 4122 785 4185 b)
804 4147 838 4156 —
857 4120 1037 4174 Conventus
1055 4121 1113 4174 etc.

505 4297 526 4364 ¹)
545 4298 589 4352 ci.
607 4300 727 4352 VALER.
747 4299 832 4352 Max.
851 4300 916 4353 Lib.
936 4300 987 4352 111.
1005 4301 1051 4353 De
1075 4299 1261 4352 Constantia.
1279 4295 1463 4364 Extern'JI..

505 4385 711 4453 ²)APULEIUS,
736 4390 783 4441 De
810 4390 868 4442 deo
892 4389 1038 4442 Socratis.
1066 4389 1124 4441 Ed.
1145 4389 1241 4456 Lugd.
1263 4388 1341 4452 1823,
1365 4383 1444 4457 tin,
1469 4403 1498 4456 p.
1519 4387 1645 4440 134-135.
1683 4387 1730 4441 cf.

397 4477 426 4531 S.
445 4478 523 4532 Ami.
541 4478 622 4531 Aue.
641 4479 686 4530 De
708 4476 791 4530 olvit.
809 4479 875 4540 Del,
893 4477 999 4541 XVIII,
1017 4488 1105 4530 xvm.
1124 4480 1149 4531 1.
1168 4478 1204 4531 Iu
1221 4476 1312 4544 Oper.
1330 4478 1395 4540 VII,
1416 4477 1476 4530 574.

505 4563 526 4632 ³)
546 4566 591 4619 ef.
610 4566 702 4619 Ovm.
722 4568 847 4620 Metam.
866 4567 916 4630 XI,
938 4567 990 4621 592
1009 4582 1054 4635 sq.

502 4653 525 4720 ⁴)
543 4654 573 4708 S.
592 4656 698 4718 PAUL,
717 4658 760 4708 ud
776 4656 872 4719 Rom,
891 4655 971 4720 XIII,
989 4655 1082 4711 12-13.
