4300 6117
830 901 1018 955 muamus
1040 901 1221 955 nonnum
1244 884 1246 889 ’
1633 890 1697 953 261

356 1126 515 1186 cardum
539 1126 585 1186 de
609 1124 740 1188 Sancto
757 1123 915 1197 Victore,
938 1137 1103 1205 magnum
1118 1124 1316 1198 Albertum,
1334 1126 1498 1187 sanctum
1513 1121 1696 1197 Th0mam,

354 1230 655 1294 facundissimum
679 1234 828 1294 fratrem
851 1229 1087 1294 Vincencium
1111 1232 1374 1311 speculatorem
1386 1230 1404 1304 ¹,
1437 1230 1587 1293 fratrem
1610 1231 1697 1293 Bar·

358 1338 576 1401 tholomeum
599 1340 776 1418 anglicum
787 1338 807 1410 ²,
834 1342 870 1400 et
885 1339 975 1400 alios
992 1339 1114 1418 plures
1131 1339 1291 1401 studiose
1308 1339 1539 1417 conscriptos,
1558 1339 1605 1400 de
1623 1338 1697 1401 siti·

357 1447 436 1517 bus,
474 1447 705 1525 temporibus,
742 1446 931 1516 sideribus,
969 1446 1136 1520 numeris,
1173 1447 1359 1518 mensuris,
1391 1465 1511 1507 rerum
1532 1445 1696 1526 proprie-

354 1554 503 1623 tatibus,
541 1556 576 1614 et
598 1553 801 1614 huiusmodi
824 1552 1020 1633 oportunis,
1058 1553 1127 1614 illis
1150 1553 1280 1614 litteris
1310 1552 1506 1632 capiendis,
1543 1551 1696 1615 mirifice

355 1661 397 1722 et
420 1660 577 1722 fideliter
600 1661 829 1722 disserentes.
869 1658 945 1721 Hos
969 1662 1006 1720 et
1030 1659 1173 1733 similes,
1202 1661 1285 1740 post
1307 1658 1573 1739 superficialem
1595 1660 1694 1722 lecti·

360 1785 466 1828 onem
488 1770 694 1829 sanctorum
717 1767 900 1837 librorum,
933 1786 1015 1828 cum
1046 1766 1254 1848 Augustino,
1290 1786 1361 1828 non
1392 1780 1482 1847 nego
1512 1768 1693 1847 legendos,

359 1875 428 1936 sed
451 1874 577 1935 hortor
601 1893 681 1935 cum
704 1875 876 1935 memoria
900 1873 1018 1935 adhuc
1043 1874 1138 1935 illius
1162 1874 1346 1936 versiculi:

506 2038 587 2112 «Qui
606 2040 707 2108 legitis
725 2038 822 2091 flores
841 2041 873 2092 et
890 2039 976 2091 humi
993 2040 1158 2093 nascencia
1176 2039 1272 2108 fraga,

505 2128 681 2196 «Frigidus,
700 2145 719 2181 o
737 2129 835 2195 pueri,
853 2127 949 2196 fugite
967 2129 1048 2193 hinc,
1064 2130 1141 2182 latet
1160 2130 1268 2197 anguis
1284 2129 1316 2181 in
1334 2130 1432 2181 herba
1445 2148 1457 2173 »
1468 2125 1486 2180 ²¹.

467 2281 560 2344 Hinc
583 2282 747 2354 Basilius,
784 2303 890 2363 quem
914 2285 1129 2363 opponendo
1153 2285 1279 2346 induxi
1289 2282 1310 2355 ⁶¹,
1347 2285 1525 2345 iuniorum
1555 2284 1692 2345 animos
1708 2288 1738 2352 7,

351 2389 509 2469 dirigere
531 2391 569 2451 in
591 2394 718 2469 poetas
740 2392 854 2454 vetuit
887 2410 1019 2464 omues,
1057 2393 1118 2471 qui
1151 2390 1239 2453 fidei
1274 2392 1472 2453 sinceritati
1500 2392 1690 2464 obsistunt,

350 2494 430 2558 fere
453 2516 576 2559 omues
600 2500 791 2560 modernos
816 2499 1018 2560 excludens.
1059 2498 1138 2561 Hoc
1169 2499 1266 2559 idem
1289 2518 1369 2560 cum
1394 2518 1436 2560 eo
1459 2497 1578 2561 fateor
1600 2500 1689 2578 ipse.

354 2602 504 2665 -Huic
528 2606 752 2685 responsioni
775 2624 858 2667 reor
880 2606 1092 2668 addendum
1114 2624 1220 2667 veros
1243 2604 1452 2685 Xpistianos
1476 2607 1547 2667 iam
1570 2605 1692 2686 gracia

351 2708 471 2789 Xpisti
504 2709 582 2773 fore
615 2714 817 2792 provectos,
853 2730 943 2792 quos
981 2714 1119 2792 pudere
1155 2714 1263 2775 debet
1297 2713 1441 2775 hiberas
1477 2714 1602 2774 nenias
1625 2715 1689 2774 aut

349 2829 463 2896 nugas
485 2816 695 2880 Maximiani
718 2838 799 2881 cum
821 2818 1017 2882 infantibus
1040 2817 1230 2882 venerari⁵.
1255 2818 1391 2900 Nempe
1415 2838 1437 2881 a
1458 2820 1539 2881 rudi
1556 2820 1689 2881 noticia

353 2936 581 3003 progressum
604 2938 713 3006 genus
736 2927 937 2997 humanum,
963 2946 1079 3006 usque
1103 2929 1151 2989 ad
1173 2929 1375 2989 naturalem
1393 2926 1592 3007 perfectam
1608 2946 1690 3007 pro·

355 3029 498 3102 fectum,
529 3032 567 3093 in
589 3033 825 3113 metaphisica
848 3036 973 3096 statuit
997 3036 1299 3107 commorandum,
1324 3054 1432 3114 quam
1455 3053 1526 3096 non
1549 3038 1688 3106 natura,

352 3139 421 3199 sed
437 3139 615 3202 revelacio
631 3140 698 3201 Dei
713 3141 905 3211 deducens,
924 3142 1063 3204 claram
1078 3143 1116 3203 in
1131 3142 1247 3203 lucem
1263 3143 1358 3203 omni
1373 3142 1483 3204 statui
1499 3140 1585 3203 fecit
1597 3161 1690 3203 com·

350 3263 505 3317 munem,
530 3250 570 3308 ut
584 3248 717 3325 probat
731 3248 878 3309 moralis
895 3247 1164 3328 Gregorius,
1188 3249 1285 3311 circa
1304 3250 1520 3329 principium
1541 3250 1691 3311 secundi

355 3351 440 3413 libri
473 3350 748 3426 Moralium,
773 3353 905 3416 diffuse
929 3357 1067 3435 pariter
1089 3359 1125 3418 et
1149 3358 1274 3435 aperte
1284 3353 1306 3416 ⁶.
1323 3388 1364 3397 -
1382 3354 1456 3427 Cui,
1481 3375 1548 3435 pro
1575 3359 1689 3436 parte,

351 3457 600 3524 Avicenna
629 3461 787 3522 deservit
810 3464 968 3524 tractatu
996 3464 1150 3542 septimo
1174 3462 1501 3542 Metaphisice
1530 3482 1603 3535 sue,
1640 3464 1692 3525 sic

352 3566 492 3628 dicens:
535 3566 687 3630 «Omnis
712 3587 772 3630 ars
796 3568 832 3630 in
856 3570 1007 3632 exordio
1031 3588 1096 3631 suo
1121 3573 1176 3631 est
1200 3571 1314 3632 cruda
1342 3574 1377 3632 et
1401 3571 1602 3643 immatura,
1627 3571 1692 3632 sed

356 3803 571 3811 ——.—

465 4003 488 4071 ¹)
505 4007 638 4060 Vinceut
655 4008 696 4061 de
715 4008 878 4061 Beauvais.
898 4009 942 4062 Cf.
961 4025 990 4076 p.
1011 4010 1071 4074 163,
1090 4012 1164 4063 note
1181 4012 1207 4063 4.

462 4091 485 4160 ‘J
502 4096 528 4147 11
554 4097 639 4165 s'agit
666 4098 706 4151 de
724 4097 924 4167 Barthelemy
945 4099 986 4151 de
1006 4098 1171 4165 Glanville,
1195 4099 1380 4153 franciscain
1398 4101 1526 4169 anglais,
1551 4100 1692 4169 encyclo·

350 4184 474 4249 pe'diste
492 4181 532 4252 [v.
553 4183 641 4253 13501.
678 4186 704 4237 Il
723 4202 867 4253 composa
893 4204 936 4240 un
961 4188 1055 4240 truite
1072 4191 1120 4241 De
1140 4190 1382 4255 proprietatibus
1405 4205 1514 4241 rerum.
1552 4188 1692 4242 Certains

351 4274 479 4325 auteurs
510 4275 565 4327 ont
595 4276 750 4342 pretendu
781 4276 800 4328 a
832 4278 894 4330 tort
937 4293 996 4344 que
1027 4277 1132 4329 Barth.
1164 4279 1239 4331 etait
1264 4280 1458 4332 dominicatu.
1496 4278 1540 4332 Cf.
1559 4276 1692 4352 QUETIF·

351 4361 496 4425 ECHARD,
520 4363 542 4426 1,
568 4364 635 4427 48&
662 4365 839 4430 FABRICIUS,
863 4368 900 4418 B.
920 4382 958 4418 m.
980 4368 1146 4430 ae.1,167.
1174 4367 1234 4421 Sur
1252 4367 1452 4439 RartheIemy
1469 4368 1509 4420 de
1528 4367 1692 4432 Glanville,

350 4450 389 4503 cf.
408 4452 585 4516 SBARALEA,
605 4453 758 4520 Supplem.
779 4458 821 4507 ad
833 4455 942 4521 Script.
968 4454 1041 4508 Ord.
1059 4458 1145 4519 Min„
1164 4473 1193 4524 p.
1207 4458 1274 4519 115;
1291 4457 1436 4521 DELISLE,
1455 4459 1534 4510 Hist.
1547 4459 1599 4510 rut.
1613 4460 1650 4510 de
1663 4459 1693 4511 la

348 4540 476 4602 Franco,
495 4542 586 4606 XXX,
605 4542 658 4596 353
677 4558 723 4610 sq.
747 4572 772 4579 -
789 4544 832 4597 Le
845 4545 938 4596 fraite
957 4547 1004 4598 De
1013 4547 1260 4612 proprietatibus
1273 4562 1373 4599 rerum
1387 4547 1462 4599 etait
1473 4562 1516 4599 un
1527 4546 1584 4598 des
1596 4546 1692 4600 livres

353 4630 400 4681 les
416 4631 487 4697 plus
506 4632 664 4697 repandus
684 4634 715 4685 et
733 4648 793 4699 que
811 4634 873 4687 l'on
891 4635 963 4687 trou
970 4636 1044 4698 vait,
1064 4650 1183 4689 comme
1201 4637 1334 4700 manuel,
1350 4638 1439 4689 entre
1457 4637 1503 4689 les
1522 4636 1620 4689 mains
1634 4637 1691 4689 des

352 4718 516 4772 emdiants.
537 4720 749 4785 Cf.DEN1F1.E,
771 4721 871 4775 Chart.
900 4725 985 4776 Untv.
1006 4725 1103 4777 Parit.
1122 4724 1144 4787 1,
1162 4724 1223 4777 644.

460 4806 482 4873 ³)
500 4810 622 4861 Vucou.
643 4812 745 4879 Eclog.
764 4812 815 4876 111,
831 4812 875 4875 92,
900 4812 943 4865 93.

454 4895 478 4963 ⁴)
496 4897 541 4952 cf.
560 4915 673 4965 supra,
692 4915 721 4966 p.
740 4900 784 4953 45.

455 4983 478 5052 ὁ)
496 4986 526 5040 8.
544 4987 648 5041 BASII.
669 4989 776 5042 Sermo
794 4992 831 5043 de
850 4991 987 5059 legendis
1005 4992 1092 5044 libris
1112 4992 1283 5055 Gentilium,
1306 4995 1349 5046 ud
1365 4996 1581 5060 adolescentes,
1599 5005 1689 5063 cap.1

349 5076 380 5127 et
393 5085 423 5127 11.
442 5076 478 5128 ln
499 5075 590 5144 Oper.
611 5078 662 5142 111,
681 5079 742 5142 563,
762 5080 815 5132 566
833 5095 880 5146 sq.
901 5079 945 5132 Cf.
965 5096 1061 5146 supra
1080 5096 1109 5147 p.
1128 5082 1173 5135 45.

455 5162 477 5232 ⁰)
497 5165 639 5220 GREGOR.
657 5168 764 5221 MAGN.
785 5170 899 5221 Moral.
919 5170 957 5233 11,
972 5172 1105 5236 princip.
1125 5170 1236 5240 Migne,
1253 5171 1384 5237 LXXVI,
1402 5172 1458 5226 col.
1478 5173 1539 5226 554.
