4300 6117
453 925 517 990 128
954 939 1112 994 LUCULA
1132 938 1272 993 NOCTIS

453 1176 533 1220 cum
547 1158 654 1238 glosis
671 1157 837 1238 Apostoli
853 1161 939 1235 eius,
956 1161 1068 1234 Pauli,
1093 1163 1142 1224 ad
1165 1163 1283 1242 ipsum
1298 1164 1334 1225 in
1356 1163 1516 1243 epistolis
1533 1165 1606 1227 suis
1621 1163 1789 1245 frequen·

452 1264 527 1327 cius
552 1266 785 1328 declarantis:
811 1268 903 1329 sicut
927 1270 981 1331 est
1004 1269 1094 1331 illud
1118 1270 1315 1349 plenitudo,
1340 1281 1424 1351 ergo
1438 1271 1526 1351 legis
1543 1271 1689 1334 dilectio
1704 1270 1724 1334 ¹.
1748 1309 1789 1319 -·

451 1370 499 1433 Et
521 1372 666 1434 iterum:
694 1391 711 1424 a
726 1371 764 1434 Si
786 1375 914 1454 linguis
938 1375 1120 1438 hominum
1142 1377 1272 1456 loquar
1296 1379 1331 1439 et
1355 1378 1573 1459 angelorum,
1599 1381 1790 1442 caritatem

452 1481 572 1541 autem
595 1497 667 1541 non
689 1479 851 1554 habeam,
889 1483 1006 1544 iactus
1030 1502 1110 1545 sum
1132 1484 1241 1546 velud
1265 1502 1303 1546 es
1328 1502 1471 1557 sonans,
1508 1488 1573 1547 aut
1596 1486 1792 1548 cimbalum

452 1587 580 1648 tiniens
597 1585 645 1658 »ἢ
671 1606 752 1650 cum
769 1589 897 1650 ceteris
913 1607 984 1668 que
1000 1585 1145 1652 radios'e
1159 1595 1330 1653 secuntur
1344 1594 1367 1654 ⁸.
1393 1623 1437 1633 —
1451 1590 1558 1654 Unde
1576 1611 1684 1672 quarn
1700 1594 1791 1655 cari·

453 1696 564 1755 tatem
586 1696 756 1772 poterunt
780 1695 984 1775 philosophi
1004 1698 1196 1775 perorare!
1221 1695 1305 1760 Sine
1326 1698 1391 1760 lite
1412 1699 1629 1761 conceditur
1650 1703 1686 1762 et
1709 1702 1791 1780 pari

454 1818 629 1863 consensu
661 1802 774 1864 omnis
809 1802 907 1864 scola
939 1801 1074 1865 fatetur
1109 1821 1171 1866 eos
1205 1804 1322 1867 nudos
1345 1823 1367 1866 a
1390 1805 1466 1866 tide
1499 1809 1536 1868 et
1559 1808 1791 1886 crepantibus

453 1909 585 1978 buccis,
620 1907 740 1969 divino
774 1906 972 1988 Augustino
1008 1911 1180 1993 testante,
1214 1912 1362 1973 avulsus
1400 1913 1448 1974 ab
1481 1913 1652 1975 uberibus
1684 1913 1791 1976 ihesu

453 2012 582 2093 Xpisti,
607 2015 656 2077 ad
681 2017 866 2095 propriam
890 2019 1025 2078 sectam
1056 2018 1308 2097 unusquisque
1323 2018 1465 2080 illorum
1480 2020 1690 2099 pertrahere
1706 2039 1790 2083 suos

455 2122 638 2184 auditores
655 2125 814 2184 conatur.
842 2140 856 2174 ‹
872 2121 911 2184 Si
927 2123 1034 2185 vultis
1051 2125 1142 2186 bene
1158 2125 1291 2196 vivere,
1317 2125 1491 2205 inquiunt,
1518 2116 1532 2206 li
1551 2127 1602 2188 ait
1617 2125 1791 2208 Augus·

454 2230 592 2303 tinus,
617 2247 682 2292 nos
705 2230 904 2308 sequimini,
930 2234 1065 2292 sectam
1088 2249 1205 2294 meam
1227 2234 1354 2303 tenete,
1379 2235 1556 2295 ettamen
1571 2235 1696 2296 volunt
1710 2253 1790 2314 per·

454 2337 541 2398 dere
557 2340 593 2398 et
609 2338 792 2398 mactare>
806 2334 827 2400 ³.
853 2372 894 2383 -
918 2335 997 2399 Hac
1014 2338 1160 2400 racione
1177 2357 1263 2400 usus
1280 2341 1335 2400 est
1349 2337 1620 2420 Augustinus,
1646 2341 1683 2402 in
1696 2341 1790 2404 libro

453 2442 519 2505 De
542 2442 795 2505 Doctrina
817 2442 1131 2524 Xpistiana⁴,
1157 2445 1298 2508 dicens:
1326 2444 1444 2508 «Sola
1467 2448 1600 2509 caritas
1625 2451 1688 2520 est,
1718 2467 1790 2528 qua

452 2551 564 2613 vincit
587 2551 706 2612 omnia
729 2553 765 2612 et
799 2549 877 2612 sine
900 2570 972 2630 qua
994 2552 1104 2614 nichil
1127 2552 1248 2614 valent
1278 2546 1434 2614 omnia.b
1470 2551 1548 2616 Hec
1574 2555 1791 2634 ubicumque

453 2658 569 2729 luerit,
595 2656 706 2719 trahit
729 2657 777 2718 ad
801 2677 841 2720 se
864 2659 1000 2720 omnia:
1025 2661 1144 2720 amate
1159 2659 1352 2722 scienciam
1374 2662 1440 2722 sed
1463 2662 1675 2741 anteponite
1700 2663 1790 2724 cari·

453 2766 572 2826 tatem.
599 2763 761 2827 Sciencia
784 2766 815 2826 si
837 2766 915 2827 sola
937 2766 992 2838 sit,
1017 2764 1136 2839 inflat3
1161 2767 1245 2846 quia
1269 2785 1356 2830 vero
1380 2768 1513 2829 caritas
1536 2769 1695 2840 edificat,
1721 2770 1790 2832 sci·

454 2871 592 2933 enciam
614 2889 685 2933 non
711 2873 887 2951 permittit
912 2872 1033 2934 inflari
1046 2895 1073 2937 2.
1098 2905 1142 2915 —
1164 2871 1328 2936 Eandem
1352 2875 1502 2936 roborat
1524 2873 1638 2936 Bern
1647 2877 1789 2950 ardus,

454 2980 491 3041 et
513 2978 646 3040 dicit:c
685 2977 823 3042 «Cibus
859 2980 1054 3060 indigestus
1092 2999 1222 3060 corpus
1260 2981 1457 3059 corrumpit
1492 2982 1527 3043 et
1561 2982 1727 3044 inflatum
1755 2986 1792 3045 et

453 3085 666 3167 ydropicum
686 3086 816 3158 reddit,
841 3087 872 3148 si
887 3086 1045 3167 digestus
1060 3084 1178 3161 fuerit,
1196 3088 1325 3149 nutrit:
1350 3087 1402 3148 sic
1423 3088 1589 3162 sciencia,
1606 3090 1792 3153 stomacho

454 3193 571 3254 anime
594 3192 779 3272 indigesta,
820 3194 851 3255 si
874 3212 945 3255 non
967 3193 1075 3255 fuerit
1099 3194 1178 3273 igne
1201 3195 1362 3256 caritatis
1387 3193 1551 3268 decocta,
1587 3197 1700 3258 malos
1728 3196 1791 3258 hu·

455 3317 575 3361 mores
595 3303 751 3380 generat.
787 3299 956 3380 Nunquid
979 3300 1065 3362 mali
1080 3300 1257 3371 humores,
1281 3301 1366 3363 mali
1382 3300 1566 3364 honores?
1579 3322 1594 3357 s
1607 3301 1628 3364 ⁵.
1651 3301 1690 3364 si
1707 3322 1791 3383 que·

561 3634 593 3697 a)
613 3648 648 3678 =
665 3633 851 3699 sequuntur.
888 3633 920 3696 b)
938 3661 971 3670 —
991 3635 1023 3686 et
1040 3633 1109 3686 sine
1126 3648 1187 3700 qua
1206 3633 1301 3685 nichil
1318 3633 1425 3687 valent
1443 3634 1553 3687 omnia.
1590 3636 1619 3698 c)
1637 3634 1754 3689 dicens.

563 3771 584 3838 ¹)
598 3772 628 3826 S.
648 3775 758 3838 PAUL,
776 3779 820 3829 ud
835 3777 934 3838 Rom..
952 3775 1031 3839 xm,
1052 3775 1094 3828 1⁰.

563 3859 584 3928 ²)
603 3863 748 3928 1o.,1au
768 3865 848 3928 Cor,
864 3864 943 3930 XIII,
963 3866 988 3918 1.

564 3949 584 4015 ⁸)
602 3952 631 4006 S.
651 3952 730 4006 AUR.
748 3953 829 4007 Auo.
869 3955 905 4007 In
926 3955 1034 4008 Johan.
1059 3955 1186 4023 Evung,
1212 3951 1317 4007 Tract.
1335 3954 1424 4018 XLV,
1442 3969 1508 4022 cap.
1527 3954 1553 4007 3.
1576 3955 1612 4007 ln
1632 3953 1722 4023 Oper.
1741 3954 1793 4018 111,

455 4042 488 4094 2·
502 4042 535 4093 P.
555 4042 633 4095 1720.

562 4129 584 4196 ⁴)
603 4133 755 4186 Dominici
770 4147 804 4185 se
816 4135 946 4199 trompe,
959 4147 1177 4202 croyon-nous,
1191 4149 1231 4187 en
1245 4135 1420 4202 renvoyant
1434 4149 1474 4186 au
1487 4132 1579 4186 traite
1593 4134 1631 4185 de
1643 4134 1792 4186 Doctrina

458 4221 639 4274 Christiana.
659 4220 741 4275 C’est
753 4237 793 4275 en
804 4223 876 4276 vain
891 4237 952 4289 que
970 4237 1048 4274 nous
1061 4237 1084 4290 y
1097 4237 1196 4275 avons
1209 4222 1341 4275 cherche
1355 4237 1391 4274 ce
1404 4223 1497 4275 texte.
1511 4221 1555 4274 La
1567 4222 1668 4274 meme
1682 4236 1793 4275 erreur

455 4310 496 4364 de
513 4311 639 4364 citation
658 4325 691 4364 se
709 4313 856 4365 trouvera
875 4312 945 4379 plns
963 4311 1027 4364 loin
1046 4311 1233 4378 reproduite.

563 4395 584 4465 ⁵)
600 4399 802 4455 S.BERNARD.
821 4400 929 4469 Super.
946 4401 1031 4454 Cant.
1049 4399 1163 4452 Cautio.
1181 4400 1289 4454 Sermo
1302 4399 1407 4452 XXVI.
1421 4399 1573 4453 Dominici
1588 4399 1718 4453 s'ecarte
1729 4398 1793 4453 tort

455 4488 498 4542 du
518 4490 601 4542 texte
620 4490 758 4558 original,
776 4505 894 4543 comme
913 4505 954 4543 on
973 4505 1013 4543 en
1024 4492 1100 4556 peut
1111 4490 1213 4557 inger:
1236 4489 1350 4543 «Cibus
1363 4488 1544 4558 indigestus,
1562 4491 1594 4542 et
1609 4489 1663 4556 qui
1676 4490 1792 4542 bonam

456 4593 519 4631 non
543 4578 638 4631 habet
662 4581 883 4642 decoctionem,
907 4580 1006 4644 malos
1034 4580 1163 4646 generat
1188 4578 1342 4641 humores,
1368 4580 1399 4633 et
1424 4578 1593 4645 corrumpit
1618 4593 1741 4646 corpus,
1759 4580 1791 4632 et

456 4683 520 4721 non
537 4668 640 4721 nutrit.
678 4668 724 4721 Ita
743 4669 775 4722 et
799 4669 896 4722 multa
922 4668 1050 4722 scientia
1075 4669 1197 4736 ingesta
1222 4668 1380 4721 stomacho
1407 4667 1538 4731 animae,
1564 4683 1645 4735 quae
1662 4669 1711 4721 est
1728 4683 1792 4721 me·

456 4757 562 4820 moria,
582 4757 607 4809 si
625 4756 752 4810 decocta
770 4758 840 4825 igne
859 4758 994 4811 caritatis
1013 4773 1076 4811 non
1094 4757 1197 4821 luerit,
1215 4758 1247 4811 et
1265 4757 1309 4809 sic
1326 4773 1384 4824 per
1397 4757 1549 4825 quosdam
1561 4759 1648 4810 artus
1661 4757 1792 4821 animae,

455 4861 559 4899 mores
578 4847 695 4900 scilicet
713 4849 807 4914 atque
826 4849 912 4900 actus
931 4846 1088 4900 transfusa
1106 4849 1201 4914 atque
1218 4847 1350 4915 digesta,
1368 4849 1521 4914 quatenus
1539 4845 1606 4913 ipsa
1625 4845 1790 4899 debonis?

456 4951 536 5003 quae
554 4937 677 4989 noverit
694 4936 759 4990 vita
778 4936 953 4998 attestante,
979 4937 1010 4988 et
1028 4937 1166 4989 moribus
1184 4937 1267 4989 bona
1286 4934 1447 5000 efficiatur,
1467 4949 1572 4988 nonne
1589 4935 1643 4987 illa
1662 4934 1791 4988 seientia

456 5026 651 5092 reputabitur
676 5025 708 5079 ln
735 5027 906 5092 peccatum,
930 5026 1080 5092 tanquam
1106 5026 1193 5079 cibus
1216 5039 1389 5078 conversus
1413 5023 1447 5076 in
1470 5038 1596 5091 pravos,
1620 5023 1792 5090 noxiosque

456 5115 625 5168 humores?
650 5115 762 5169 Annon
779 5115 879 5168 malus
898 5117 1008 5168 humor
1025 5113 1210 5182 peccatum?
1237 5113 1350 5167 Annon
1372 5112 1447 5166 mali
1463 5112 1610 5166 humores
1627 5113 1719 5179 pravi
1737 5112 1792 5165 hu·

456 5217 582 5256 mores»
600 5203 614 5254 i
