4300 6117
834 976 1021 1030 IOHANNIS
1043 974 1227 1029 DOMINICI
1628 965 1691 1029 173

465 1198 650 1262 Libertate
665 1200 843 1279 siquidem
858 1201 987 1262 avidus
1010 1200 1213 1262 intellectus
1234 1200 1417 1271 humanus,
1440 1196 1555 1261 libere
1570 1198 1692 1260 volun-

359 1307 444 1368 tatis
467 1307 729 1386 inseparandus
753 1308 899 1380 sodalis,
924 1325 987 1369 sue
1010 1309 1139 1368 nature
1162 1324 1344 1385 nunquam
1360 1306 1556 1377 immemor,
1582 1306 1692 1385 capti-

359 1414 437 1473 vari
460 1414 547 1486 odit,
572 1411 733 1495 fugitque
748 1415 931 1477 servitutis
954 1415 1074 1494 iugum
1098 1416 1271 1492 quantum
1286 1415 1392 1485 valet,
1418 1414 1486 1474 nisi
1506 1431 1573 1474 usu
1595 1431 1693 1473 man·

359 1522 481 1581 suetus
516 1519 676 1593 eftectus,
701 1522 799 1583 velut
834 1524 957 1583 taurus
981 1523 1083 1582 ferox
1107 1521 1272 1582 domatus
1303 1520 1370 1581 sub
1394 1520 1559 1581 infantuli
1582 1519 1691 1599 virga,

360 1631 399 1689 ut
423 1639 533 1707 agnus
556 1628 651 1690 mitis
674 1631 838 1691 minetur.
864 1627 911 1690 At
935 1628 996 1689 ubi
1018 1626 1128 1689 fuerit
1151 1627 1290 1689 diucius
1315 1646 1395 1688 cum
1418 1628 1554 1689 inserta
1587 1627 1693 1688 liber-

359 1736 433 1796 tate
456 1735 611 1796 nutritus
635 1725 661 1817 14,
686 1736 782 1797 omni
806 1736 950 1797 feritate
971 1735 1140 1814 repletus
1165 1735 1290 1813 pocius
1315 1753 1381 1813 per
1399 1734 1570 1796 silvarum
1587 1734 1695 1795 devia
1779 1728 1809 1789 L
1823 1729 1902 1790 52'0

360 1839 457 1920 fugit,
483 1859 591 1920 quam
615 1841 712 1905 docti
734 1843 891 1921 pastoris
915 1842 1028 1903 virilis
1052 1842 1166 1903 eciam
1190 1841 1407 1920 saginandus
1430 1840 1538 1920 virgis
1558 1841 1616 1903 vel
1632 1859 1694 1919 pa·

361 1947 454 2009 bulis
477 1951 713 2011 mansuescat.
739 1947 835 2011 Satis
852 1951 907 2011 est
929 1948 997 2011 hoc
1021 1949 1115 2009 inter
1130 1948 1289 2009 homines
1305 1949 1450 2019 clarum,
1477 1966 1557 2009 cum
1573 1948 1695 2009 videa·
1769 2018 1772 2025 Ι

360 2072 439 2116 mus
460 2055 688 2117 mulierculas
712 2056 759 2117 ab
781 2057 927 2118 ineunte
949 2054 1112 2116 infancia
1138 2056 1233 2117 lacte
1255 2053 1343 2117 fidei
1366 2054 1549 2125 educatas,
1587 2058 1695 2133 atque

361 2161 560 2223 scolaribus
583 2163 724 2224 actibus
749 2163 973 2242 inexpertas:
1013 2150 1102 2241 ouid
1125 2163 1172 2223 sit
1194 2162 1417 2241 silogismus?
1456 2161 1544 2240 quid
1574 2180 1695 2223 conse·

361 2268 537 2346 quencia?
562 2269 659 2347 ¹quid
683 2270 923 2332 enthimema?
957 2256 1090 2348 quidve
1116 2272 1215 2330 recta
1238 2270 1354 2330 torma
1376 2287 1441 2330 seu
1463 2269 1696 2348 sophisticum

362 2376 634 2454 argumentum?
669 2377 822 2456 ignaras,
855 2378 927 2439 cito
951 2377 1101 2437 credere
1125 2379 1161 2437 et
1184 2374 1272 2437 fidei
1294 2376 1422 2437 leviter
1444 2378 1697 2455 obtemperare

361 2482 550 2554 mandatis,
587 2484 636 2544 ad
659 2501 728 2562 que
750 2484 931 2546 scolastici
964 2486 1000 2545 et
1022 2484 1176 2544 maxime
1200 2484 1262 2561 qui
1285 2483 1331 2544 de
1355 2501 1475 2544 rerum
1499 2484 1636 2544 naturis
1661 2486 1696 2545 et

362 2589 520 2650 siderum
543 2590 698 2653 motibus
722 2591 835 2653 lacius
860 2592 1089 2669 disputarunt
1113 2593 1195 2651 sunt
1219 2589 1387 2652 difficiles
1410 2590 1527 2651 valde.
1564 2588 1624 2650 Hii
1648 2587 1696 2650 ef·

362 2694 477 2758 fectus
500 2699 584 2758 sunt
606 2699 681 2759 noti
705 2701 741 2759 et
764 2717 874 2760 causa
889 2697 1010 2760 verior
1033 2698 1207 2777 assignari
1231 2715 1301 2757 non
1324 2700 1453 2775 potest,
1478 2698 1547 2758 nisi
1562 2699 1601 2758 ut
1616 2715 1695 2775 pre-

363 2803 487 2875 fertur,
526 2804 611 2883 quia
633 2806 684 2866 ibi
707 2806 909 2867 intellectus
945 2824 1048 2867 usum
1071 2805 1249 2866 libertatis
1276 2805 1416 2884 ignorat
1439 2806 1588 2873 mature,
1628 2804 1696 2866 sub

362 2908 450 2971 fidei
473 2911 623 2973 vinculis
647 2913 868 2991 subiugatus.

470 3015 539 3080 Hic
562 3035 649 3080 vero
671 3019 861 3081 lasciviens
897 3020 1042 3081 omnino
1063 3019 1241 3098 captivari
1264 3020 1423 3091 recusat;
1464 3021 1695 3097 quapropter,
1711 3017 1742 3080 3.

364 3124 395 3184 si
417 3124 494 3185 sola
517 3124 591 3186 fide
614 3142 704 3204 opus
731 3129 785 3188 est
808 3127 857 3188 ad
880 3127 1042 3197 salutem,
1067 3128 1137 3188 tria
1161 3126 1389 3187 observanda
1412 3125 1590 3186 videntur.
1622 3125 1697 3187 Pri·

364 3250 469 3303 mum,
494 3235 533 3294 ut
556 3233 593 3293 in
614 3234 747 3294 lumine
770 3217 924 3295 humane
940 3235 1014 3295 vite
1029 3234 1183 3313 regende
1201 3233 1390 3295 credendis
1415 3250 1564 3311 operam
1582 3233 1696 3304 detur,

365 3339 449 3416 quia
476 3342 642 3419 «oportet
657 3341 905 3403 addiscentem
921 3340 1100 3413 credere»
1121 3343 1156 3402 et
1170 3360 1188 3413 ¹«
1198 3358 1267 3419 que
1280 3358 1374 3401 nova
1385 3342 1480 3402 testa
1494 3340 1590 3419 capit
1602 3340 1697 3401 inve·

365 3448 482 3507 terata
498 3446 593 3525 sapit
613 3446 801 3527 ›.-Ego
824 3448 994 3527 quidem
1029 3448 1218 3509 arbitror
1249 3448 1518 3526 precipuam
1552 3446 1698 3508 racio·

366 3570 459 3613 nem
499 3571 598 3615 esse
638 3556 755 3632 quod
792 3555 930 3615 fidem
970 3557 1129 3616 tenent
1168 3553 1405 3635 Xpistiani
1443 3556 1487 3615 et
1524 3553 1699 3614 ethnici

366 3664 542 3740 negant,
577 3662 685 3739 quia
707 3662 791 3723 isti
813 3662 858 3722 in
881 3680 931 3723 ea
956 3664 999 3723 et
1030 3661 1103 3723 illi
1128 3665 1287 3723 contra
1311 3680 1404 3723 eam
1429 3662 1472 3721 in
1494 3658 1699 3722 infancia

367 3767 552 3829 educati
575 3766 771 3830 fuerunt.

350 3870 352 3874 ’
474 3872 676 3935 Secundum
699 3878 754 3937 est
778 3876 877 3955 quod
914 3879 1107 3954 antequam
1144 3875 1179 3935 in
1203 3875 1389 3937 iuvenibus
1414 3874 1572 3937 extiterit
1606 3873 1698 3935 fides
1712 3870 1743 3933 4.

366 3979 526 4053 fundata,
550 4001 622 4044 non
645 3983 865 4044 concedatur
886 3983 957 4044 illis
982 3982 1205 4044 ethnicorum
1228 3966 1417 4061 scriptur'a,
1443 4000 1513 4061 que
1534 3984 1596 4042 aut
1613 3981 1699 4042 fidei

367 4088 589 4149 adversatur·
603 4089 640 4167 in
663 4091 807 4161 cortice,
847 4094 909 4152 aut
932 4089 1041 4150 nichil
1065 4084 1224 4151 admittit
1254 4090 1351 4170 quod
1374 4090 1519 4150 racione
1543 4088 1699 4149 naturali

367 4212 437 4255 non
452 4195 559 4273 capit,
572 4196 640 4256 nisi
650 4196 689 4257 id
704 4198 811 4258 fuerit
822 4216 932 4276 opere
943 4196 1104 4258 demonis
1120 4198 1362 4276 procuratum.
1379 4194 1472 4257 Hinc
1482 4189 1698 4266 isodorus,

366 4301 459 4363 libro
494 4300 556 4363 De
592 4302 771 4365 Summo
794 4302 936 4375 Bono,
961 4304 1120 4364 fideliter
1143 4303 1210 4363 ait:
1253 4301 1382 4364 «Sicut
1408 4303 1586 4363 instruere
1610 4302 1700 4363 solet

368 4409 527 4478 collacio,
551 4410 602 4471 ita
626 4410 780 4472 destruit
804 4412 989 4472 contencio
1004 4432 1018 4465 >
1033 4407 1053 4471 ¹.
1101 4408 1179 4470 Hec
1203 4410 1304 4482 enim,
1329 4409 1454 4471 relicto
1479 4427 1587 4471 sensu
1610 4408 1701 4468 veri-

367 4516 462 4587 tatis,
487 4516 567 4577 lites
582 4520 730 4596 generat
752 4520 788 4579 et
810 4517 1003 4597 pugnando
1021 4516 1142 4577 verbis
1159 4516 1273 4577 eciam
1295 4516 1333 4576 in
1348 4514 1424 4577 Deo
1441 4515 1701 4595 blasphemiam

367 4620 464 4683 facit.
504 4622 592 4684 Inde
614 4623 750 4685 heresis
774 4627 809 4686 et
832 4625 972 4695 scisma,
997 4641 1020 4684 a
1043 4624 1172 4702 quibus
1195 4621 1287 4684 fides
1312 4623 1541 4693 subvertitur,
1567 4623 1701 4683 veritas
1738 4620 1741 4627 ’

369 4730 617 4809 corrumpitur,
657 4731 788 4792 caritas
812 4730 998 4801 scinditur,
1039 4730 1310 4791 contencionum
1332 4729 1498 4801 studium,
1540 4747 1611 4789 non
1634 4746 1702 4806 pro

368 4837 530 4906 veritate,
566 4838 632 4898 sed
654 4857 722 4917 pro
747 4838 910 4917 appetitu
933 4838 1051 4898 laudis
1077 4838 1260 4909 excitetur,
1300 4839 1472 4915 tantaque
1510 4836 1624 4897 estin
1647 4833 1702 4896 his

369 4946 597 5023 perversitas,
634 4948 672 5006 ut
695 4945 841 5006 veritati
864 4945 1013 5006 credere
1040 4944 1211 5015 nesciant,
1247 4944 1432 5023 ipsamque
1457 4946 1594 5004 rectam
1619 4942 1702 5003 doc-

477 5250 497 5319 ¹)
516 5253 630 5307 ISIDOR.
650 5253 781 5307 sentent.
800 5253 851 5317 111,
870 5262 934 5315 xw,
954 5254 981 5305 4.
1001 5254 1038 5305 In
1058 5252 1148 5317 oper.
1167 5252 1216 5314 VI.
1235 5250 1296 5305 689.
