4300 6117
860 990 1047 1044 IOHANNIS
1069 990 1250 1045 DOMINICI
1655 983 1718 1044 221

387 1209 568 1284 siderium,
581 1213 760 1274 mentibus
778 1213 909 1275 nostris
925 1214 1108 1274 insertum.
1134 1212 1300 1275 Secundo
1314 1214 1508 1275 mandatur
1524 1216 1665 1287 creatis,
1682 1218 1721 1276 ut

388 1318 578 1380 subiiciant
602 1322 736 1380 terram
747 1318 766 1392 ¹,
792 1323 828 1381 et
850 1321 970 1381 omnia
996 1321 1236 1382 subiiciuntur
1258 1322 1324 1381 sub
1348 1321 1500 1400 pedibus
1526 1340 1659 1394 eorum,
1685 1324 1721 1384 et

387 1426 545 1504 tangitur
567 1428 690 1488 mundi
713 1428 947 1506 contemptus.
984 1423 1123 1499 Tercio,
1148 1430 1303 1506 quatuor
1326 1446 1445 1489 rerum
1469 1429 1721 1508 contemplaci-

388 1550 474 1593 ones
497 1533 535 1593 in
557 1536 713 1611 quatuor
734 1534 895 1613 paradisi
910 1534 1116 1596 fluminibus
1142 1534 1362 1596 codocentur
1377 1535 1503 1596 eadem
1522 1533 1719 1615 Scriptura,

387 1636 642 1702 Ecclesiastico
664 1643 756 1703 teste
766 1640 786 1701 ².
811 1639 882 1702 Per
897 1640 996 1719 quod
1020 1642 1222 1702 insinuatur
1245 1644 1379 1721 aperte,
1405 1642 1503 1720 quod
1526 1644 1643 1721 primo
1666 1646 1721 1704 est

387 1746 589 1809 intellectus
613 1747 857 1819 illustrandus,
893 1748 1073 1827 quomodo
1097 1749 1230 1810 debeat
1253 1767 1318 1827 per
1343 1751 1526 1810 creaturas
1555 1750 1591 1809 in
1616 1748 1722 1811 Crea-

388 1855 503 1914 torem
526 1855 731 1926 ascendere,
767 1854 865 1934 quod
887 1855 984 1934 ipsas
1008 1859 1196 1917 creaturas
1231 1856 1268 1916 in
1291 1854 1500 1916 facultatem
1536 1874 1638 1917 suam
1665 1875 1721 1917 as·

388 1963 514 2022 sumat.
540 1960 686 2045 Quarto,
703 1962 840 2023 sciendi
856 1964 1062 2023 retunditur
1085 1962 1293 2024 inordinata
1317 1962 1457 2041 cupido,
1486 1981 1566 2024 cum
1589 1962 1721 2043 lignum

387 2068 541 2129 sciencie
563 2069 649 2130 boni
672 2071 709 2130 et
730 2070 815 2129 mali
839 2070 985 2149 legimus
1009 2070 1240 2132 interdictum
1251 2068 1271 2130 ³.
1298 2067 1439 2154 Quinto,
1466 2088 1510 2131 ne
1528 2070 1721 2150 permulta

386 2175 595 2236 veneranda
610 2175 819 2248 discurram,
844 2177 924 2255 ipsa
946 2177 1123 2237 naturalis
1147 2175 1373 2256 philosophia
1387 2177 1533 2239 videtur
1550 2195 1722 2238 concessa

388 2300 469 2342 cum
492 2283 655 2344 omnibus
685 2283 909 2345 animalibus.
950 2284 1028 2344 Non
1064 2285 1202 2356 mulier,
1242 2284 1307 2345 sed
1330 2284 1386 2344 vir
1422 2285 1565 2345 nomina
1598 2302 1721 2345 secun·

388 2389 473 2450 dum
496 2390 755 2468 proprietatem
777 2409 900 2451 eorum
923 2392 1075 2470 imponit
1086 2388 1107 2451 ⁴.
1132 2390 1204 2452 Nos
1221 2394 1350 2463 autem,
1375 2390 1554 2470 Xpistiani
1580 2392 1721 2452 nomine

388 2496 474 2567 solo,
510 2497 699 2574 inquibus
723 2500 759 2558 et
782 2498 873 2558 fines
897 2500 933 2559 et
956 2497 1052 2559 feces
1079 2498 1281 2559 seculorum
1305 2499 1535 2569 devenerunt,
1562 2497 1722 2560 defendi·

388 2620 466 2663 mus
489 2604 622 2663 bonum
646 2622 724 2665 esse
749 2605 794 2665 de
817 2606 982 2667 manibus
1007 2606 1185 2667 nutricum
1209 2606 1362 2667 infantes
1386 2606 1540 2671 avulsos.
1576 2605 1722 2667 tradere

388 2709 596 2771 nutriendos
620 2711 758 2772 interne
780 2707 985 2784 Terrencio,
1020 2710 1162 2784 Ovidio,
1187 2711 1338 2792 Virgilio
1362 2715 1398 2773 et
1415 2712 1534 2793 ydolis
1559 2714 1721 2793 gencium

389 2818 501 2888 natos,
538 2819 578 2877 ut
600 2818 684 2879 olim
707 2837 772 2898 per
796 2820 911 2899 ignem
937 2819 1142 2881 lustrantes.
1181 2818 1310 2881 Nescio
1333 2838 1380 2881 an
1406 2819 1586 2898 preferam
1610 2838 1721 2899 quon·

388 2924 472 2985 dam
496 2936 614 3004 regem
632 2923 772 3006 Egypti,
796 2926 963 2987 infestum
979 2924 1142 2998 Hebreis,
1169 2930 1315 2988 cunctos
1333 2946 1456 2989 eorum
1479 2928 1591 2988 virilis
1615 2946 1719 2990 sexus

388 3048 469 3091 mox
493 3034 590 3092 ortos
607 3032 788 3093 necandos
804 3034 995 3101 iubentem,
1020 3032 1088 3094 hiis
1104 3035 1267 3095 omnibus
1285 3034 1375 3095 tales
1392 3036 1548 3096 nutrices
1564 3033 1719 3113 Xpistia·

389 3138 480 3199 nulis
505 3138 802 3212 conducentibus;
828 3158 920 3212 nam,
944 3140 1039 3202 illius
1063 3144 1245 3221 precepto,
1272 3142 1388 3202 nullus
1406 3142 1604 3203 occisorum
1629 3148 1719 3203 eter-

388 3262 471 3305 nam
506 3247 657 3306 mortem
691 3248 866 3325 gustabat,
915 3250 951 3308 et
987 3248 1114 3308 horum
1148 3250 1294 3326 procaci
1329 3267 1438 3309 suasu
1473 3250 1521 3309 ad
1556 3249 1719 3327 pellicem

390 3351 673 3431 dampnatricem
706 3354 917 3416 demonibus
940 3355 1150 3416 victimandi
1186 3358 1313 3435 sponte
1347 3357 1400 3416 ire
1436 3357 1647 3417 catervatim
1670 3357 1719 3417 la·

388 3460 543 3521 borant!

497 3564 671 3637 Secundo,
690 3568 903 3646 quicumque
916 3569 1096 3630 studendo
1108 3568 1223 3630 Deum
1239 3569 1340 3647 sequi
1354 3570 1581 3643 contendunt,
1599 3572 1718 3632 stude·
1735 3572 1787 3634 12.

388 3676 452 3734 ant
475 3674 660 3753 sicutipse
676 3675 893 3736 studendum
907 3676 1128 3737 monstravit.
1147 3676 1228 3754 Ipse
1244 3675 1350 3737 docet
1366 3676 1717 3757 philosophiam,

389 3782 604 3860 poesiam,
630 3781 875 3843 ethicamet
895 3783 1184 3862 theologiam.
1209 3781 1368 3843 Primum
1384 3786 1439 3844 est
1453 3785 1490 3844 in
1507 3782 1649 3856 Genesi,
1666 3803 1718 3846 se·

390 3889 544 3949 cundum
561 3890 667 3950 estin
682 3888 818 3960 Exodo,
836 3891 986 3951 tercium
1001 3890 1037 3949 in
1053 3888 1260 3952 Proverbiis
1276 3893 1312 3951 et
1328 3893 1495 3971 quartum
1511 3892 1548 3951 in
1563 3890 1720 3971 Prophe·

389 3995 444 4062 tis.
456 3998 492 4056 et
504 3997 622 4057 omnia
634 3998 717 4057 sunt
726 3997 859 4075 ubique
871 3998 976 4058 simul
987 3998 1096 4059 mixta
1109 3997 1146 4057 in
1158 3999 1235 4058 tota
1245 3995 1441 4076 Scriptura.
1456 3997 1720 4078 Philosophiam

389 4120 544 4181 namque
567 4103 689 4165 docuit
711 4102 808 4165 Deus
833 4107 917 4165 ante
940 4105 1123 4176 diluvium,
1164 4104 1214 4165 ad
1243 4122 1312 4182 que
1336 4107 1501 4184 tempora
1533 4106 1616 4167 libri
1639 4118 1719 4186 gen·

389 4209 503 4270 tilium
525 4228 597 4271 non
619 4211 834 4290 pertingunt.
860 4209 1024 4273 Poesiam
1045 4212 1168 4273 docuit
1192 4214 1353 4290 tempore
1369 4210 1454 4282 Noe,
1479 4214 1555 4273 iere
1580 4214 1720 4274 duobus

388 4316 544 4378 millibus
567 4318 669 4379 annis
689 4320 881 4397 antequam
905 4317 1025 4379 fabule
1042 4318 1241 4397 inciperent
1259 4317 1481 4379 ethnicorum
1501 4321 1568 4381 sub
1591 4318 1719 4401 Ayoth,

388 4421 545 4485 Ysidoro
569 4425 733 4486 tradente
745 4422 773 4498 ⁵3
799 4422 967 4486 Salomon
982 4444 1069 4487 vero
1088 4427 1183 4487 totus
1200 4424 1345 4487 moralis
1362 4423 1611 4506 Picthagoram
1624 4429 1721 4488 ante·

497 4746 517 4812 ¹)
536 4749 623 4811 ibid..
641 4750 664 4813 1,
682 4750 726 4802 28.

496 4836 517 4903 'l
535 4840 639 4901 Ecoli,
656 4840 762 4903 XXIV,
780 4841 824 4893 40.

497 4926 517 4993 't
538 4930 654 4991 Genea,
670 4932 705 4992 ll,
725 4934 769 4984 17.

495 5018 517 5084 ⁴)
535 5021 620 5082 nra..
638 5021 674 5085 11,
693 5022 728 5074 20

496 5105 650 5174 ³)18m0R.
676 5111 805 5177 Etymol.
832 5113 868 5173 V,
893 5122 1003 5174 xxx1x,
1030 5113 1072 5165 10.
1099 5111 1134 5164 ln
1155 5112 1246 5179 Oper.
1271 5114 1293 5165 t.
1320 5114 1371 5177 III,
1397 5114 1453 5167 col.
1479 5114 1546 5175 225;
1573 5112 1610 5165 ci.
1637 5115 1720 5167 aussi

391 5200 575 5262 chronicon„
599 5200 632 5251 in
659 5199 759 5267 Oper,
784 5202 806 5253 t.
833 5201 897 5265 vll,
922 5203 979 5254 col.
1005 5202 1084 5255 1⁰27.
1120 5200 1198 5281 Tout
1227 5218 1263 5255 ce
1287 5210 1419 5271 passage
1447 5205 1495 5256 est
1520 5204 1638 5270 inspire'
1663 5204 1720 5257 des

391 5289 558 5342 chronicon
576 5289 735 5343 d'Isidore.
