4300 6117
834 995 1021 1049 IOHANNIS
1043 995 1226 1049 DOMINICI
1640 983 1702 1046 271

372 1222 537 1284 tumulati
554 1211 567 1303 l}
593 1222 672 1283 visa
695 1219 772 1293 fuit,
796 1220 894 1283 circa
918 1238 1095 1289 auroram,
1119 1219 1324 1281 incivitate
1347 1217 1530 1289 Paduam,
1555 1218 1707 1279 testibus
1788 1215 1819 1277 L
1834 1215 1911 1277 80'0

372 1329 503 1391 multis.
527 1327 764 1408 Philosophus
789 1331 918 1399 autem,
945 1328 1006 1407 qui
1039 1328 1075 1388 in
1109 1326 1174 1388 tali
1208 1324 1381 1388 facultate
1415 1324 1625 1386 cathedram
1657 1324 1709 1386 ibi

373 1437 530 1517 regebat,
553 1434 690 1497 factum
713 1454 779 1515 per
802 1435 1033 1515 negacionem
1056 1433 1201 1495 irritare
1233 1452 1305 1494 non
1337 1433 1470 1503 valens,
1497 1432 1708 1511 quantocius

374 1544 499 1623 potuit,
525 1542 751 1605 studentibus
776 1542 1008 1623 congregatis,
1033 1541 1131 1603 nisus
1156 1542 1211 1602 est
1233 1541 1443 1602 miraculum
1465 1540 1648 1609 infamare,
1674 1542 1710 1601 et

374 1669 597 1713 communem
619 1650 810 1729 predicare
842 1653 1018 1710 naturam.
1066 1647 1248 1720 Ascendit,
1279 1648 1405 1726 inquit,
1436 1666 1552 1726 vapor
1577 1647 1710 1708 virtute

374 1758 543 1829 celorum,
569 1777 612 1820 ex
646 1760 743 1819 terre
777 1758 976 1819 visceribus
1012 1758 1149 1818 tractus
1187 1755 1376 1827 interdum,
1406 1773 1532 1835 spuma
1566 1758 1711 1817 servata

374 1865 649 1945 particularium
684 1883 875 1944 corporum
912 1865 1064 1924 artuum.
1111 1860 1215 1923 Unde
1250 1863 1414 1935 trahitur,
1449 1861 1571 1924 Phebo
1609 1880 1711 1923 suam

374 1972 514 2052 prolem
538 1972 730 2033 extinctam
753 1971 928 2059 suscitare
957 1972 1165 2050 temptante,
1189 1971 1323 2048 sicque,
1347 1972 1389 2030 ut
1414 1970 1474 2039 ait,
1499 1969 1712 2031 naturaliter

373 2081 480 2141 iiiut
503 2080 658 2141 fumiab
681 2079 837 2140 humano
861 2096 1012 2158 corpore
1036 2078 1152 2149 tracti,
1188 2077 1333 2138 humani
1361 2078 1522 2157 corporis
1559 2075 1711 2157 effigiem

375 2190 545 2266 prestent.
564 2218 608 2227 -
628 2185 764 2247 Saltem
778 2186 836 2247 hic
852 2184 979 2247 fuisset
994 2184 1206 2263 platonicus,
1230 2182 1388 2246 referens
1405 2196 1489 2265 erga
1504 2186 1620 2257 busta,
1645 2185 1711 2246 sub

375 2294 530 2355 diversis
554 2294 678 2365 modis,
704 2291 955 2355 defunctorum
977 2293 1116 2354 animas
1138 2291 1321 2353 vacillare.
1359 2290 1492 2353 Fateor
1513 2292 1635 2371 itaque
1651 2309 1713 2354 eos

374 2402 412 2462 in
445 2401 608 2480 pluribus
648 2400 769 2462 dicere
805 2418 892 2461 vera
930 2403 967 2461 et
1001 2400 1069 2461 hoc
1104 2399 1321 2480 pessimum!
1345 2396 1489 2460 Utinam
1523 2400 1561 2459 in
1591 2417 1714 2460 eorum

353 2509 476 2570 ¹libris
501 2507 599 2569 nulla
622 2509 718 2569 esset
740 2508 884 2579 veritas,
909 2507 975 2569 sed
997 2507 1084 2568 dum
1112 2508 1207 2567 veris
1241 2507 1402 2568 alliciunt
1436 2506 1625 2586 simplices,
1649 2505 1714 2569 fal·

375 2617 425 2678 sis
450 2618 581 2677 necant
603 2615 799 2695 permixtis.
826 2614 1106 2693 Non'decipitur
1129 2614 1237 2693 piscis
1262 2615 1309 2675 ab
1332 2615 1447 2685 hamo,
1472 2613 1538 2674 sed
1553 2615 1600 2675 ab
1620 2632 1712 2687 esca,

378 2725 444 2785 sub
470 2740 542 2800 qua
565 2721 726 2783 mortalis
750 2722 985 2784 absconditur
1008 2720 1143 2782 hamus.
1170 2720 1346 2799 Precipue
1369 2739 1455 2782 vero
1477 2720 1569 2783 hanc
1583 2721 1714 2783 doctri-

376 2849 460 2892 nam
500 2829 651 2891 dixerim
689 2829 725 2889 in
760 2829 957 2891 iunioribus
990 2829 1229 2901 metuendam,
1268 2829 1329 2906 qui
1364 2829 1522 2890 nondum
1555 2830 1715 2909 perfecte

377 2939 462 2999 sunt
488 2937 524 2997 in
546 2934 621 2997 fide
643 2935 792 3009 fundati,
819 2954 899 2997 cum
923 2936 1172 3015 principaliter
1194 2937 1295 3006 tales,
1321 2954 1343 2996 a
1367 2934 1570 3014 crepundiis
1587 2937 1624 2997 et
1639 2933 1716 2997 fere

380 3045 551 3107 uberibus
589 3043 715 3104 matris
755 3043 904 3115 revulsi,
944 3042 993 3104 ad
1029 3042 1121 3104 hanc
1159 3042 1324 3122 pellicem
1361 3043 1548 3104 mittantur
1585 3043 1714 3104 alendi,

378 3152 496 3214 dicam
520 3170 567 3211 an
589 3168 727 3212 veneno
751 3149 912 3221 necandi,
950 3150 1043 3211 sicut
1066 3149 1158 3211 duce
1181 3149 1257 3211 Deo
1280 3148 1428 3211 inferius
1460 3149 1714 3212 declarabitur.

483 3256 570 3319 Ideo
593 3276 664 3318 non
688 3258 800 3319 currit
824 3257 872 3319 ad
894 3258 1119 3337 propositum
1143 3257 1240 3318 racio
1264 3254 1389 3327 sexta¹,
1414 3256 1544 3318 multos
1583 3269 1780 3331 memo-12,

379 3383 462 3426 rans
498 3364 639 3437 Patres,
676 3364 737 3443 qui
771 3363 839 3425 hac
872 3364 1029 3426 sciencia
1060 3364 1185 3425 mundi
1219 3365 1424 3425 claruerunt
1445 3364 1609 3445 insignes,
1643 3383 1714 3425 non

377 3473 494 3533 minus
524 3471 715 3533 sanctitate
750 3471 939 3551 pollentes.
970 3470 1062 3533 Nam
1088 3471 1389 3533 considerandum
1411 3490 1495 3532 reor
1516 3472 1613 3533 viros
1641 3472 1714 3534 lau·

378 3580 518 3641 dabiles
540 3578 672 3640 veteris
694 3574 917 3640 Testamenti
941 3577 990 3639 ad
1012 3578 1182 3639 noticiam
1203 3578 1355 3639 sciencie
1377 3579 1549 3640 secularis
1572 3598 1642 3640 non
1665 3580 1716 3640 in·

379 3688 505 3757 trasse,
530 3686 598 3747 nisi
622 3688 815 3765 postquam
837 3688 941 3746 erant
963 3686 1105 3764 antiqui
1137 3688 1172 3747 et
1205 3685 1327 3747 divina
1359 3686 1514 3747 sciencia
1546 3687 1716 3748 roborati.

380 3791 531 3855 Sanctos
555 3811 651 3863 vero,
676 3811 766 3871 quos
800 3791 857 3853 lex
890 3810 983 3853 nova
1018 3782 1177 3864 nutrivit,
1201 3811 1383 3872 nunquam
1415 3796 1497 3872 post
1527 3794 1716 3872 baptisma,

380 3901 448 3961 nisi
472 3900 690 3969 casualiter,'
708 3877 785 3960 zelo
813 3898 900 3960 fidei
934 3899 1125 3961 actualiter
1158 3900 1373 3978 requirente,
1398 3900 1435 3960 in
1464 3899 1718 3979 philosophicis

300 4052 303 4059 .
379 4007 526 4087 legimus
550 4008 749 4068 insudasse.
775 4005 834 4068 Sic
859 4006 1076 4087 Augustinus
1113 4006 1356 4068 Romanorum
1389 4007 1556 4068 historias
1592 4006 1719 4068 didicit

379 4114 452 4175 iam
474 4115 676 4194 provectus,
702 4114 786 4193 quia
810 4113 958 4176 videbat
982 4114 1032 4175 sic
1057 4117 1282 4194 oportunum,
1308 4113 1356 4174 ad
1389 4114 1603 4175 refellendos
1637 4132 1718 4193 pro·

379 4222 518 4301 phanos
542 4222 579 4282 in
602 4221 695 4282 libro
716 4220 921 4282 venerando
954 4220 1012 4282 De
1037 4219 1224 4282 Civitate
1251 4220 1340 4293 Dei,
1374 4221 1436 4299 qui
1458 4221 1631 4300 sacrilego
1654 4239 1717 4282 ore

381 4332 506 4391 contra
531 4329 618 4390 fidei
642 4327 830 4407 Xpistiane
854 4328 1050 4409 gannibant
1061 4326 1081 4389 ¹.

488 4434 583 4498 Satis
608 4435 676 4497 hoc
701 4436 865 4515 exprimit
888 4436 1105 4497 venerabilis
1128 4433 1309 4516 Origenes,
1338 4434 1717 4497 Penthateucum
1733 4439 1784 4502 13.

380 4542 532 4622 glosans,
554 4543 592 4603 in
614 4542 778 4623 pluribus
801 4542 899 4613 locis,
926 4543 1026 4603 cuius
1050 4543 1163 4631 verba
1187 4545 1223 4603 et
1247 4543 1277 4603 si
1299 4542 1413 4622 longa,
1451 4545 1571 4603 tamen
1605 4542 1715 4612 utilia,

383 4668 451 4729 pro
484 4652 589 4728 parte
623 4649 720 4711 volui
756 4649 813 4711 hic
850 4648 1006 4737 fideliter
1040 4653 1230 4710 annotare.
1270 4645 1442 4710 Omelia
1465 4668 1620 4728 namque
1642 4658 1690 4709 xl
1705 4653 1719 4682 ²

495 4998 502 5025 ¹
537 5000 581 5053 Cf.
600 5016 637 5052 su
661 5015 706 5062 ru,
746 5000 817 5051 .4.

497 5000 517 5155 ἒξ
535 5016 776 5156 L’exedfplepde
793 5001 834 5142 ⁷8.
861 5090 1013 5159 Augustin
1039 5090 1114 5142 etait
1138 5088 1366 5157 trequemment
1390 5090 1532 5156 invoque.
1567 5088 1611 5142 Cf.
1629 5090 1723 5141 lettre

392 5178 432 5231 de
452 5178 592 5231 Coluccio
610 5178 739 5231 Salutati
759 5178 777 5231 a
796 5178 844 5231 fra
864 5180 899 5231 G.
919 5180 958 5231 da
978 5179 1185 5242 Samminiato,
1204 5180 1394 5247 Epistolurto
1411 5182 1445 5231 dt
1464 5179 1494 5232 C.
1514 5178 1556 5243 8.,
1580 5180 1601 5230 t.
1621 5178 1722 5230 1v-IP.

391 5282 420 5333 p.
442 5266 502 5320 18³.
