4300 6117
449 824 515 887 296
879 898 881 901 ,
950 834 1110 887 Luculli
1132 832 1272 887 uocns

443 1076 523 1119 cum
547 1058 763 1137 quibusdam
786 1059 985 1119 abscedere
1007 1058 1126 1128 vellet,
1151 1057 1361 1137 respondit:
1388 1074 1404 1107 ι
1423 1055 1574 1119 Domine
1598 1057 1647 1118 ad
1670 1075 1776 1136 quem

438 1165 592 1226 ibimus?
608 1163 732 1227 Verba
743 1166 816 1226 vite
829 1169 951 1226 eterne
966 1165 1079 1226 habes
1092 1185 1107 1218 ›
1121 1162 1141 1225 ¹.
1158 1198 1197 1205 -
1213 1164 1365 1243 Propter
1380 1163 1447 1226 hoc
1461 1164 1548 1225 dicit
1561 1162 1772 1243 Apostolus:

443 1270 705 1355 «Quecumque
729 1273 863 1351 scripta
887 1275 978 1345 sunt,
1004 1271 1054 1332 ad
1078 1275 1238 1334 nostram
1272 1272 1474 1334 doctrinam
1511 1271 1646 1350 scripta
1682 1274 1774 1341 sunt,

439 1382 478 1441 ut
501 1397 568 1457 per
592 1379 876 1442 consolacionem
901 1382 936 1442 et
959 1380 1184 1459 pacienciam
1208 1378 1475 1459 Scripturarum
1510 1396 1611 1457 spem
1645 1378 1776 1439 habea·

439 1504 517 1547 mus
534 1486 584 1545 »ἓ
625 1485 673 1547 Et
693 1485 896 1547 huiusmodi
919 1487 1040 1556 multa,
1079 1504 1149 1565 que
1173 1504 1344 1547 enarrare
1367 1486 1471 1547 nimis
1494 1486 1637 1566 longum
1673 1483 1774 1557 foret,

439 1594 479 1653 ut
501 1593 606 1672 plene
630 1594 770 1654 diviuus
794 1592 1010 1673 Augustinus
1035 1594 1072 1655 in
1088 1592 1263 1673 principio
1286 1591 1350 1654 De
1374 1591 1466 1653 Civ.
1490 1592 1576 1653 Dei
1599 1591 1775 1653 deducitt.

439 1726 481 1743 ¹-
498 1696 592 1761 Solis
617 1712 699 1780 ergo
723 1700 823 1761 libris
847 1700 960 1761 sacris
985 1703 1042 1762 est
1056 1700 1327 1772 immorandum,
1353 1699 1482 1761 ceteris
1506 1704 1636 1772 autem,
1662 1700 1775 1761 solum

440 1807 654 1869 necessitate
677 1810 833 1887 cogente,
859 1808 951 1869 sleut
983 1808 1019 1869 in
1051 1807 1213 1886 hospicio
1247 1807 1435 1886 peregrino
1459 1809 1568 1885 caput
1591 1806 1776 1884 paululum

439 1913 694 1976 reclinandum.
713 1947 752 1955 —
779 1914 976 1976 Didicimus
993 1916 1096 1985 enim,
1125 1915 1218 1977 libro
1230 1913 1306 1985 XI⁰‚
1324 1912 1482 1975 Rufino
1498 1914 1661 1985 docente,
1677 1913 1776 1991 quod

440 2020 633 2101 Gregorius
670 2019 912 2093 Nazanzenus‚
937 2022 999 2100 qui
1022 2019 1148 2082 turtim
1184 2041 1203 2083 e
1238 2020 1358 2100 patria
1390 2018 1480 2100 fugit
1514 2038 1560 2081 ne
1591 2023 1777 2100 cogeretur

439 2127 655 2190 rethoricam
679 2128 819 2201 docere,
848 2148 862 2180 ι
883 2147 963 2189 cum
986 2129 1057 2189 iam
1070 2147 1109 2189 se
1121 2128 1188 2189 Dei
1206 2129 1358 2190 servicio
1371 2128 1620 2206 mancipasset,
1638 2129 1776 2187 tantum

440 2235 487 2296 de
510 2236 644 2315 college
668 2254 790 2297 amore
812 2237 1039 2316 presumpsit,
1064 2239 1105 2297 ut
1126 2236 1310 2297 sedentem
1324 2234 1496 2296 BasilIum
1513 2238 1549 2296 et
1561 2234 1776 2296 rethoricam

440 2342 637 2414 docentem,
663 2342 709 2405 de
733 2342 892 2405 doctoris
916 2342 1090 2404 cathedra
1113 2342 1319 2422 deponeret,
1344 2360 1388 2403 ac
1411 2359 1531 2403 secum
1565 2340 1615 2402 ad
1636 2358 1775 2402 monas·

440 2451 570 2511 terium
593 2468 698 2511 manu
721 2450 852 2512 iniecta
877 2449 1082 2521 deduceret,
1107 2450 1229 2528 ibique
1252 2468 1319 2528 per
1341 2467 1464 2520 annos,
1487 2451 1527 2509 ut
1547 2448 1657 2518 aiunt,
1681 2446 1774 2517 XIII,

440 2558 603 2618 omnibus
629 2554 825 2619 Grecorum
849 2556 1063 2619 secularium
1087 2557 1189 2618 libris
1214 2557 1368 2626 remotis,
1393 2556 1479 2617 solis
1510 2555 1630 2617 divine
1655 2552 1775 2633 Scrip-

441 2667 522 2726 tnre
537 2664 774 2725 voluminibus
790 2682 938 2743 operam
955 2664 1092 2725 dabant
1105 2662 1147 2724 2⁴.
1166 2700 1206 2706 -
1223 2661 1253 2724 O
1270 2664 1406 2725 utinam
1421 2663 1518 2723 circa
1535 2662 1775 2741 quamplures,

442 2790 531 2850 quos
556 2773 595 2833 ut
618 2771 760 2832 sodales
783 2790 944 2843 veneror,
969 2773 1089 2831 mente
1111 2771 1218 2832 simili
1240 2769 1321 2832 lieri
1344 2770 1525 2850 contingat
1559 2772 1609 2840 ut,
1633 2769 1776 2830 reiectis

441 2878 589 2956 siliquis,
615 2878 815 2958 similageos
839 2897 949 2957 panes
984 2879 1130 2939 valeant
1165 2877 1366 2957 degustare,
1402 2878 1438 2938 et
1460 2875 1545 2938 inde
1569 2875 1777 2937 medullitus

442 2986 611 3064 saginari!
1134 2982 1137 2986 ’

551 3388 571 3455 ¹)
590 3392 644 3453 1n,
663 3390 774 3454 v1‚69.

550 3477 570 3545 ⁷)
590 3480 619 3533 S.
638 3480 754 3541 Pion,
773 3482 816 3532 ad
832 3481 929 3544 Rom,
948 3479 1011 3542 XV,
1029 3481 1055 3531 4.

550 3566 570 3633 ⁹)
590 3570 618 3622 S.
638 3571 727 3633 AUG,
746 3572 792 3622 De
814 3569 897 3622 civit.
916 3571 981 3631 Del,
1001 3570 1022 3631 I,
1042 3568 1144 3622 Praei.
1163 3569 1199 3621 ln
1219 3569 1319 3636 Ορον.1
1337 3569 1401 3631 Vll,
1422 3568 1463 3620 13.
1584 3632 1595 3653 ι

548 3657 698 3725 ⁴)RUF1N.
720 3660 799 3711 Htst.
819 3658 901 3711 Eccl.
921 3658 957 3722 11,
975 3668 1017 3710 rx.
1036 3657 1140 3725 Migne
1157 3658 1236 3722 XXI,
1254 3658 1315 3711 518.
