4300 6117
480 1162 650 1238 tanquam
673 1161 721 1221 ab
743 1160 882 1222 iniustis
905 1163 1175 1241 possessoribus
1191 1164 1227 1223 in
1242 1182 1345 1224 usum
1360 1165 1520 1225 nostrum
1536 1164 1753 1226 vindicanda
1768 1162 1810 1225 »¹.

482 1265 631 1337 —Item,
656 1269 738 1345 post
761 1269 930 1346 quedam:
959 1266 1158 1352 «Quisquis
1183 1270 1298 1331 bonus
1322 1288 1505 1350 verusque
1522 1269 1730 1349 Xpistianus
1748 1274 1809 1343 est,

480 1372 642 1434 dominus
672 1374 726 1435 sui
750 1392 828 1436 esse
851 1375 1024 1455 intelligat
1048 1377 1264 1455 ubicumque
1288 1377 1466 1438 invenerit
1483 1378 1679 1451 veritatem,
1705 1396 1811 1457 quam

480 1482 664 1542 conterens
695 1483 731 1541 et
759 1494 973 1561 cognoscens
1004 1483 1118 1544 eciam
1141 1484 1177 1543 in
1200 1484 1301 1545 libris
1330 1485 1442 1545 sacris
1472 1485 1727 1563 supersticiosa
1750 1486 1811 1564 iig-

479 1591 599 1649 menta
622 1587 787 1666 repudiet
801 1610 816 1643 >
831 1586 852 1649 ².
898 1588 946 1650 Et
970 1592 1090 1650 cetera
1114 1590 1227 1651 multa
1248 1590 1299 1651 ibi
1321 1590 1371 1652 ad
1395 1592 1623 1670 propositum
1646 1592 1751 1653 istud.

435 1690 465 1753 8.
587 1693 874 1773 Proposicionem
909 1697 1056 1757 terciam
1079 1698 1211 1775 probat
1244 1695 1481 1771 Cassianus,
1521 1701 1686 1760 octavum
1719 1698 1809 1777 psai-

480 1821 575 1863 mum
591 1820 780 1881 exponens.
804 1801 866 1863 Ait
881 1804 986 1863 enim:
1015 1802 1192 1865 «Pisces
1217 1805 1371 1865 tortasse
1394 1804 1675 1884 philosophos
1696 1808 1807 1877 vocat,

479 1910 540 1987 qui
564 1907 666 1969 huius
689 1910 811 1969 mundi
834 1912 998 1971 naturam
1022 1911 1178 1971 erratica
1203 1910 1409 1972 curiositate
1444 1914 1677 1991 pertractant.
1723 1911 1809 1973 Nam

478 2017 570 2077 sicut
594 2015 653 2087 illi,
678 2016 796 2093 posita
819 2017 945 2088 fronte,
969 2017 1098 2078 itinera
1123 2018 1191 2078 sibi
1228 2021 1392 2080 resecant
1427 2018 1543 2098 pelagi
1575 2019 1810 2080 inundacione

480 2124 636 2194 contusa,
659 2123 710 2183 ita
734 2126 770 2183 et
792 2122 860 2193 isti,
886 2124 1004 2202 capite
1028 2124 1191 2195 demisso,
1217 2142 1327 2185 venas
1351 2142 1473 2185 rerum
1498 2126 1643 2186 racione
1659 2125 1810 2186 humana

479 2229 624 2291 assiduo
651 2229 776 2290 labore
798 2231 1011 2309 perquirunt
1025 2227 1073 2291 »³.
1092 2228 1286 2292 ——Clarius
1311 2231 1410 2292 istud
1438 2231 1593 2303 deducit,
1619 2233 1680 2294 ubi
1704 2250 1810 2312 supra

479 2337 603 2417 primo,
628 2336 767 2397 dicens:
805 2334 936 2397 <Sicut
959 2338 1053 2398 enim
1074 2335 1234 2418 Egypcii,
1260 2356 1330 2399 non
1354 2338 1471 2399 solum
1498 2338 1607 2419 ydola
1631 2338 1811 2400 habebant

480 2445 515 2504 et
538 2461 648 2503 onera
671 2443 802 2523 gravia,
828 2462 897 2521 que
921 2444 1073 2522 populus
1098 2443 1211 2504 lsrael
1235 2444 1487 2515 detestaretur,
1514 2447 1570 2506 set
1596 2446 1709 2507 eciam
1725 2464 1810 2506 vasa

479 2551 514 2611 et
538 2552 747 2610 ornamenta
771 2550 816 2610 de
840 2569 928 2611 auro
951 2553 1061 2629 atque
1084 2553 1240 2629 argento,
1266 2552 1302 2611 et
1317 2554 1464 2623 vestem,
1491 2569 1561 2629 que
1584 2552 1643 2613 ilie
1659 2553 1810 2631 populus

479 2657 598 2717 exiens
623 2656 669 2717 de
691 2655 840 2737 Egypto,
866 2657 934 2719 sibi
958 2658 1092 2735 pocius,
1119 2660 1292 2735 tanquam
1316 2657 1365 2717 ad
1382 2676 1485 2718 usum
1501 2659 1692 2731 meliorem,
1719 2659 1811 2720 clan-

480 2763 559 2825 culo
582 2763 802 2835 vendicavit,
826 2782 897 2824 non
920 2764 1135 2825 auctoritate
1160 2764 1308 2843 propria
1332 2765 1399 2825 sed
1426 2768 1597 2844 precepto
1621 2764 1696 2836 Dei,
1727 2766 1810 2845 ipsis

478 2869 645 2951 Egypciis
669 2871 919 2942 nescientibus,
956 2870 1265 2931 commodantibus
1289 2889 1332 2931 ea
1358 2872 1489 2950 quibus
1522 2891 1592 2932 non
1623 2873 1714 2933 bene
1739 2875 1811 2933 ute·

478 2979 626 3039 bantur:
659 2977 720 3049 sic,
756 2976 938 3038 doctrinas
970 2996 1093 3038 omnes
1116 2978 1307 3056 gentilium,
1345 2996 1416 3038 non
1444 2978 1559 3039 solum
1584 2979 1750 3040 simulata
1778 2981 1812 3039 et

479 3083 732 3162 supersticiosa
762 3084 930 3162 figmenta
959 3096 1157 3163 gravesque
1195 3085 1355 3145 sarcinas
1388 3086 1648 3163 supervacanei
1678 3086 1810 3147 laboris

479 3190 703 3269 habentque
726 3191 970 3269 unusquisque
993 3194 1163 3261 nostrum,
1189 3191 1280 3253 duce
1304 3190 1442 3270 Xpisto,
1471 3192 1516 3253 de
1541 3193 1713 3253 societate
1733 3204 1811 3273 gen·

479 3298 593 3358 titium
616 3298 746 3369 exiens,
771 3297 880 3359 debet
903 3299 939 3360 et
961 3297 1186 3359 abhominari
1213 3300 1321 3377 atque
1346 3298 1525 3371 devitare,
1550 3299 1615 3360 sed
1640 3300 1753 3360 eciam
1776 3300 1811 3359 in

479 3404 646 3466 liberales
679 3404 885 3485 disciplinas
915 3405 995 3465 usui
1018 3404 1181 3465 veritatis
1206 3406 1380 3483 apciores,
1417 3408 1454 3466 et
1489 3407 1645 3483 quedam
1675 3424 1812 3467 morum

479 3514 651 3591 precepta
674 3512 861 3572 utilissima
884 3512 1074 3582 continent,
1114 3511 1230 3591 deque
1255 3512 1334 3591 ipso
1359 3530 1429 3572 uno
1452 3511 1528 3573 Deo
1554 3513 1704 3587 colendo
1729 3530 1812 3573 non·

479 3618 577 3679 nulla
599 3637 686 3679 vera
709 3619 936 3680 inveniuntur
959 3618 1057 3697 apud
1083 3636 1153 3689 eos,
1180 3620 1274 3679 etc.»
1294 3616 1314 3679 ·¹.
1330 3653 1371 3662 -
1385 3617 1433 3679 Et
1462 3621 1561 3699 post:
1588 3618 1744 3681 «Nonne
1758 3638 1812 3680 as-

479 3725 628 3804 picimus
653 3728 787 3804 quanto
810 3743 908 3797 auro,
945 3728 981 3786 et
1004 3728 1161 3804 argento,
1193 3727 1228 3786 et
1250 3728 1362 3795 veste,
1399 3727 1653 3787 suffarcinatus
1689 3726 1813 3788 exierit

479 3830 526 3893 de
547 3830 686 3912 Egypto
710 3829 918 3912 Cyprianus,
944 3831 1071 3893 doctor
1094 3832 1324 3894 suavissimus
1350 3834 1386 3893 et
1409 3836 1546 3913 martyr
1561 3834 1812 3895 beatissimus?

482 3936 623 4022 Quanto
635 3937 858 4009 Lactancius,
885 3936 1048 4018 Optatus,
1066 3937 1262 4019 Hyllarius,
1287 3940 1327 3999 ut
1344 3939 1389 4000 de
1405 3940 1496 3999 vivis
1512 3942 1660 4011 taceam,
1679 3943 1811 4019 quanto

482 4048 518 4107 et
540 4045 816 4107 innumerabiles
841 4044 948 4106 Greci
972 4049 1063 4108 etc.»
1082 4044 1124 4106 ⁵?

479 926 522 988 50
982 938 1142 992 aucuns
1161 937 1301 992 uocns

589 4403 610 4471 ¹)
629 4404 658 4457 S.
676 4406 757 4459 AUG.
778 4407 825 4458 De
843 4407 992 4458 Doctrina
1011 4407 1115 4457 christ.
1134 4406 1170 4469 11,
1189 4416 1238 4457 xl..
1257 4405 1309 4457 Aa
1326 4407 1382 4457 titt.
1409 4405 1443 4457 In
1465 4404 1556 4473 Oper.
1576 4405 1627 4469 ΙΙΙ,
1645 4406 1689 4459 63.

588 4492 681 4559 ¹)ID.,
700 4495 770 4546 ibid.
789 4496 929 4547 adseris.

589 4580 610 4648 ³)
629 4583 708 4636 C'est
727 4598 784 4650 par
802 4597 864 4636 une
882 4598 991 4636 erreur
1008 4583 1049 4637 de
1061 4584 1189 4650 copiste,
1208 4598 1268 4650 que
1287 4584 1318 4635 le
1330 4584 1387 4635 Ms.
1399 4585 1439 4635 de
1454 4584 1483 4636 la
1497 4586 1711 4637 Laurenztnnu
1724 4586 1812 4651 porte

482 4672 712 4725 «Cassianus».
730 4673 779 4724 En
797 4672 881 4735 eiiet,
899 4673 929 4724 le
948 4674 1033 4726 texte
1051 4673 1110 4725 cite
1129 4674 1176 4725 est
1195 4674 1234 4725 de
1248 4672 1440 4725 Cassiodore.
1461 4673 1505 4724 La
1519 4673 1636 4742 grande
1648 4673 1812 4725 similitude

480 4763 557 4814 dans
576 4762 729 4815 l'e'eriture
748 4762 881 4828 abregee
905 4762 945 4813 de
970 4776 1022 4814 ces
1046 4764 1127 4815 mots
1154 4762 1299 4829 expliqne
1324 4762 1462 4824 l'erreur,
1489 4763 1567 4814 mais
1595 4776 1673 4814 nous
1698 4761 1812 4815 torruit

478 4866 539 4904 une
557 4866 674 4917 preuve
693 4851 732 4904 de
749 4852 819 4917 plns
838 4865 899 4917 que
917 4852 948 4902 le
967 4851 1022 4902 Ms.
1041 4852 1132 4903 Lanr.
1151 4853 1272 4903 estune
1286 4852 1373 4918 copie
1388 4851 1632 4904 Cicasslonox.
1653 4852 1812 4918 Expositio

480 4943 510 4992 in
528 4941 720 5003 Psatterinm,
740 4941 855 4992 Psaim.
875 4939 953 4991 VIII.
972 4939 1082 5008 Migne,
1101 4941 1122 4992 t.
1141 4940 1229 5002 Lxx,
1248 4940 1290 4993 78.

584 5027 606 5094 ⁴)
626 5029 654 5082 S.
673 5029 754 5083 Auo.
772 5030 819 5081 De
837 5030 985 5081 Doctrina
1005 5031 1109 5081 christ.
1128 5030 1201 5081 ibid.

585 5115 607 5182 ὅ)
625 5119 678 5181 ΙΙ),,
697 5120 767 5171 ibid.
788 5146 815 5153 -
833 5117 876 5170 ct.
896 5119 981 5171 aussi
994 5118 1181 5171 Casslonott.
1200 5119 1246 5172 De
1260 5119 1451 5171 Institutione
1465 5120 1555 5171 divin.
1570 5119 1671 5181 litter„
1684 5117 1756 5184 Cap.
1770 5116 1810 5170 28.

478 5207 514 5259 In
534 5203 625 5274 Oper.
645 5208 723 5259 1142.
