4300 6117
448 857 493 919 26
962 866 1121 920 LUCULA
1143 864 1283 920 NOCTIS

450 1092 550 1151 tanta
574 1090 871 1159 rememorabor,
896 1090 967 1168 qui,
991 1089 1095 1168 quasi
1118 1090 1262 1159 tactum,
1288 1108 1360 1150 non
1383 1091 1522 1150 tantum
1538 1086 1726 1161 fiendum¹‚
1751 1090 1787 1149 in

449 1197 542 1258 libro
576 1195 641 1257 De
664 1194 857 1258 Vetula
892 1196 1039 1258 deducit
1048 1195 1069 1256 ².
1110 1194 1329 1257 Albumazar
1360 1195 1453 1257 hanc
1488 1196 1711 1257 nativitatem
1735 1196 1786 1257 di·

449 1304 569 1364 vinam
592 1304 830 1365 mendicando
855 1304 1025 1374 cantavit,
1051 1303 1119 1363 nisi
1142 1304 1267 1381 pocius
1293 1304 1339 1364 sit
1355 1303 1555 1375 dicendum,
1580 1303 1678 1381 quod
1695 1304 1787 1364 alter

450 1410 597 1489 quidam
620 1414 694 1471 tam
717 1411 815 1472 dicta
839 1428 947 1489 quam
971 1428 1100 1471 nomen
1123 1410 1353 1488 usurpaverit
1376 1410 1455 1471 sibi.
1490 1410 1661 1471 Preterea
1677 1408 1786 1471 Arco-

449 1518 552 1578 lanus
576 1517 798 1579 ethnicorum
822 1518 978 1579 decretis
993 1515 1159 1596 Xpistum
1186 1519 1389 1588 veneratur,
1415 1520 1455 1577 ut
1477 1515 1604 1578 flatum
1627 1516 1786 1577 divinum

450 1624 496 1685 de
519 1622 666 1704 Virgine
688 1627 821 1694 natum,
846 1623 1115 1703 impassibilem,
1156 1623 1204 1683 ad
1227 1624 1391 1685 dextram
1414 1622 1481 1684 Dei
1516 1624 1709 1695 sedentem,
1750 1624 1786 1684 et

450 1732 574 1792 mundi
596 1731 711 1793 tocius
735 1730 889 1792 iudicem
916 1730 1074 1791 futurum
1099 1733 1286 1792 testantur.
1312 1728 1392 1801 Cur,
1418 1730 1487 1791 nisi
1509 1730 1621 1791 hostis
1645 1734 1682 1791 et
1697 1729 1784 1800 Deo,

323 1844 336 1872 ¹
450 1856 567 1899 meum
589 1837 777 1918 Xpistum²
807 1838 966 1898 divinum
991 1840 1028 1899 et
1053 1855 1207 1916 querere
1237 1840 1272 1899 et
1296 1838 1473 1916 quesitum
1497 1828 1516 1920 {t
1547 1838 1706 1917 reperire
1730 1855 1785 1897 me

450 1944 576 2006 vetas?
614 1940 696 2006 Tibi
718 1946 881 2023 proiecto
904 1942 1068 2006 Ecclesia
1093 1946 1170 2005 tota
1196 1943 1374 2006 catholica
1397 1946 1526 2015 obstat,
1552 1962 1621 2023 que
1645 1944 1682 2004 in
1705 1947 1786 2005 ortu

451 2050 650 2113 Salvatoris
673 2054 781 2113 vocat
804 2051 1008 2113 incredulos
1033 2051 1082 2112 ad
1106 2051 1323 2113 audiendam
1347 2049 1523 2123 Sibillam,
1550 2054 1584 2112 et
1610 2052 1682 2113 ait:

934 2242 1060 2293 ‹Ysaias
1081 2242 1198 2305 cecinit,

931 2331 1094 2399 synagoga
1113 2331 1262 2395 meminit,

931 2422 1095 2488 Nunquam
1114 2423 1218 2474 tamen
1236 2421 1350 2473 desinit

985 2511 1063 2563 Esse
1082 2525 1162 2563 ceca.

932 2599 965 2652 Si
984 2615 1047 2652 non
1066 2600 1128 2651 suis
1147 2600 1279 2663 rabbus,

933 2690 1048 2741 Credat
1066 2689 1119 2741 vel
1137 2689 1318 2757 gentilibus;

933 2778 1081 2831 Sibillinis
1096 2778 1240 2831 versibus

966 2867 1032 2920 Hec
1049 2868 1199 2934 predicta.

931 2956 1042 3010 Infelix
1060 2972 1204 3024 propera,

930 3046 1038 3109 Crede,
1057 3048 1109 3099 vel
1127 3049 1252 3100 vetera:

931 3136 993 3189 Cur
1011 3136 1231 3203 dampnaberis

968 3225 1052 3277 Gens
1069 3226 1206 3277 misera?

930 3313 1028 3387 Quem
1044 3315 1135 3367 docet
1153 3315 1267 3380 littera,

930 3404 1042 3456 Natum
1061 3404 1239 3457 considera:

930 3493 1035 3559 Ipsum
1053 3494 1158 3560 genuit

983 3583 1164 3649 puerpera»
1178 3578 1194 3634 ³.

450 3758 663 3766 ——..

553 3962 585 4023 a)
607 3962 637 4021 -1-
657 3960 779 4027 ubique.

445 4158 579 4208 carmine
597 4159 722 4209 metrico
747 4155 832 4222 (Cod.
851 4159 1028 4221 Bruidense,
1050 4160 1076 4212 A
1087 4160 1112 4211 F
1130 4159 1208 4221 XIV,
1227 4159 1270 4222 21,
1289 4156 1386 4223 iri-sol.
1405 4159 1441 4212 36
1460 4157 1545 4223 cart.)
1583 4157 1628 4210 ef.
1648 4158 1781 4219 NOVATI,

446 4246 493 4296 Lu
514 4244 695 4298 Glovinezzu
713 4248 746 4298 di
765 4245 795 4298 C.
815 4246 955 4310 salutati,
973 4263 1002 4314 p.
1021 4248 1064 4300 34.
1092 4276 1118 4284 -
1148 4249 1197 4302 Un
1220 4250 1308 4301 autre
1328 4248 1547 4301 commentaire
1570 4248 1610 4299 de
1630 4246 1781 4299 Giovanni

446 4333 494 4386 de’
512 4334 696 4400 Bonsignori
723 4335 764 4386 da
784 4335 865 4388 Citta
891 4336 923 4387 di
942 4336 1075 4390 castello
1102 4335 1148 4402 (20
1165 4352 1249 4390 mars
1276 4337 1346 4390 1375
1372 4369 1406 4377 -
1432 4337 1467 4390 30
1490 4337 1668 4403 septembre
1693 4328 1781 4401 1377).

446 4421 490 4475 ef.
511 4421 600 4475 studi
616 4424 649 4475 dr
661 4420 711 4487 su.
729 4440 805 4477 rom.
823 4424 872 4488 IV,
891 4424 953 4478 393.

553 4508 574 4576 ¹)
592 4512 679 4565 Dans
705 4528 739 4564 sa
766 4514 901 4581 reponse
926 4514 1380 4582 (Epistolurio.lv-1P.p.218)
1407 4514 1438 4568 C.
1458 4514 1589 4568 Salutati
1615 4514 1782 4581 critiquera

444 4600 506 4653 tort
525 4601 600 4653 chez
618 4601 770 4654 Dominici
787 4603 902 4671 l'usage
921 4604 961 4655 de
981 4618 1017 4656 ce
1034 4606 1099 4656 mot
1114 4602 1254 4668 fiendum
1275 4605 1389 4672 «quod,
1408 4604 1474 4656 sive
1493 4619 1607 4657 nomen
1626 4604 1693 4656 sive
1712 4618 1781 4669 par-

448 4690 606 4757 ‹ticipium
631 4691 679 4753 sit,
706 4706 775 4743 cum
800 4694 902 4745 ortum
926 4708 990 4745 non
1017 4692 1132 4746 babeat
1158 4695 1189 4746 et
1207 4693 1332 4761 originis
1352 4708 1406 4745 sue
1425 4693 1627 4760 participium,
1653 4706 1782 4759 prorsus

448 4779 604 4846 ‘reperiri
622 4795 685 4832 non
703 4781 839 4846 potest».

554 4866 574 4934 r)
593 4868 652 4921 Sur
671 4869 818 4935 l'opinion
836 4870 876 4922 de
896 4870 1046 4923 Dominici
1065 4871 1212 4924 touchant
1235 4872 1436 4924 l’attribution
1455 4872 1473 4923 a
1492 4871 1592 4925 Ovide
1610 4871 1666 4923 des
1684 4870 1781 4921 livres

444 4958 491 5010 De
516 4958 630 5021 Vetula,
648 4956 685 5009 cf.
704 4956 794 5010 inira.

554 5044 753 5113 bsequence
779 5048 831 5114 qui
851 5063 884 5100 se
904 5048 1015 5100 chante
1033 5049 1052 5101 a
1071 5049 1101 5102 la
1124 5049 1228 5101 Messe
1253 5052 1283 5103 le
1307 5051 1378 5117 J'our
1403 5051 1442 5103 de
1470 5050 1501 5103 la
1526 5049 1660 5102 Nativite'
1685 5048 1716 5100 ct
1742 5048 1782 5099 de

444 5135 637 5202 l’Epiphanie
656 5132 736 5202 [Rite
755 5132 963 5204 dominicain].
