4300 6117
828 1017 1015 1071 IOHANNIS
1037 1016 1220 1071 DOMINICI
1626 1005 1693 1071 333

356 1244 525 1321 gnatuma,
549 1241 580 1302 si
606 1244 773 1321 putamus
796 1242 991 1320 aliquando
1015 1241 1239 1303 contencioni
1255 1240 1464 1313 cedendum,
1490 1242 1597 1303 datur
1621 1260 1693 1304 res·

357 1366 517 1427 ponsum,
543 1347 640 1426 quod
662 1338 858 1430 videlIcetlt
882 1348 1030 1429 legende
1054 1365 1126 1409 non
1149 1351 1230 1409 sunt
1263 1350 1310 1409 ab
1334 1348 1414 1420 illis,
1439 1349 1501 1427 qui
1536 1349 1694 1410 nondum
1707 1347 1738 1410 L
1752 1345 1829 1409 97νο
1851 1345 1881 1407 Β
1896 1343 1973 1432 81Υο

356 1454 532 1527 viderunt,
557 1455 657 1533 quod
678 1456 774 1517 ultra
796 1457 962 1516 naturam
989 1456 1110 1515 omnia
1133 1457 1253 1534 potest
1276 1448 1395 1516 actorb
1417 1455 1540 1535 ipsius,
1568 1456 1695 1535 glorio·

357 1562 517 1623 sissimus
540 1560 647 1623 Deus.
672 1560 720 1624 At
745 1562 816 1625 ista
838 1563 973 1624 veritas
997 1563 1219 1641 preamanda
1242 1562 1279 1622 in
1309 1580 1374 1623 suo
1408 1561 1540 1623 lumine
1579 1562 1696 1641 primo

358 1672 604 1731 creaturarum
629 1686 774 1731 causam
808 1673 843 1731 et
879 1670 1057 1731 elementa
1092 1669 1324 1740 demonstrat,
1360 1687 1440 1730 cum
1478 1668 1592 1731 dicit:
1620 1668 1695 1730 «In

356 1776 533 1855 principio
557 1776 694 1837 creavit
716 1774 812 1839 Deus
837 1776 952 1838 celum
977 1779 1012 1837 et
1038 1779 1173 1838 terram
1197 1779 1254 1837 etc
1272 1797 1287 1830 »
1306 1774 1326 1847 ¹,
1350 1774 1465 1837 Deum
1501 1794 1581 1839 esse
1616 1794 1696 1856 pre·

357 1900 562 1961 supponens
585 1902 652 1962 per
676 1900 715 1944 se
738 1887 870 1955 notum,
895 1901 1026 1964 parvos
1063 1886 1099 1946 et
1136 1895 1291 1963 magnos,
1316 1883 1442 1944 doctos
1479 1900 1624 1962 quoque
1660 1886 1698 1943 et

356 1989 520 2051 indoctos
544 2008 615 2051 uno
640 1991 837 2069 eodemque
855 2008 1020 2052 sermone
1041 1990 1208 2070 gradanti
1226 1990 1420 2051 illustrans.
1437 2022 1480 2031 -
1497 1988 1696 2051 AudIamus

358 2096 598 2158 testimonium
621 2098 743 2176 ipsius,
784 2116 855 2177 quo
889 2098 1009 2159 verius
1044 2116 1115 2159 non
1151 2098 1325 2158 habetur:
1360 2072 1572 2158 ‹Parabole
1597 2095 1696 2158 Salo·

357 2204 480 2275 monis,
505 2203 586 2264 Filii
608 2203 736 2278 David,
761 2206 854 2285 regis
878 2203 1023 2277 Israhel,
1058 2204 1108 2265 ad
1130 2201 1314 2266 sciendam
1337 2204 1529 2266 scienciam
1560 2206 1597 2265 et
1625 2204 1696 2265 dis-

358 2310 542 2389 eiplinam:
561 2312 609 2372 ad
631 2311 861 2391 intelligenda
883 2312 996 2373 verba
1019 2312 1225 2391 prudencie,
1251 2313 1287 2372 et
1319 2312 1587 2389 suscipiendam
1619 2330 1696 2372 ern·

358 2417 534 2478 dicionem
567 2418 738 2489 doctrine,
770 2419 957 2490 iusticiam,
993 2418 1167 2480 iudicium
1202 2421 1238 2479 et
1276 2419 1480 2497 equitatem,
1517 2420 1557 2479 ut
1592 2418 1698 2479 detur

357 2525 517 2604 parvulis
541 2525 680 2586 astucia
703 2527 739 2586 et
772 2526 995 2587 adolescenti
1036 2525 1192 2587 sciencia
1227 2527 1262 2586 et
1299 2525 1509 2603 intellectus,
1534 2526 1695 2587 audiens.

358 2632 501 2711 sapiens
517 2632 720 2710 sapiencior
735 2633 811 2705 erit,
836 2634 872 2693 et
888 2632 1086 2712 intelligens
1103 2631 1345 2712 gubernacula
1359 2632 1560 2711 possidebit
1578 2630 1625 2693 ›².
1655 2668 1695 2677 -

355 2737 404 2800 Et
427 2739 529 2809 inira,
554 2740 591 2799 in
614 2740 741 2801 eodem
763 2740 847 2801 libri
870 2738 961 2801 Pro
973 2740 1243 2801 verbiorum
1267 2739 1439 2800 exordio:
1469 2737 1697 2818 ‹Sapiencia

357 2843 444 2906 loris
468 2846 633 2925 predicat
656 2846 692 2906 in
715 2846 854 2926 plateis,
885 2847 949 2908 dat
983 2864 1108 2907 vocem
1143 2864 1254 2917 suam,
1279 2846 1315 2907 in
1349 2847 1468 2926 capite
1507 2828 1697 2908 turbarum

358 2952 539 3025 clamitat;
563 2953 600 3013 in
622 2950 760 3014 loribus
783 2956 969 3032 portarum
992 2954 1093 3015 urbis
1123 2954 1264 3032 profert
1295 2953 1407 3014 verba
1441 2972 1516 3024 sua,
1545 2954 1696 3015 dicens:

357 3057 561 3138 Usquequo,
586 3060 736 3139 parvuli,
763 3060 908 3140 diligitis
931 3057 1135 3130 infanciam,
1160 3062 1204 3132 et,
1230 3060 1323 3131 sulti,
1349 3077 1391 3121 ea
1412 3077 1483 3138 que
1503 3060 1612 3121 noxIa
1628 3061 1697 3122 sibi

357 3170 441 3227 sunt
465 3167 617 3245 cupient,
635 3169 672 3228 et
685 3167 930 3245 imprudentes
947 3167 1101 3228 odibunt
1118 3167 1337 3228 scienciam?
1356 3164 1404 3229 »³.
1423 3166 1522 3228 -In
1540 3168 1699 3246 capitulo

359 3290 501 3352 quoque
525 3276 662 3344 octavo,
686 3272 752 3335 hec
775 3272 883 3335 lotrix
907 3274 1063 3335 omnium
1087 3276 1149 3353 pia
1166 3273 1438 3335 clementissime
1454 3275 1530 3336 ait:
1563 3271 1696 3335 «Num-

360 3381 446 3459 quid
470 3399 540 3441 non
564 3381 746 3460 sapiencia
771 3382 929 3443 clamitat
953 3384 989 3442 et
1013 3381 1212 3461 prudencia
1235 3381 1299 3442 dat
1322 3399 1447 3442 vocem
1470 3399 1574 3442 suam
1589 3381 1606 3442 l
1621 3400 1637 3433 ι
1663 3382 1700 3441 in

359 3488 504 3549 summis
528 3488 677 3566 excelsis
700 3488 896 3549 verticibus
920 3506 1030 3568 supra
1053 3488 1159 3558 viam,
1184 3488 1221 3547 in
1243 3488 1371 3549 mediis
1409 3488 1548 3549 semitis
1587 3491 1699 3577 stans,

359 3594 457 3655 iuxta
480 3596 603 3673 portas
628 3595 782 3656 civitatis
807 3596 902 3655 etin
926 3595 1013 3673 ipsis
1035 3595 1173 3656 foribus
1188 3594 1355 3673 loquitur,
1374 3594 1496 3656 dicens
1524 3615 1532 3656 :
1559 3592 1614 3656 «O
1632 3596 1700 3656 viri

359 3700 408 3761 ad
429 3719 494 3763 vos
518 3702 672 3773 clamito,
698 3704 733 3763 et
755 3720 825 3763 vox
847 3720 927 3763 mea
950 3701 999 3763 ad
1012 3700 1107 3762 filios
1122 3700 1311 3772 hommum,
1328 3700 1524 3781 intelligite,
1544 3702 1699 3781 parvuli,

358 3809 534 3870 astuciam
557 3812 602 3879 et,
627 3808 844 3887 insipientes,
869 3809 1159 3881 animadvertite,
1178 3808 1302 3869 audite
1324 3809 1493 3887 quoniam
1517 3808 1564 3870 de
1590 3810 1698 3872 rebus

358 3916 494 3996 magnis
517 3916 681 3977 locutura
704 3933 791 3987 sum,
817 3919 853 3977 et
875 3916 973 3977 labia
995 3934 1076 3977 mea
1099 3916 1316 3994 aperientur,
1332 3919 1373 3976 ut
1388 3918 1487 4009 recta
1497 3916 1700 4007 predicent,

358 4024 548 4083 veritatem
570 4022 803 4084 meditabitur
825 4026 945 4101 guttur
968 4040 1097 4094 meum,
1127 4026 1163 4083 et
1189 4022 1288 4083 labia
1310 4041 1390 4084 mea
1420 4022 1699 4085 detestabuntur

359 4129 514 4209 impium,
540 4130 624 4191 iusti
647 4131 729 4191 sunt
752 4147 874 4190 omnes
898 4148 1083 4191 sermones
1111 4130 1191 4201 mei,
1215 4147 1287 4189 non
1311 4130 1424 4191 estin
1459 4130 1510 4190 eis
1545 4148 1699 4210 pravum

359 4237 447 4315 quid
469 4255 585 4315 neque
609 4254 837 4315 perversum,
863 4238 952 4298 recti
984 4238 1066 4298 sunt
1099 4236 1376 4315 intelligentibus
1412 4238 1447 4297 et
1482 4237 1565 4315 equi
1601 4238 1697 4299 inve·

359 4344 539 4406 nientibns
562 4345 754 4406 scienciam
775 4340 818 4404 »4.

470 4450 623 4530 Propter
656 4451 734 4519 hoc
757 4450 1071 4531 Augustinus,
1109 4450 1170 4529 qui
1215 4453 1333 4511 mente
1378 4450 1533 4511 laniatus
1581 4451 1698 4530 prImo
1712 4461 1744 4523 6,

360 4558 471 4639 ipsius
494 4558 740 4637 vilipendebat
761 4560 919 4620 velatum
940 4546 1139 4637 aspectum,
1163 4557 1219 4619 sui
1241 4557 1469 4637 postmodum
1492 4558 1699 4620 intellectus

467 4876 499 4938 a)
517 4890 552 4920 =
571 4874 777 4940 reprobatum.
815 4873 847 4937 b)
867 4890 901 4920 =
919 4875 1039 4926 auctor.

469 5015 489 5083 ¹)
509 5016 553 5071 ct.
578 5018 694 5079 Genes,
712 5017 735 5081 I,
755 5018 779 5070 1.

468 5104 488 5173 ')
508 5106 552 5160 Ci.
573 5108 725 5171 Proverb,
744 5108 875 5172 1,20·22.

469 5194 489 5261 ⁸)
508 5198 595 5260 Iota,
614 5198 691 5249 VIII.

467 5282 489 5353 ⁴)
507 5287 593 5350 lbra,
608 5287 685 5351 VIII,
706 5287 764 5340 1-9.
