4300 6117
454 836 520 900 330
928 904 931 913 .
959 852 1117 906 LUCULA
1140 851 1281 906 NOCTIS

453 1074 598 1135 modum
619 1074 656 1134 in
679 1092 750 1135 non
772 1076 898 1154 paucis
923 1076 1088 1138 domibus
1111 1077 1265 1157 imperat
1293 1096 1384 1139 uxor
1405 1079 1620 1158 obsequenti
1643 1081 1783 1152 marito,

452 1184 488 1242 et
511 1181 642 1261 gallina
656 1178 832 1243 vociferat
854 1183 916 1243 ubi
932 1184 1044 1262 gallus
1061 1184 1286 1246 obmutescit.
1311 1183 1414 1247 Hanc
1430 1188 1552 1248 tamen
1569 1187 1789 1265 particulam
1807 1237 1815 1247 .

452 1288 630 1350 cavillosis
647 1288 820 1367 relinquo,
838 1307 927 1361 cum,
945 1290 1107 1368 quolibet
1119 1292 1214 1363 dato,
1235 1294 1408 1371 sequatur
1422 1293 1598 1354 intentum
1609 1292 1629 1354 ¹.
1645 1326 1682 1334 -
1694 1292 1792 1354 Nam

451 1395 481 1456 si
505 1413 606 1456 amor
624 1395 681 1456 vel
704 1395 911 1467 delectacio,
938 1399 1063 1459 contra
1087 1399 1184 1477 quod
1208 1399 1357 1461 tercio
1381 1397 1551 1461 Contra
1574 1398 1784 1462 Gentiles

451 1505 595 1564 sanctus
619 1500 788 1563 Doctor
810 1503 953 1575 bellati,
987 1522 1067 1565 cum
1090 1505 1211 1584 palma
1233 1506 1270 1566 in
1295 1506 1411 1585 prima
1435 1510 1533 1569 sorte
1555 1507 1709 1569 humane
1733 1509 1784 1569 ie·

450 1610 596 1671 licitatis
611 1611 766 1688 ponatur
780 1610 816 1670 in
830 1612 899 1681 via,
916 1611 1014 1672 nulla
1030 1612 1210 1690 scriptura
1226 1612 1364 1674 reccius
1380 1612 1487 1675 docet
1502 1632 1634 1684 amare,
1660 1632 1779 1693 neque

451 1734 543 1795 eque
556 1716 733 1777 hominem
749 1716 894 1796 expedit
906 1718 953 1778 ad
970 1718 1173 1789 amandum,
1192 1719 1285 1780 sicut
1298 1720 1478 1782 instruunt
1494 1721 1638 1783 codices
1655 1721 1782 1783 sancti.

450 1822 560 1885 Istam
582 1827 723 1903 partem
745 1823 829 1885 libri
851 1823 1223 1898 Proverbiorum‚
1250 1824 1496 1906 Sapiencie
1520 1830 1556 1889 et
1578 1826 1787 1890 Ecclesi-

450 1935 549 1993 aste
572 1928 647 1992 fere
670 1949 736 2011 per
760 1933 872 1993 totum
895 1934 1040 1994 tuentur
1067 1934 1115 1993 ad
1142 1932 1328 2011 liquidum.
1353 1965 1397 1975 —
1412 1933 1544 1996 Verbis
1567 1933 1786 1997 leronimi

363 2028 367 2034 ’
449 2038 486 2098 in
502 2038 654 2117 epistola
677 2037 733 2099 ad
755 2037 1027 2100 Metriadem
1050 2042 1134 2101 utar
1149 2040 1359 2102 scribentis:
1387 2039 1561 2102 «Divinas
1577 2040 1791 2122 Scripturas-

450 2145 569 2224 sepius
592 2146 679 2225 lege,
714 2163 795 2226 ymo
820 2163 1002 2225 nunquam
1026 2147 1072 2208 de
1097 2147 1263 2208 manibus
1299 2148 1368 2208 tuis
1397 2165 1502 2209 sacra
1532 2148 1644 2210 leccio
1675 2149 1784 2227 depo-

448 2254 569 2314 natur:
594 2252 685 2313 scito
709 2253 745 2313 in
759 2250 954 2332 scripturis
970 2252 1112 2325 divinis,
1136 2272 1202 2333 per
1226 2272 1319 2333 quas
1345 2255 1440 2316 solas
1464 2257 1567 2334 potes
1590 2256 1699 2334 plane
1717 2255 1784 2317 Dei

448 2359 645 2439 intelligere
668 2338 897 2430 voluntatem,
930 2360 1115 2439 prohiberi
1139 2361 1307 2439 quedam.
1343 2362 1482 2441 precipi
1505 2361 1670 2441 quedam,
1703 2382 1784 2425 con·

449 2466 529 2527 cedi
564 2467 694 2545 aliqua,
732 2467 878 2528 suaderi
910 2468 1091 2538 nonnulla,
1131 2467 1371 2547 prohibentur
1392 2469 1497 2539 mala.
1536 2470 1789 2549 precipiuntur

447 2574 552 2644 bona,
571 2574 816 2635 conceduntur
831 2573 959 2646 media,
973 2576 1240 2654 persuadentur
1254 2577 1419 2655 perfecta
1431 2573 1444 2611 ³
1457 2598 1485 2637 ».
1506 2608 1545 2615 -
1561 2574 1724 2639 Accedat
1737 2576 1785 2638 ad

556 2963 576 3031 ¹)
596 2966 654 3019 Ces
676 2968 844 3033 «quidam»
864 2966 941 3019 dont
961 2966 996 3019 G.
1010 2966 1164 3019 Dominici
1181 2968 1256 3019 note
1274 2981 1353 3019 avec
1370 2966 1562 3035 indignation
1579 2968 1611 3019 la
1630 2967 1783 3020 tendance

447 3057 575 3123 d'esprit
593 3058 664 3109 sont
682 3055 770 3108 Dnns
785 3056 857 3109 Scot
875 3058 907 3108 et
924 3058 993 3109 tous
1010 3070 1088 3108 ceux
1099 3056 1140 3109 de
1154 3070 1212 3109 son
1224 3056 1320 3117 ocule,
1338 3056 1399 3108 tels
1413 3071 1474 3122 qne
1485 3055 1640 3108 Aureolus
1659 3053 1787 3122 (†1322)

448 3147 479 3198 et
497 3145 597 3198 Adam
616 3145 794 3198 Goddamus
820 3143 849 3211 (†
869 3145 958 3209 1358).
995 3144 1074 3211 De'ja
1093 3144 1118 3197 J.
1138 3145 1309 3211 Capreolus
1330 3145 1366 3198 0.
1385 3146 1418 3197 P.
1437 3147 1484 3199 les
1509 3146 1594 3199 avait
1612 3147 1785 3199 combattus

447 3236 527 3288 dans
546 3251 596 3288 ses
619 3233 820 3299 Defenstones
843 3236 1007 3303 theologiae
1029 3236 1102 3287 Dtvt
1131 3234 1260 3287 thomae
1280 3236 1340 3301 Aq.
1368 3234 1417 3299 (ci.
1442 3236 1514 3287 edit.
1535 3236 1787 3303 Pabau-Pegues,

448 3322 546 3378 Tonrs
566 3324 645 3387 1900,
660 3326 683 3377 t.
703 3325 757 3388 1,1
783 3323 924 3387 Sentent„
949 3326 1026 3376 Dist.
1046 3325 1067 3387 Ι,
1092 3327 1210 3390 quaest.
1229 3324 1289 3386 ΙΙΙ,
1316 3338 1345 3376 α.
1365 3325 1391 3387 2,
1409 3339 1438 3392 p.
1459 3324 1511 3377 1⁰6
1528 3324 1588 3391 sq.)
1624 3324 1685 3377 Sur
1703 3326 1785 3378 cette

448 3414 600 3468 direction
617 3414 1049 3482 theologico-philosophique,
1069 3414 1139 3466 voir
1157 3414 1190 3465 P.
1202 3414 1415 3476 MANDONNET,
1435 3412 1523 3481 Siger
1539 3416 1577 3465 de
1595 3414 1741 3466 Brabant
1758 3416 1788 3466 et

448 3504 661 3557 l'Averroisme
680 3504 762 3567 latta,
792 3519 822 3570 p.
839 3502 921 3555 LXII
940 3518 985 3570 sq.
1022 3502 1102 3555 Mais
1122 3502 1153 3555 C.
1173 3502 1307 3555 salutati
1336 3518 1371 3554 se
1399 3504 1467 3555 crnt
1492 3505 1611 3555 surtout
1635 3504 1704 3555 vise
1729 3518 1788 3570 par

449 3596 530 3647 cette
548 3594 644 3646 sortie
661 3593 846 3646 vehemente
865 3593 905 3645 de
923 3592 1096 3654 Dominici;
1122 3605 1158 3644 ce
1176 3592 1273 3644 serait
1296 3594 1397 3644 meme
1420 3593 1622 3660 uniquement
1640 3608 1721 3659 pour
1740 3594 1787 3645 re·

448 3685 567 3751 pondre
586 3682 605 3735 a
623 3684 704 3735 cette
731 3684 857 3749 attaque
882 3682 957 3749 qu'il
983 3681 1085 3734 aurait
1108 3682 1175 3747 pris
1193 3682 1223 3732 le
1243 3681 1325 3747 parti
1343 3682 1474 3734 d'ecrire
1492 3682 1511 3733 a
1529 3682 1696 3734 Dominici:
1725 3682 1786 3734 «Et

448 3788 532 3835 vere,
557 3772 606 3824 vir
632 3772 871 3841 religiosissime,
899 3772 925 3823 si
950 3770 1143 3823 nobilitatem
1167 3770 1344 3824 intellectus
1369 3772 1434 3823 tam
1452 3771 1601 3823 ardenter
1618 3786 1681 3824 non
1700 3773 1785 3825 ante·

448 3875 583 3929 poneres
601 3860 763 3923 voluntati,
786 3860 873 3927 cnjus
899 3860 1087 3928 oppositum,
1112 3876 1181 3913 cum
1208 3860 1248 3911 de
1273 3860 1436 3913 nobilitate
1461 3860 1564 3928 legum
1582 3862 1614 3912 et
1632 3860 1787 3913 medicine

448 3952 646 4014 dissererem,
670 3950 770 4015 posui,
796 3948 878 4002 torte
903 3949 1117 4017 responsionis
1137 3964 1225 4013 onus,
1250 3950 1364 4002 cedens
1382 3949 1558 4002 auctoritati
1576 3951 1630 4002 tue
1647 3951 1679 4002 et
1698 3965 1785 4003 reve·

448 4041 562 4103 rencie,
581 4040 776 4105 dimisissem,
794 4041 852 4092 etc.
870 4080 876 4090 .
894 4060 948 4091 ..ι
969 4037 1012 4091 ef.
1026 4040 1224 4106 Epistolarta
1239 4039 1340 4090 1v-1P.
1353 4054 1383 4105 p.
1396 4038 1457 4091 213.
1469 4067 1494 4074 -
1514 4038 1730 4091 Commentant
1748 4053 1784 4091 ce

448 4137 587 4198 passage,
614 4129 654 4181 Μ.
679 4129 792 4182 Novati
816 4144 894 4181 nous
922 4129 1064 4195 apprend
1093 4128 1184 4194 qu'en
1209 4127 1286 4180 etiet
1319 4128 1350 4181 C.
1376 4127 1506 4181 Salutati
1533 4128 1618 4180 avait
1642 4129 1720 4181 e'crit
1743 4144 1785 4181 nn

454 4219 551 4272 Traot.
564 4221 688 4287 insignis
707 4221 737 4271 et
754 4219 824 4285 eleg.
843 4219 880 4270 de
899 4218 1054 4271 nobtlttate
1073 4216 1784 4285 legumetmedtctnae,Venetiis,MDXXXX11‚

449 4311 480 4362 et
504 4308 566 4362 l’on
591 4308 717 4374 ponvait
735 4324 757 4377 y
775 4308 842 4371 lire,
867 4322 932 4373 cap.
952 4316 1036 4359 xxn:
1072 4305 1161 4376 Quod
1191 4308 1333 4359 voluntas
1361 4310 1408 4359 est
1434 4307 1565 4359 nobilior
1590 4307 1740 4359 intellectu
1768 4322 1788 4359 e

448 4402 549 4451 activa
568 4400 630 4450 vtta
654 4399 696 4449 stt
719 4397 924 4463 speculativae
946 4393 1166 4463 praeferenda,
1186 4412 1211 4448 c.
1230 4396 1298 4448 72A
1318 4411 1363 4463 sq.
1399 4396 1426 4448 11
1442 4398 1491 4448 est
1509 4397 1627 4449 certain
1644 4411 1707 4463 que
1724 4396 1786 4449 Do·

448 4488 552 4541 minici
569 4489 600 4541 et
619 4501 677 4539 son
695 4487 781 4539 eccle
798 4502 839 4539 ne
856 4486 1024 4554 pouvaient
1042 4486 1137 4554 gnere
1155 4485 1400 4538 s'accommoder
1418 4485 1510 4538 d'une
1524 4486 1698 4537 semblable
1713 4486 1785 4538 doc·

448 4578 538 4630 trine.
574 4576 761 4629 Neanmoins
786 4590 864 4629 nous
891 4590 1026 4643 pensons
1052 4589 1130 4628 avec
1152 4574 1264 4627 Novati
1292 4589 1354 4642 que
1381 4588 1417 4627 ce
1441 4589 1482 4627 ue
1503 4574 1602 4626 futla
1629 4575 1722 4641 qu’un
1740 4576 1785 4627 in·

448 4668 579 4736 genieux
596 4667 738 4733 protexte
756 4666 829 4718 saisi
848 4680 907 4732 par
925 4664 1056 4717 Salutati
1074 4679 1154 4732 pour
1173 4662 1325 4717 deiendre
1343 4678 1405 4716 une
1422 4662 1482 4717 lois
1501 4678 1615 4717 encore
1633 4664 1787 4718 desidees

448 4757 500 4825 qui
517 4756 562 4809 lui
580 4756 695 4809 e'taient
713 4756 830 4808 cheres.

557 4842 577 4911 ⁷)
596 4845 626 4898 S.
643 4841 748 4897 Tuom.
771 4844 882 4897 Contra
903 4844 988 4897 Gent.
1008 4844 1058 4907 ΙΙΙ,
1077 4853 1171 4906 xxm
1191 4842 1229 4895 ct.
1248 4843 1333 4896 aussi
1351 4843 1381 4894 Ιι
1395 4842 1459 4904 11⁸⁶,
1478 4842 1513 4915 Q.
1530 4842 1582 4905 111,
1600 4844 1627 4894 4.

558 4931 578 4998 Η)
596 4934 749 4987 Dominici
767 4934 901 4987 attribue
920 4948 1033 4986 encore
1051 4933 1070 4985 a
1091 4933 1121 4986 S.
1137 4934 1261 4986 Jerome
1280 4934 1361 4985 cette
1379 4933 1472 4985 lettre
1489 4932 1508 4985 a
1527 4932 1712 4995 Demetrias,
1726 4930 1785 4997 qui,

449 5039 490 5077 en
507 5025 625 5087 restite,
644 5026 692 5076 est
705 5024 815 5076 deson
827 5023 939 5076 mortel
953 5024 1077 5075 ennemi
1093 5022 1215 5089 Pe'lage.
1233 5022 1319 5073 Bene
1331 5022 1403 5089 ddja
1417 5022 1497 5074 dans
1514 5036 1563 5074 ses
1581 5020 1742 5073 Commeat.
1756 5023 1786 5073 tn

451 5114 577 5166 Cantica
602 5113 686 5166 avait
713 5112 810 5179 reiete
833 5111 1052 5165 l'authenticitd
1070 5112 1111 5164 de
1129 5113 1211 5165 cette
1228 5112 1331 5173 lettre,
1355 5124 1429 5163 saus
1447 5109 1594 5164 toutefois
1612 5109 1793 5163 l'attribuer
