4300 6117
849 908 1036 965 IOHANNIS
1059 908 1240 962 DOMINICI

811 1500 1015 1607 [CAPUT
1055 1497 1287 1604 XXXHl

485 1857 647 1945 [NJititur
681 1867 780 1928 racio
803 1867 905 1928 sexta
941 1862 1134 1925 ostendere
1157 1862 1302 1925 inanem
1329 1859 1522 1922 utilitatem
1547 1877 1590 1920 ex
1614 1877 1712 1920 mun·

373 1972 478 2033 danis
501 1973 666 2035 scienciis
690 1973 880 2053 provenire
902 1968 1127 2050 Xpistianis¹,
1160 1970 1217 2031 cui
1240 1969 1334 2031 hunc
1358 1968 1550 2029 articulum
1573 1969 1712 2028 sextum

373 2096 533 2158 oppono:
566 2077 759 2141 Utilius
784 2083 862 2142 est
885 2077 1184 2159 Xpistianis
1208 2080 1378 2138 terram
1401 2092 1550 2147 arare,
1577 2091 1711 2152 quam

372 2186 640 2266 gentilium
665 2178 679 2269 ΙΙ
704 2187 986 2249 intendere
1017 2185 1185 2246 libris.
1213 2220 1253 2227 —
1802 2172 1920 2234 B62f⁰

478 2372 557 2435 Hoc
580 2376 776 2455 capitulum
800 2376 988 2437 declarare
1011 2393 1055 2435 ex
1076 2373 1194 2435 tribus
1210 2326 1524 2452 proposicionibus
1548 2368 1642 2430 notis
1659 2368 1710 2428 in·
1728 2367 1757 2431 1.

371 2481 492 2542 tendo.
516 2479 676 2566 Quarum
698 2482 825 2562 prima,
849 2482 917 2543 hec
940 2484 1011 2543 est:
1036 2471 1277 2542 1d⁸alicui¹³
1304 2481 1373 2540 est
1397 2477 1567 2549 utilius,
1593 2475 1711 2554 quod

373 2590 441 2648 est
464 2588 553 2650 sibi
576 2608 598 2650 a
621 2588 711 2651 Deo
735 2589 1007 2669 specialiter
1031 2588 1310 2667 imperatum.
1335 2575 1350 2667 lt
1799 2580 1917 2644 L78=0

480 2711 655 2785 Secunda,
691 2715 729 2776 id
758 2717 828 2776 est:
866 2712 1047 2775 Homini
1083 2711 1354 2775 censendum
1382 2710 1555 2780 utilius,
1592 2708 1710 2787 quod

372 2822 440 2881 est
463 2820 507 2880 in
530 2838 576 2881 se
600 2821 846 2883 honestius.

483 2922 613 2989 Tereia
636 2928 683 2989 sit
706 2928 788 2990 hec:
812 2927 933 2989 Illud
957 2918 1025 2989 est
1048 2927 1295 3006 unicuique
1318 2925 1489 2997 utilius,
1516 2924 1633 3004 quod
1655 2923 1711 2984 ad

370 3033 553 3095 beatam
576 3036 716 3096 vitam
739 3054 834 3096 eum
859 3034 1008 3096 tucius
1032 3038 1075 3096 et
1099 3032 1287 3097 facilius
1311 3033 1447 3095 ducit.

482 3219 609 3282 Nullus
633 3241 720 3283 sane
743 3222 882 3293 mentis,
909 3239 981 3301 quo
997 3224 1140 3301 spectat
1163 3221 1212 3282 ad
1234 3221 1524 3300 proposicionem
1543 3220 1711 3299 priorem,
1726 3220 1757 3283 2.

372 3328 520 3406 antiquo
556 3329 695 3390 colubri
729 3330 879 3391 credere
912 3331 1042 3408 potest,
1067 3328 1182 3389 Deum
1217 3329 1379 3389 invidere
1413 3327 1567 3388 humano
1591 3326 1712 3406 generi

371 3435 521 3497 trisulca
555 3436 676 3515 lingua
699 3436 901 3498 mencienti.
940 3435 1018 3497 Non
1050 3438 1106 3497 est
1139 3437 1274 3515 quippe
1308 3434 1499 3496 invidentis
1533 3433 1712 3495 hominem

371 3542 444 3603 tam
468 3542 670 3621 speciosum
699 3561 853 3614 creasse,
888 3544 937 3606 ad
960 3562 1063 3606 suam
1099 3543 1255 3604 nobilem
1290 3542 1490 3623 ymaginem
1525 3539 1710 3622 figurasse,

371 3666 456 3710 vere
479 3650 716 3711 beatitudinis
754 3670 926 3730 capacem
960 3649 1091 3712 fecisse
1126 3654 1162 3712 et
1196 3651 1454 3728 expectantem,
1490 3650 1610 3710 omnia
1644 3650 1710 3710 sub

370 3756 523 3835 pedibus
547 3758 623 3819 eius
648 3757 855 3830 subiecisse,
891 3760 928 3818 in
950 3758 1031 3819 loco
1054 3758 1284 3819 amenissimo
1310 3756 1516 3829 collocasse,
1554 3755 1711 3818 consiliis

369 3864 562 3943 preceptis,
587 3866 773 3943 sapiencia
797 3868 832 3926 et
847 3865 1042 3926 virtutibus
1065 3865 1227 3926 mirificis
1253 3866 1455 3938 decorasse,
1482 3865 1547 3926 sed
1571 3864 1710 3926 cordia·

370 3970 515 4043 lissime,
541 3974 586 4044 et,
622 3975 661 4033 ut
697 3974 748 4034 sic
771 3973 910 4051 loquar,
947 3973 1053 4033 nimis
1076 3972 1231 4033 amantis
1256 3971 1390 4033 indicia
1428 3974 1528 4034 certa
1552 3973 1587 4033 et
1611 3972 1710 4051 signa

370 4078 537 4155 patencia
555 4079 728 4141 caritatis.
745 4078 910 4141 Amantis
926 4082 1047 4140 autem
1064 4078 1224 4141 officium
1248 4081 1301 4141 est
1317 4080 1415 4140 iuxta
1432 4082 1577 4157 captum
1592 4081 1712 4139 amato

371 4184 417 4245 de
451 4186 660 4247 melioribus
695 4186 900 4266 providere.
941 4184 1072 4271 Quare,
1109 4186 1397 4248 indubitabiliter
1428 4188 1482 4247 est
1505 4186 1708 4255 tenendum,

370 4292 586 4371 quicumque
602 4312 625 4354 a
639 4293 717 4355 Deo
742 4299 872 4355 cuncta
894 4294 1039 4365 sciente,
1064 4295 1111 4363 et,
1136 4296 1176 4354 ut
1191 4291 1382 4373 prefertur,
1400 4292 1578 4355 hominem
1595 4292 1710 4371 singu·

368 4398 546 4461 larissime
569 4400 749 4480 diligente,
776 4404 885 4480 atque
910 4402 1165 4479 omnipotente,
1190 4400 1429 4479 providentur
1452 4399 1578 4473 eidem,
1614 4398 1710 4461 facto

368 4506 427 4568 vel
452 4508 576 4579 verbo,
613 4509 728 4569 eciam
761 4510 792 4569 si
826 4527 919 4587 pene
953 4508 1171 4569 abdicuntur
1194 4505 1398 4579 infernales,
1434 4507 1485 4567 illi
1519 4506 1711 4568 utilissima

367 4611 454 4675 fore.
495 4612 601 4685 Puta,
638 4616 700 4693 qui
724 4633 867 4694 semper
891 4615 988 4695 eligit
1021 4615 1060 4676 id
1085 4615 1182 4693 quod
1214 4618 1267 4676 est
1291 4615 1416 4694 pocius
1445 4617 1480 4677 et
1504 4612 1708 4693 perfectius,

372 4822 585 4831 —-—

480 5006 513 5065 a)
531 5019 565 5049 :
586 5003 653 5055 hoc.
691 5004 722 5067 b)
742 5030 773 5039 --
795 5003 894 5056 alicui.

478 5177 501 5244 ¹)
522 5179 567 5231 (ἰὶ.
587 5195 692 5245 supra,
712 5180 784 5247 Cap.
803 5190 844 5243 vl,
863 5196 892 5247 p.
911 5182 956 5234 47.
