4300 6117
850 867 1037 921 IOHANNIS
1060 865 1243 919 DOMINICI

704 1900 707 1906 -
837 1827 1049 1934 [CAPUT
1081 1825 1290 1931 XLIV.l

500 2267 779 2355 [R]esponsurus
802 2275 851 2336 ad
874 2274 1142 2354 opposicionem
1164 2273 1399 2346 undecimam,
1424 2273 1481 2336 hic
1515 2273 1725 2336 undecimus

390 2383 465 2444 duo
488 2382 736 2461 principaliter
759 2380 955 2443 continebit
979 2381 1160 2442 articulus.
1192 2380 1354 2453 Primo,
1380 2380 1562 2442 dicetur
1584 2380 1725 2442 huma·

393 2507 491 2551 num
528 2499 664 2568 genus
688 2490 731 2550 in
772 2488 932 2550 malum
969 2505 1069 2549 esse
1107 2488 1370 2567 proclivum.
1423 2523 1463 2530 -
1502 2484 1724 2560 Secundo,

393 2596 627 2676 gentilium
650 2585 1022 2678 phylosophiaml}
1047 2595 1250 2675 previam
1273 2593 1370 2656 fore
1394 2595 1449 2656 ad
1473 2612 1642 2656 omnem
1666 2613 1727 2657 er·
1804 2600 1946 2663 L114ro

393 2721 547 2765 rorem.

501 2950 696 3031 Postquam
719 2952 812 3013 enim
835 2969 983 3030 serpens
1007 2952 1175 3031 antiquus
1212 2951 1389 3013 hominem
1421 2951 1597 3013 sauciavit
1632 2969 1728 3012 erro·
1744 2939 1772 3001 1·

394 3059 443 3121 ris
468 3059 549 3130 telo,
573 3061 713 3139 partem
736 3059 991 3120 intellectivam
1016 3061 1168 3128 tenente,
1193 3061 1233 3120 ut
1255 3057 1337 3119 fieri
1354 3059 1496 3130 assolet,
1520 3059 1728 3120 debilitatus

395 3166 454 3226 ille
477 3167 514 3227 in
537 3184 602 3226 sua
625 3165 846 3228 nobilissima
869 3166 1039 3244 porcione
1063 3168 1100 3228 et
1124 3166 1173 3227 ad
1196 3164 1308 3226 hostis
1332 3166 1527 3245 aspectum,
1546 3165 1638 3227 sicut
1662 3165 1728 3226 sub

394 3274 567 3353 accipitre
591 3273 727 3346 turdus,
751 3274 868 3334 factus
891 3276 947 3334 est
968 3273 1142 3353 pavidus;
1168 3273 1205 3334 et
1227 3273 1304 3344 iste,
1330 3291 1373 3334 ex
1395 3273 1510 3351 potito
1548 3271 1728 3350 triumpho

395 3380 577 3454 audacior,
602 3399 674 3441 non
696 3380 811 3455 sotum
833 3380 929 3442 vires
952 3381 1155 3459 assumpsit,
1181 3379 1246 3441 sed
1270 3379 1375 3458 quasi
1408 3380 1506 3441 venit
1542 3380 1578 3438 in
1615 3397 1728 3452 usum,

395 3490 435 3549 ut
457 3488 487 3549 is
510 3487 731 3548 incessanter
753 3486 903 3549 invadat
926 3487 963 3549 et
994 3486 1055 3548 ille
1077 3486 1233 3549 faciliter
1256 3475 1396 3567 cadatll.
1422 3483 1481 3547 Sic
1506 3504 1591 3547 reor
1613 3485 1729 3566 legen·
1817 3480 1847 3542 B
1862 3479 1935 3543 98το

396 3595 481 3656 dum
504 3594 720 3655 dominicum
742 3593 892 3655 verbum
915 3596 988 3655 tam
1011 3593 1158 3655 realiter
1189 3611 1297 3673 quam
1326 3591 1534 3673 parabolice
1557 3592 1730 3671 adimple·

395 3705 480 3774 tum,
505 3718 576 3779 quo
600 3702 736 3762 dictum
759 3701 813 3762 est
836 3699 1013 3762 Hebreis:
1049 3699 1117 3760 «A
1139 3699 1232 3763 facie
1270 3700 1417 3761 terroris
1450 3699 1554 3761 unius
1589 3699 1731 3780 fugietis

396 3811 503 3871 eto.»
521 3826 588 3887 per
600 3806 784 3889 Ysayam
794 3805 814 3869 ¹.
832 3839 877 3849 —
893 3805 1005 3870 Scivit
1021 3807 1116 3869 enim
1132 3823 1199 3887 per
1215 3807 1406 3880 racionem,
1423 3807 1521 3886 quod
1538 3807 1610 3868 iam
1627 3825 1731 3885 expe·

396 3915 531 3977 riencia
554 3915 692 3976 cercius
715 3915 823 3986 novit,
849 3915 947 3994 quod
971 3914 1143 3994 quamdiu
1166 3913 1227 3975 ille
1250 3913 1390 3975 deicola
1412 3914 1450 3974 in
1477 3932 1616 3975 summa
1647 3932 1732 3976 arce

396 4023 460 4096 sui,
487 4039 558 4101 que
579 4020 797 4084 intellectiva
820 4024 980 4096 vocatur,
1004 4023 1224 4101 persisteret,
1250 4040 1330 4083 eum
1363 4021 1508 4083 vincere
1542 4039 1614 4082 non
1650 4039 1732 4099 pos·

396 4131 468 4202 set;
507 4127 679 4190 machinis
717 4140 801 4209 ergo
836 4147 999 4192 errorum
1036 4147 1178 4191 sursum
1212 4129 1369 4199 directis,
1393 4130 1433 4190 ut
1469 4127 1654 4207 paululum
1683 4129 1731 4189 ab

396 4235 585 4298 altitudine
611 4235 926 4316 contemplacionis
950 4236 1070 4298 divine
1104 4235 1265 4298 deflexus
1299 4235 1542 4305 inclinaretur,
1567 4234 1616 4296 ad
1650 4252 1732 4315 yma

397 4344 545 4424 rogavit,
570 4341 704 4417 dicens,
728 4343 867 4422 arguite
889 4345 957 4405 sub
991 4342 1220 4422 sophismate,
1254 4342 1389 4422 primo:
1426 4340 1536 4403 «Cur
1568 4341 1733 4421 precepit

397 4450 499 4512 vobis
522 4448 629 4523 Deus,
652 4451 692 4511 ut
723 4469 795 4513 non
827 4450 874 4511 de
908 4451 1004 4512 omni
1040 4450 1136 4530 ligno
1170 4449 1332 4530 paradisi
1355 4448 1659 4512 commederetis?
1677 4467 1692 4501 »
1710 4446 1731 4509 ².

396 4556 475 4619 Non
499 4558 721 4636 questionem
745 4558 886 4629 amoris,
911 4558 977 4620 sed
1000 4558 1214 4638 cognicionis
1238 4555 1415 4630 formavit,
1432 4557 1548 4618 sciens
1563 4574 1606 4617 ex
1628 4556 1734 4634 patre

505 5022 528 5090 ¹)
547 5024 592 5078 Cf.
610 5026 682 5078 lsai.
703 5024 794 5089 XXX,
815 5025 860 5076 17.

505 5119 527 5188 ²)
546 5121 590 5176 cf.
612 5123 718 5177 Genes.
737 5123 788 5188 111,
809 5123 833 5174 1.
