4300 6117
971 870 1130 925 LUCULA
1153 869 1292 925 NOCTIS

927 1616 1139 1723 [CAPUT
1175 1616 1315 1723 XX.]

574 1976 836 2063 [T]angendum
860 1986 915 2045 est
929 1984 967 2045 in
981 1982 1049 2045 boc
1072 1983 1226 2045 articulo
1241 1984 1410 2055 secundo,
1434 1984 1533 2045 iuxta
1548 1984 1762 2063 promissum
1772 1983 1791 2057 ¹,

462 2090 588 2169 quod
625 2089 1026 2169 philosophorum
1064 2089 1373 2152 tradiciones
1411 2090 1542 2151 fidei
1588 2091 1793 2152 sinceri·

461 2195 680 2259 latisint
717 2197 934 2259 adverse.

414 2355 444 2419 1.
568 2355 617 2419 Et
642 2358 768 2435 primo,
792 2375 1023 2436 presuppono
1046 2375 1130 2419 cum
1147 2374 1289 2435 semper
1305 2357 1538 2419 memorando
1561 2356 1793 2438 Augustino

460 2464 509 2524 nil
545 2464 713 2525 subtilius
748 2462 823 2526 fide
857 2464 1001 2543 requiri,
1040 2464 1090 2524 nil
1125 2456 1341 2525 fructuosius
1374 2464 1534 2535 inveniri,
1571 2465 1636 2526 sed
1670 2465 1794 2527 nullibi

459 2571 699 2650 periculosius
725 2571 848 2644 errari,
885 2571 1040 2649 ideoque
1068 2571 1273 2632 cautissime
1294 2571 1535 2633 incedendum
1559 2574 1622 2643 est,
1648 2590 1729 2633 cum
1752 2590 1795 2633 ea

460 2696 530 2758 que
558 2682 641 2740 sunt
665 2674 757 2739 fidei
777 2680 979 2739 tractantur
988 2677 1008 2738 ².
1023 2710 1063 2718 —
1081 2676 1257 2756 Secundo,
1294 2676 1486 2740 cumPaulo
1510 2696 1577 2758 per
1598 2697 1638 2740 se
1672 2681 1794 2741 notum

459 2785 638 2865 premitto‚
678 2785 776 2864 quod
800 2784 892 2846 lides
917 2789 971 2847 est
1000 2786 1209 2847 substancia
1233 2785 1495 2864 sperandarum
1527 2804 1657 2855 rerum,
1694 2797 1794 2865 argu-

459 2895 617 2954 mentum
648 2911 721 2953 non
744 2888 1032 2972 apparencium³,
1049 2872 1150 2970 quod
1176 2909 1243 2971 pro
1259 2894 1364 2971 parte
1379 2892 1537 2954 secunda
1553 2893 1605 2954 sic
1620 2892 1794 2973 intelligo:

459 2999 558 3078 quod
582 2999 628 3060 de
655 3018 726 3060 non
749 2999 845 3071 visis,
869 3018 933 3060 seu
957 2999 1003 3060 de
1026 3016 1098 3060 non
1133 2999 1391 3077 apparentibus
1425 3016 1491 3077 per
1524 3000 1619 3061 viam
1656 3004 1793 3071 nature,

461 3106 596 3169 nullum
639 3108 694 3167 est
728 3107 910 3167 robustius
948 3109 1195 3186 argumentum
1230 3124 1337 3184 quam
1374 3104 1476 3167 fides.
1494 3137 1533 3145 —
1549 3102 1689 3179 Tercle,
1729 3125 1795 3186 pro

460 3212 694 3275 fundamento
731 3214 868 3274 dictum
901 3212 1021 3292 Xpisti
1049 3212 1205 3290 accipio:
1240 3213 1386 3285 scilicet,
1420 3212 1519 3291 quod
1541 3232 1594 3284 ea.
1619 3192 1690 3292 que
1713 3216 1795 3275 sunt

461 3321 557 3392 fidei,
604 3318 701 3382 Deus
737 3320 911 3400 gloriosus
946 3319 1137 3382 abscondit
1163 3337 1185 3380 a
1223 3320 1445 3398 sapientibus
1482 3321 1519 3381 et
1557 3320 1794 3398 prudentibus

461 3428 565 3490 huius
587 3428 720 3498 mundi.
747 3430 782 3489 et
805 3428 979 3489 revelavit
1002 3444 1046 3488 ea
1068 3426 1228 3506 parvulis
1246 3424 1268 3487 4.

415 3528 446 3589 2.
573 3534 674 3596 Nunc
694 3534 777 3596 volo
800 3534 933 3613 triplici
956 3534 1100 3595 racione
1136 3533 1293 3613 probare
1328 3552 1409 3594 non
1441 3552 1566 3613 posse
1600 3553 1675 3614 per
1708 3538 1794 3598 stu·

343 3642 371 3673 ‘⁰
461 3632 604 3724 diumii
624 3641 972 3722 philosophorum
996 3640 1124 3702 iidem
1150 3640 1300 3701 haberi
1323 3658 1458 3719 neque
1474 3642 1689 3725 roborari,
1721 3641 1794 3704 sed

461 3750 635 3811 facilius
671 3748 860 3810 habitam
893 3748 1024 3827 perdi.
1043 3780 1082 3789 -
1102 3746 1221 3808 Prima
1245 3747 1342 3808 racio
1367 3750 1430 3819 est,
1467 3748 1552 3825 quia
1574 3748 1794 3828 disputando

460 3875 527 3936 per
549 3858 646 3919 viam
684 3858 822 3928 nature,
857 3855 1108 3934 persuasiones
1144 3856 1190 3916 ab
1225 3854 1408 3915 intellectu
1446 3854 1648 3918 humanitus
1687 3858 1794 3935 capte

460 3965 575 4026 solum
599 3966 819 4043 apparenter
841 3961 1052 4041 procedunt.
1072 3959 1297 4023 —Secunda
1321 3963 1384 4032 est,
1409 3962 1495 4039 quia
1517 3964 1664 4041 superbi
1687 3966 1725 4025 et
1748 3963 1793 4024 de

459 4072 608 4152 propria
642 4071 775 4132 virtute
810 4070 946 4141 confisi,
983 4069 1235 4139 asseverando,
1268 4068 1306 4129 in
1339 4066 1526 4146 quodlibet
1562 4070 1793 4131 adinventum

460 4180 698 4259 prorumpunt
722 4182 757 4240 et
791 4178 1024 4257 pertinaciter
1056 4176 1118 4236 illa
1152 4173 1359 4237 detendunt.
1389 4208 1427 4215 —
1452 4171 1583 4239 Tereia
1606 4178 1705 4239 racio
1728 4180 1791 4248 est,

460 4286 546 4365 quia
569 4303 657 4346 vera
680 4285 757 4347 sine
779 4284 952 4346 falsorum
974 4284 1129 4345 mixtura
1152 4302 1222 4344 non
1246 4283 1403 4345 tradunt.

567 4392 644 4455 Hec
669 4393 739 4454 tria
762 4394 848 4454 nota
869 4393 961 4462 sunt,
987 4395 1023 4453 et
1047 4393 1168 4452 tamen
1190 4391 1270 4469 ipsa
1293 4389 1448 4452 declaro.

459 4590 672 4600 ——-——

566 4769 587 4836 ¹)
607 4770 652 4824 ef.
670 4785 777 4837 supra,
794 4786 824 4837 p.

567 4858 588 4925 ¹)
607 4859 637 4913 S.
656 4861 731 4928 Aug.
749 4862 796 4912 De
819 4858 963 4912 Tnnttate
981 4859 1003 4922 1,
1022 4872 1088 4925 cap.
1108 4867 1148 4909 111.
1180 4857 1268 4911 Cette
1285 4860 1419 4913 maxime
1437 4876 1471 4915 se
1487 4861 1636 4928 rapporte
1654 4876 1718 4913 non
1734 4873 1792 4927 pas

460 4948 480 5001 a
497 4950 529 5003 la
546 4950 591 5004 toi
609 4964 650 5003 en
668 4949 804 5018 general,
821 4948 900 5000 mais
919 4949 937 5000 a
955 4947 986 5000 la
1004 4944 1130 5000 Trinite.

568 5036 588 5105 ⁸)
608 5039 638 5092 S.
657 5039 767 5102 Pron,
785 5040 829 5090 ad
844 5039 947 5101 Hebr„
965 5037 1017 5101 XI,
1036 5038 1060 5089 1.

567 5126 590 5193 ⁴)
609 5126 639 5181 S.
658 5126 792 5190 Murra,
809 5127 860 5185 xl,
879 5128 921 5179 25.
