4300 6117
846 933 1033 987 IOHANNIS
1055 931 1236 986 DOMINICI
1642 921 1706 984 381

374 1157 535 1220 virtuose
556 1159 728 1221 viventes.
767 1157 833 1220 Est
867 1158 962 1220 enim
995 1159 1094 1238 apud
1117 1157 1302 1219 Platonem
1338 1159 1373 1218 et
1395 1155 1598 1219 Varronem
1625 1159 1709 1237 post
1769 1217 1774 1228 ,

376 1283 456 1328 enm
479 1266 616 1337 beatus,
640 1265 702 1344 qui
724 1265 814 1326 vivit
836 1264 1033 1327 secundum
1053 1262 1247 1336 virtutem1,
1273 1264 1371 1343 quod
1393 1264 1538 1326 instruit
1553 1263 1615 1326 illa
1632 1263 1707 1342 phi-

375 1371 547 1452 losophia,
565 1389 636 1452 que
651 1371 759 1434 docet
774 1372 873 1452 apud
890 1372 1066 1444 eumdem,
1092 1375 1240 1434 auctore
1255 1369 1486 1443 Macrobio,
1511 1371 1628 1450 primo
1648 1368 1709 1433 De

378 1476 557 1558 Sompno
581 1476 798 1559 Scipionis
824 1481 1081 1558 contempnere
1096 1478 1285 1540 illecebras
1302 1478 1463 1558 corporis
1480 1480 1516 1539 et
1533 1478 1707 1557 peccata².

377 1585 531 1666 Pergant
553 1586 661 1666 igitur
682 1603 804 1647 omnes
820 1586 933 1648 nostri
958 1585 995 1647 in
1018 1585 1123 1647 huius
1140 1585 1334 1665 amplexus,
1351 1585 1502 1665 vestigia
1519 1588 1710 1664 sequentes

378 1690 540 1773 Gregorii
564 1693 734 1756 nazazeni
747 1695 771 1762 ⁸,
796 1692 966 1754 dicentis:
1009 1691 1148 1754 «Posui
1173 1703 1236 1771 ego
1260 1692 1314 1753 ori
1337 1710 1417 1754 meo
1451 1691 1651 1754 custodiam
1676 1695 1711 1754 et

378 1799 482 1862 labiis
504 1800 594 1862 meis
617 1799 802 1863 silencium
825 1798 920 1874 dedi,
946 1817 1057 1879 quum
1080 1800 1247 1861 videbam
1271 1816 1493 1879 consequens
1517 1816 1596 1861 esse
1611 1800 1711 1879 prius

377 1924 487 1987 opere
508 1906 733 1987 philosophie
756 1906 902 1987 pnrgari
926 1910 1084 1969 mentem
1101 1906 1245 1983 debere,
1271 1907 1379 1968 etita
1403 1889 1546 1968 demum
1569 1906 1712 1986 aperire

378 2032 429 2088 os,
453 2016 490 2076 et
512 2014 679 2076 atrahere
702 2014 875 2093 spiritum,
900 2017 1011 2093 atque
1036 2015 1203 2076 eructare
1218 2013 1368 2075 verbum
1390 2014 1533 2086 bonum,
1558 2016 1595 2075 et
1614 2012 1712 2091 loqui

379 2119 446 2182 Dei
468 2122 687 2200 sapienciam
710 2122 862 2200 perlecti
885 2122 979 2182 inter
1001 2122 1182 2201 perfectos
1198 2140 1226 2182 ι.
1264 2118 1341 2182 Hec
1365 2120 1433 2182 iste
1456 2120 1492 2181 in
1514 2120 1628 2182 libro
1652 2119 1713 2181 De

345 2247 349 2253 ·
379 2228 504 2290 lande
527 2228 614 2289 vite
635 2226 894 2290 monastice³.
912 2263 954 2271 -
971 2226 1040 2290 Hic
1055 2229 1284 2307 reperiuntur
1299 2246 1370 2289 non
1385 2229 1525 2290 tantum
1541 2228 1577 2288 in
1592 2227 1713 2288 verbis

379 2335 510 2408 fienda,
535 2335 601 2396 sed
624 2335 737 2398 eciam
760 2334 797 2395 in
821 2334 995 2414 exemplis
1020 2337 1226 2396 sanctorum
1249 2335 1319 2395 iam
1335 2336 1441 2406 tacta,
1466 2353 1576 2414 quum
1592 2335 1628 2395 in
1644 2333 1712 2396 hiis

380 2440 525 2504 Litteris
559 2441 693 2504 sanctis
716 2442 867 2522 reperiri
902 2442 1078 2522 contingit
1100 2440 1193 2503 Abel
1217 2442 1458 2514 devocionem,
1482 2440 1608 2504 Enoch
1632 2460 1713 2503 con·

382 2548 663 2628 templacionem,
700 2547 777 2611 Noe
799 2548 1062 2621 credulitatem,
1087 2547 1209 2610 Abrae
1232 2549 1453 2622 fidelitatem,
1477 2547 1599 2610 Ysaac
1622 2549 1714 2628 pati·

381 2655 528 2728 enciam,
563 2653 672 2717 Iacob
695 2654 939 2735 prudenciam,
976 2655 1106 2736 Ioseph
1130 2655 1342 2729 castitatem,
1373 2655 1492 2738 Moysi
1515 2656 1711 2728 caritatem,

380 2761 508 2824 Finees
532 2764 694 2824 sanctam
718 2762 984 2832 emulacionem,
1021 2762 1144 2825 Aaron
1168 2763 1337 2824 devotam
1359 2763 1592 2834 oblacionem,
1626 2761 1715 2825 Iude

382 2869 580 2941 audaciam,
605 2868 710 2931 Iosue
725 2868 998 2942 confidenciam,
1024 2867 1206 2931 Otthoniel
1221 2869 1482 2942 rectitudinem,
1505 2867 1714 2950 sampsonis

382 2974 637 3049 fortitudinem]
672 2974 769 3038 Booz
815 2977 1118 3055 equanimitatem,
1156 2975 1331 3039 Samuelis
1364 2977 1611 3058 integritatem,
1650 2976 1715 3039 Iob

383 3083 670 3163 redargnciones,
694 3078 833 3145 Thobie
856 3085 1118 3164 correpciones,
1154 3083 1273 3145 David
1296 3083 1589 3156 miserIcordiam,
1616 3082 1716 3146 Salo·

382 3189 497 3251 monis
519 3190 769 3270 penitenciam,
793 3188 908 3272 Helye
924 3191 1040 3253 zelum
1054 3191 1210 3271 pietatis,
1235 3189 1373 3253 Helizei
1396 3191 1511 3254 celum
1535 3191 1715 3270 equitatis,

382 3295 503 3378 Ysaye
527 3296 769 3369 stabilitatem,
793 3296 943 3361 Ieremie
967 3298 1305 3378 magnanimitatem,
1329 3297 1528 3361 Ezechielis
1552 3299 1715 3378 rigorem,

383 3401 542 3466 Danielis
565 3405 736 3477 favorem,
770 3403 947 3466 Mathatie
972 3404 1156 3486 singultus,
1194 3404 1354 3484 Indeque
1390 3405 1516 3478 cultus,
1551 3404 1717 3467 Eleazari

383 3528 543 3572 amorem
574 3511 703 3590 patrie,
739 3509 846 3573 Rasie
875 3512 1030 3574 virorem
1065 3512 1171 3574 latrie
1205 3512 1411 3592 angelorum
1447 3512 1716 3583 exultacionem,

384 3615 546 3698 Baptiste
570 3617 837 3690 confessionem,
877 3617 995 3698 Xpisti
1019 3617 1162 3681 Domini
1185 3619 1442 3692 obedienciam,
1480 3618 1609 3682 Matris
1642 3621 1718 3682 eius

383 3724 637 3797 innocencium,
673 3723 771 3786 Petri
802 3725 1115 3807 longanimitatem,
1140 3725 1243 3788 Pauli
1267 3726 1533 3799 sublimitatem,
1572 3725 1718 3789 Andree

384 3831 626 3912 magisterium
648 3832 686 3893 in
709 3850 824 3904 cruce,
859 3830 982 3894 Iacobi
1005 3833 1226 3894 desiderium
1249 3833 1286 3894 in
1309 3832 1398 3906 luce,
1431 3831 1600 3896 Iohannis
1624 3835 1718 3913 sapi·

385 3938 532 4010 enciam,
556 3933 691 4000 Thome
715 3938 916 4012 scienciam,
938 3938 1126 4020 Alpheidis
1150 3940 1337 4012 iusticiam,
1362 3939 1518 4020 Philippi
1542 3941 1718 4022 refulgen-

387 4045 488 4117 ciam,
523 4038 765 4107 Bartholomei
799 4046 1033 4118 nobilitatem,
1067 4045 1206 4108 Mathei
1232 4064 1356 4109 veram
1391 4049 1629 4121 sanctitatem,
1665 4046 1720 4110 Si·

389 4285 600 4298 *—

494 4490 528 4553 α)
545 4485 702 4540 nazazcni.

496 4661 520 4731 ¹)
539 4663 574 4716 A.
593 4663 737 4717 MACROB.
755 4665 792 4716 In
812 4663 912 4717 Somn.
931 4661 1012 4730 Scip.
1030 4662 1052 4726 I,
1070 4671 1134 4726 xm,
1153 4663 1196 4716 55.

497 4749 518 4818 ¹)
537 4753 596 4807 Ces
613 4753 761 4822 lonanges
779 4753 799 4806 a
816 4754 847 4806 la
865 4752 1015 4805 memoire
1032 4752 1072 4805 de
1090 4752 1262 4819 Petrarqne
1285 4753 1356 4806 sont
1380 4751 1516 4805 stnctres
1542 4753 1583 4806 de
1601 4753 1631 4806 la
1649 4755 1721 4820 part

389 4841 430 4896 de
447 4842 608 4896 Dominici.
629 4841 898 4896 asisinatium
917 4842 963 4894 les
983 4841 1125 4895 diverses
1144 4841 1253 4894 lettres
1271 4843 1311 4895 oh
1328 4841 1350 4894 il
1369 4841 1457 4908 parle
1474 4841 1518 4895 du
1536 4842 1627 4909 poete
1642 4843 1721 4898 alme

390 4930 409 4984 t
426 4932 551 4985 relever
568 4947 609 4986 en
626 4931 671 4984 lui
688 4945 725 4985 ce
742 4931 795 4998 qui
810 4930 1018 4999 precisement
1042 4930 1159 4984 attirait
1184 4929 1256 4998 deJ'a
1274 4929 1418 4984 l'anetere
1435 4929 1637 4984 DomInicaIn.
1676 4931 1721 4984 CI.

390 5021 588 5090 Epietoinrio,
606 5021 629 5084 1,
646 5035 676 5088 p.
695 5021 756 5084 178,
776 5021 836 5074 179.

498 5105 638 5176 ⁸)GREG.
655 5109 732 5163 an.
772 5109 879 5164 Oratio
903 5112 949 5163 VI.
984 5111 1032 5163 De
1049 5111 1132 5164 Pace
1151 5111 1188 5162 cb
1206 5109 1422 5164 monachorum
1444 5110 1719 5164 reconciliationem

387 5202 463 5266 port
478 5199 637 5252 silentium.
658 5200 683 5252 1.
701 5199 737 5252 In
758 5198 850 5268 Oper.
866 5199 889 5264 I,
908 5198 969 5253 722.
987 5199 1059 5253 Var.
