<?xml version="1.0" encoding="UTF-8"?>
<!DOCTYPE html PUBLIC "-//W3C//DTD XHTML 1.0 Transitional//EN"
    "http://www.w3.org/TR/xhtml1/DTD/xhtml1-transitional.dtd">
<html xmlns="http://www.w3.org/1999/xhtml" xml:lang="en" lang="en">
 <head>
  <title>
</title>
<meta http-equiv="Content-Type" content="text/html;charset=utf-8" />
  <meta name='ocr-system' content='tesseract 3.04.00' />
  <meta name='ocr-capabilities' content='ocr_page ocr_carea ocr_par ocr_line ocrx_word'/>
</head>
<body>
  <div class='ocr_page' id='page_1' title='image "./luculanoctis00domigoog_0353.png"; bbox 0 0 4300 6117; ppageno 0'>
   <div class='ocr_carea' id='block_1_1' title="bbox 821 942 1696 1045">
    <p class='ocr_par' dir='ltr' id='par_1_1' title="bbox 821 942 1696 1045">
     <span class='ocr_line' id='line_1_1' title="bbox 821 942 1696 1045; baseline -0.006 -35"><span class='ocrx_word' id='word_1_1' title='bbox 821 956 1008 1010; x_wconf 82' lang='lat' dir='ltr'>IOHANNIS</span> <span class='ocrx_word' id='word_1_2' title='bbox 1029 953 1211 1009; x_wconf 80' lang='lat' dir='ltr'><strong>DOMINICI</strong></span> <span class='ocrx_word' id='word_1_3' title='bbox 1630 942 1696 1045; x_wconf 68' lang='grc'><strong>229</strong></span> 
     </span>
    </p>
   </div>
   <div class='ocr_carea' id='block_1_2' title="bbox 351 1178 1740 4680">
    <p class='ocr_par' dir='ltr' id='par_1_2' title="bbox 351 1178 1696 2971">
     <span class='ocr_line' id='line_1_2' title="bbox 351 1178 1694 1261; baseline -0.005 -18"><span class='ocrx_word' id='word_1_4' title='bbox 351 1182 509 1243; x_wconf 91' lang='lat' dir='ltr'><strong>animam</strong></span> <span class='ocrx_word' id='word_1_5' title='bbox 544 1201 551 1243; x_wconf 92' lang='lat'>:</span> <span class='ocrx_word' id='word_1_6' title='bbox 597 1180 842 1261; x_wconf 86' lang='lat' dir='ltr'><strong>deprehensus</strong></span> <span class='ocrx_word' id='word_1_7' title='bbox 882 1198 1024 1259; x_wconf 92' lang='lat' dir='ltr'><strong>quoque</strong></span> <span class='ocrx_word' id='word_1_8' title='bbox 1062 1178 1192 1240; x_wconf 84' lang='lat' dir='ltr'>reddet</span> <span class='ocrx_word' id='word_1_9' title='bbox 1229 1178 1446 1259; x_wconf 86' lang='lat' dir='ltr'><strong>septuplum,</strong></span> <span class='ocrx_word' id='word_1_10' title='bbox 1480 1178 1516 1237; x_wconf 86' lang='lat' dir='ltr'><strong>et</strong></span> <span class='ocrx_word' id='word_1_11' title='bbox 1555 1194 1694 1238; x_wconf 88' lang='lat' dir='ltr'><strong>omnem</strong></span> 
     </span>
     <span class='ocr_line' id='line_1_3' title="bbox 351 1277 1694 1369; baseline -0.004 -19"><span class='ocrx_word' id='word_1_12' title='bbox 351 1288 598 1350; x_wconf 84' lang='lat' dir='ltr'><strong>substanciam</strong></span> <span class='ocrx_word' id='word_1_13' title='bbox 634 1287 761 1349; x_wconf 89' lang='lat' dir='ltr'><strong>domus</strong></span> <span class='ocrx_word' id='word_1_14' title='bbox 797 1305 861 1349; x_wconf 89' lang='lat' dir='ltr'><strong>sue</strong></span> <span class='ocrx_word' id='word_1_15' title='bbox 884 1277 898 1369; x_wconf 70' lang='lat' dir='ltr'><strong>ll</strong></span> <span class='ocrx_word' id='word_1_16' title='bbox 933 1286 1056 1349; x_wconf 89' lang='lat' dir='ltr'><strong>tradet</strong></span> <span class='ocrx_word' id='word_1_17' title='bbox 1088 1288 1123 1347; x_wconf 86' lang='lat' dir='ltr'><strong>et</strong></span> <span class='ocrx_word' id='word_1_18' title='bbox 1157 1286 1328 1346; x_wconf 84' lang='lat' dir='ltr'>liberabit</span> <span class='ocrx_word' id='word_1_19' title='bbox 1363 1302 1401 1345; x_wconf 94' lang='lat' dir='ltr'><strong>se</strong></span> <span class='ocrx_word' id='word_1_20' title='bbox 1416 1287 1439 1345; x_wconf 81' lang='lat'><strong>².</strong></span> <span class='ocrx_word' id='word_1_21' title='bbox 1475 1282 1545 1368; x_wconf 84' lang='lat' dir='ltr'><strong>Qui</strong></span> <span class='ocrx_word' id='word_1_22' title='bbox 1574 1288 1694 1346; x_wconf 88' lang='lat' dir='ltr'><strong>autem</strong></span> 
     </span>
     <span class='ocr_line' id='line_1_4' title="bbox 352 1389 1694 1474; baseline -0.003 -18"><span class='ocrx_word' id='word_1_23' title='bbox 352 1395 496 1457; x_wconf 79' lang='lat' dir='ltr'><strong>adulter</strong></span> <span class='ocrx_word' id='word_1_24' title='bbox 518 1398 574 1457; x_wconf 90' lang='lat' dir='ltr'><strong>est</strong></span> <span class='ocrx_word' id='word_1_25' title='bbox 596 1397 746 1474; x_wconf 91' lang='lat' dir='ltr'><strong>propter</strong></span> <span class='ocrx_word' id='word_1_26' title='bbox 769 1394 889 1456; x_wconf 90' lang='lat' dir='ltr'><strong>cordis</strong></span> <span class='ocrx_word' id='word_1_27' title='bbox 912 1394 1071 1473; x_wconf 88' lang='lat' dir='ltr'><strong>inopiam</strong></span> <span class='ocrx_word' id='word_1_28' title='bbox 1094 1393 1223 1472; x_wconf 91' lang='lat' dir='ltr'><strong>perdet</strong></span> <span class='ocrx_word' id='word_1_29' title='bbox 1251 1392 1407 1452; x_wconf 89' lang='lat' dir='ltr'><strong>animam</strong></span> <span class='ocrx_word' id='word_1_30' title='bbox 1423 1410 1524 1453; x_wconf 91' lang='lat' dir='ltr'><strong>suam</strong></span> <span class='ocrx_word' id='word_1_31' title='bbox 1537 1412 1552 1446; x_wconf 82' lang='lat'><strong>»</strong></span> <span class='ocrx_word' id='word_1_32' title='bbox 1567 1389 1586 1453; x_wconf 89' lang='lat'><strong>¹.</strong></span> <span class='ocrx_word' id='word_1_33' title='bbox 1603 1428 1643 1436; x_wconf 90' lang='lat'>—</span> <span class='ocrx_word' id='word_1_34' title='bbox 1656 1390 1694 1452; x_wconf 89' lang='lat' dir='ltr'><strong>Si</strong></span> 
     </span>
     <span class='ocr_line' id='line_1_5' title="bbox 352 1496 1692 1582; baseline -0.003 -19"><span class='ocrx_word' id='word_1_35' title='bbox 352 1503 433 1582; x_wconf 89' lang='lat' dir='ltr'><strong>quis</strong></span> <span class='ocrx_word' id='word_1_36' title='bbox 458 1501 660 1563; x_wconf 90' lang='lat' dir='ltr'><strong>defenderit</strong></span> <span class='ocrx_word' id='word_1_37' title='bbox 684 1502 782 1581; x_wconf 92' lang='lat' dir='ltr'><strong>apud</strong></span> <span class='ocrx_word' id='word_1_38' title='bbox 805 1498 1032 1562; x_wconf 88' lang='lat' dir='ltr'><strong>Salomonem</strong></span> <span class='ocrx_word' id='word_1_39' title='bbox 1056 1518 1128 1560; x_wconf 90' lang='lat' dir='ltr'><strong>non</strong></span> <span class='ocrx_word' id='word_1_40' title='bbox 1152 1516 1230 1561; x_wconf 90' lang='lat' dir='ltr'><strong>esse</strong></span> <span class='ocrx_word' id='word_1_41' title='bbox 1246 1500 1462 1560; x_wconf 89' lang='lat' dir='ltr'><strong>meritricem</strong></span> <span class='ocrx_word' id='word_1_42' title='bbox 1478 1496 1692 1579; x_wconf 86' lang='lat' dir='ltr'><strong>fugiendam,</strong></span> 
     </span>
     <span class='ocr_line' id='line_1_6' title="bbox 353 1605 1693 1688; baseline -0.001 -18"><span class='ocrx_word' id='word_1_43' title='bbox 353 1610 422 1670; x_wconf 91' lang='lat' dir='ltr'><strong>nisi</strong></span> <span class='ocrx_word' id='word_1_44' title='bbox 445 1627 515 1688; x_wconf 90' lang='lat' dir='ltr'><strong>que</strong></span> <span class='ocrx_word' id='word_1_45' title='bbox 539 1609 703 1688; x_wconf 86' lang='lat' dir='ltr'><strong>exiguum</strong></span> <span class='ocrx_word' id='word_1_46' title='bbox 726 1608 887 1687; x_wconf 86' lang='lat' dir='ltr'><strong>precium</strong></span> <span class='ocrx_word' id='word_1_47' title='bbox 910 1607 1069 1686; x_wconf 90' lang='lat' dir='ltr'><strong>postulat</strong></span> <span class='ocrx_word' id='word_1_48' title='bbox 1097 1624 1163 1685; x_wconf 93' lang='lat' dir='ltr'><strong>pro</strong></span> <span class='ocrx_word' id='word_1_49' title='bbox 1195 1605 1361 1667; x_wconf 84' lang='lat' dir='ltr'><strong>mercede</strong></span> <span class='ocrx_word' id='word_1_50' title='bbox 1395 1606 1453 1667; x_wconf 90' lang='lat' dir='ltr'><strong>vel</strong></span> <span class='ocrx_word' id='word_1_51' title='bbox 1482 1606 1599 1679; x_wconf 83' lang='lat' dir='ltr'>nichil,</span> <span class='ocrx_word' id='word_1_52' title='bbox 1625 1609 1693 1668; x_wconf 92' lang='lat' dir='ltr'><strong>tre·</strong></span> 
     </span>
     <span class='ocr_line' id='line_1_7' title="bbox 352 1711 1693 1794; baseline -0.001 -18"><span class='ocrx_word' id='word_1_53' title='bbox 352 1717 592 1794; x_wconf 90' lang='lat' dir='ltr'><strong>mendamque</strong></span> <span class='ocrx_word' id='word_1_54' title='bbox 616 1715 730 1777; x_wconf 90' lang='lat' dir='ltr'><strong>solum</strong></span> <span class='ocrx_word' id='word_1_55' title='bbox 753 1714 879 1776; x_wconf 92' lang='lat' dir='ltr'><strong>cohibe</strong></span> <span class='ocrx_word' id='word_1_56' title='bbox 903 1715 1015 1774; x_wconf 91' lang='lat' dir='ltr'><strong>filiam</strong></span> <span class='ocrx_word' id='word_1_57' title='bbox 1038 1711 1109 1774; x_wconf 92' lang='lat' dir='ltr'><strong>Sur</strong></span> <span class='ocrx_word' id='word_1_58' title='bbox 1132 1713 1343 1774; x_wconf 89' lang='lat' dir='ltr'><strong>nobilissimi</strong></span> <span class='ocrx_word' id='word_1_59' title='bbox 1359 1713 1531 1792; x_wconf 92' lang='lat' dir='ltr'><strong>principis</strong></span> <span class='ocrx_word' id='word_1_60' title='bbox 1554 1711 1693 1774; x_wconf 84' lang='lat' dir='ltr'><strong>Madia·</strong></span> 
     </span>
     <span class='ocr_line' id='line_1_8' title="bbox 353 1819 1695 1903; baseline -0.001 -19"><span class='ocrx_word' id='word_1_61' title='bbox 353 1823 508 1884; x_wconf 88' lang='lat' dir='ltr'><strong>uitarum</strong></span> <span class='ocrx_word' id='word_1_62' title='bbox 532 1825 568 1883; x_wconf 90' lang='lat' dir='ltr'><strong>et</strong></span> <span class='ocrx_word' id='word_1_63' title='bbox 592 1825 667 1883; x_wconf 90' lang='lat' dir='ltr'><strong>tute</strong></span> <span class='ocrx_word' id='word_1_64' title='bbox 690 1820 894 1883; x_wconf 88' lang='lat' dir='ltr'><strong>habendam</strong></span> <span class='ocrx_word' id='word_1_65' title='bbox 921 1819 1082 1903; x_wconf 81' lang='lat' dir='ltr'><strong>Laydem</strong></span> <span class='ocrx_word' id='word_1_66' title='bbox 1112 1820 1369 1881; x_wconf 89' lang='lat' dir='ltr'><strong>nobilissimam</strong></span> <span class='ocrx_word' id='word_1_67' title='bbox 1399 1822 1633 1893; x_wconf 89' lang='lat' dir='ltr'><strong>meretricem,</strong></span> <span class='ocrx_word' id='word_1_68' title='bbox 1659 1823 1695 1883; x_wconf 87' lang='lat' dir='ltr'><strong>et</strong></span> 
     </span>
     <span class='ocr_line' id='line_1_9' title="bbox 351 1921 1695 2006; baseline -0.001 -16"><span class='ocrx_word' id='word_1_69' title='bbox 351 1930 390 1990; x_wconf 91' lang='lat' dir='ltr'><strong>in</strong></span> <span class='ocrx_word' id='word_1_70' title='bbox 413 1931 508 1990; x_wconf 90' lang='lat' dir='ltr'><strong>furto</strong></span> <span class='ocrx_word' id='word_1_71' title='bbox 531 1928 683 1990; x_wconf 78' lang='lat' dir='ltr'><strong>mortale</strong></span> <span class='ocrx_word' id='word_1_72' title='bbox 712 1921 875 1989; x_wconf 83' lang='lat' dir='ltr'><strong>viciumb</strong></span> <span class='ocrx_word' id='word_1_73' title='bbox 898 1947 969 1989; x_wconf 91' lang='lat' dir='ltr'><strong>non</strong></span> <span class='ocrx_word' id='word_1_74' title='bbox 1004 1928 1189 1999; x_wconf 82' lang='lat' dir='ltr'><strong>contineri,</strong></span> <span class='ocrx_word' id='word_1_75' title='bbox 1213 1926 1346 2006; x_wconf 86' lang='lat' dir='ltr'><strong>poterit</strong></span> <span class='ocrx_word' id='word_1_76' title='bbox 1381 1927 1583 1989; x_wconf 87' lang='lat' dir='ltr'><strong>substinere</strong></span> <span class='ocrx_word' id='word_1_77' title='bbox 1613 1947 1695 1989; x_wconf 90' lang='lat' dir='ltr'><strong>eum</strong></span> 
     </span>
     <span class='ocr_line' id='line_1_10' title="bbox 351 2033 1695 2117; baseline -0.001 -19"><span class='ocrx_word' id='word_1_78' title='bbox 351 2034 505 2117; x_wconf 85' lang='lat' dir='ltr'><strong>figurate</strong></span> <span class='ocrx_word' id='word_1_79' title='bbox 528 2055 600 2097; x_wconf 91' lang='lat' dir='ltr'><strong>non</strong></span> <span class='ocrx_word' id='word_1_80' title='bbox 622 2036 730 2114; x_wconf 92' lang='lat' dir='ltr'><strong>loqui.</strong></span> <span class='ocrx_word' id='word_1_81' title='bbox 756 2034 829 2096; x_wconf 90' lang='lat' dir='ltr'><strong>Sed</strong></span> <span class='ocrx_word' id='word_1_82' title='bbox 861 2035 1151 2096; x_wconf 88' lang='lat' dir='ltr'><strong>animadvertens</strong></span> <span class='ocrx_word' id='word_1_83' title='bbox 1187 2033 1284 2112; x_wconf 91' lang='lat' dir='ltr'><strong>quod</strong></span> <span class='ocrx_word' id='word_1_84' title='bbox 1321 2035 1482 2113; x_wconf 90' lang='lat' dir='ltr'><strong>precium</strong></span> <span class='ocrx_word' id='word_1_85' title='bbox 1515 2034 1695 2097; x_wconf 91' lang='lat' dir='ltr'><strong>mundane</strong></span> 
     </span>
     <span class='ocr_line' id='line_1_11' title="bbox 353 2139 1696 2223; baseline -0.001 -18"><span class='ocrx_word' id='word_1_86' title='bbox 353 2143 534 2223; x_wconf 84' lang='lat' dir='ltr'><strong>sapiencie</strong></span> <span class='ocrx_word' id='word_1_87' title='bbox 563 2145 618 2204; x_wconf 87' lang='lat' dir='ltr'><strong>est</strong></span> <span class='ocrx_word' id='word_1_88' title='bbox 652 2143 733 2216; x_wconf 89' lang='lat' dir='ltr'><strong>vile,</strong></span> <span class='ocrx_word' id='word_1_89' title='bbox 773 2146 812 2204; x_wconf 92' lang='lat' dir='ltr'><strong>ut</strong></span> <span class='ocrx_word' id='word_1_90' title='bbox 845 2141 965 2203; x_wconf 89' lang='lat' dir='ltr'><strong>hircus</strong></span> <span class='ocrx_word' id='word_1_91' title='bbox 1001 2141 1155 2220; x_wconf 88' lang='lat' dir='ltr'><strong>tragicus</strong></span> <span class='ocrx_word' id='word_1_92' title='bbox 1192 2144 1228 2202; x_wconf 92' lang='lat' dir='ltr'><strong>et</strong></span> <span class='ocrx_word' id='word_1_93' title='bbox 1262 2139 1473 2211; x_wconf 91' lang='lat' dir='ltr'><strong>huiusmodi,</strong></span> <span class='ocrx_word' id='word_1_94' title='bbox 1510 2144 1546 2203; x_wconf 92' lang='lat' dir='ltr'><strong>et</strong></span> <span class='ocrx_word' id='word_1_95' title='bbox 1575 2144 1696 2203; x_wconf 90' lang='lat' dir='ltr'><strong>tamen</strong></span> 
     </span>
     <span class='ocr_line' id='line_1_12' title="bbox 353 2248 1696 2330; baseline 0 -19"><span class='ocrx_word' id='word_1_96' title='bbox 353 2252 510 2312; x_wconf 86' lang='lat' dir='ltr'><strong>animum</strong></span> <span class='ocrx_word' id='word_1_97' title='bbox 533 2250 629 2330; x_wconf 91' lang='lat' dir='ltr'><strong>rapit</strong></span> <span class='ocrx_word' id='word_1_98' title='bbox 652 2249 853 2328; x_wconf 89' lang='lat' dir='ltr'><strong>preciosam</strong></span> <span class='ocrx_word' id='word_1_99' title='bbox 877 2251 913 2310; x_wconf 92' lang='lat' dir='ltr'><strong>et</strong></span> <span class='ocrx_word' id='word_1_100' title='bbox 936 2266 1074 2309; x_wconf 90' lang='lat' dir='ltr'><strong>merces</strong></span> <span class='ocrx_word' id='word_1_101' title='bbox 1098 2266 1182 2309; x_wconf 90' lang='lat' dir='ltr'><strong>vere</strong></span> <span class='ocrx_word' id='word_1_102' title='bbox 1207 2248 1398 2326; x_wconf 82' lang='lat' dir='ltr'><strong>sapiencie,</strong></span> <span class='ocrx_word' id='word_1_103' title='bbox 1417 2267 1487 2327; x_wconf 93' lang='lat' dir='ltr'><strong>que</strong></span> <span class='ocrx_word' id='word_1_104' title='bbox 1510 2251 1626 2310; x_wconf 91' lang='lat' dir='ltr'><strong>mater</strong></span> <span class='ocrx_word' id='word_1_105' title='bbox 1640 2253 1696 2312; x_wconf 91' lang='lat' dir='ltr'><strong>est</strong></span> 
     </span>
     <span class='ocr_line' id='line_1_13' title="bbox 354 2356 1696 2435; baseline 0 -17"><span class='ocrx_word' id='word_1_106' title='bbox 354 2358 511 2420; x_wconf 90' lang='lat' dir='ltr'><strong>omnium</strong></span> <span class='ocrx_word' id='word_1_107' title='bbox 549 2358 733 2427; x_wconf 91' lang='lat' dir='ltr'><strong>bonorum,</strong></span> <span class='ocrx_word' id='word_1_108' title='bbox 770 2359 825 2417; x_wconf 92' lang='lat' dir='ltr'><strong>est</strong></span> <span class='ocrx_word' id='word_1_109' title='bbox 859 2374 989 2417; x_wconf 90' lang='lat' dir='ltr'><strong>numen</strong></span> <span class='ocrx_word' id='word_1_110' title='bbox 1023 2358 1194 2425; x_wconf 86' lang='lat' dir='ltr'><strong>eternum,</strong></span> <span class='ocrx_word' id='word_1_111' title='bbox 1220 2358 1330 2435; x_wconf 89' lang='lat' dir='ltr'><strong>atque</strong></span> <span class='ocrx_word' id='word_1_112' title='bbox 1364 2356 1476 2416; x_wconf 88' lang='lat' dir='ltr'><strong>furari</strong></span> <span class='ocrx_word' id='word_1_113' title='bbox 1505 2373 1575 2434; x_wconf 92' lang='lat' dir='ltr'><strong>que</strong></span> <span class='ocrx_word' id='word_1_114' title='bbox 1608 2375 1696 2418; x_wconf 90' lang='lat' dir='ltr'><strong>vera</strong></span> 
     </span>
     <span class='ocr_line' id='line_1_14' title="bbox 354 2462 1694 2555; baseline -0.001 -29"><span class='ocrx_word' id='word_1_115' title='bbox 354 2465 521 2526; x_wconf 90' lang='lat' dir='ltr'><strong>dixerunt</strong></span> <span class='ocrx_word' id='word_1_116' title='bbox 543 2462 755 2543; x_wconf 84' lang='lat' dir='ltr'><strong>philosophi,</strong></span> <span class='ocrx_word' id='word_1_117' title='bbox 780 2481 851 2524; x_wconf 91' lang='lat' dir='ltr'><strong>non</strong></span> <span class='ocrx_word' id='word_1_118' title='bbox 875 2481 954 2523; x_wconf 92' lang='lat' dir='ltr'><strong>esse</strong></span> <span class='ocrx_word' id='word_1_119' title='bbox 978 2462 1083 2541; x_wconf 90' lang='lat' dir='ltr'><strong>culpe</strong></span> <span class='ocrx_word' id='word_1_120' title='bbox 1108 2463 1175 2523; x_wconf 90' lang='lat' dir='ltr'><strong>uisi</strong></span> <span class='ocrx_word' id='word_1_121' title='bbox 1200 2462 1386 2523; x_wconf 90' lang='lat' dir='ltr'><strong>cuiusdam</strong></span> <span class='ocrx_word' id='word_1_122' title='bbox 1402 2464 1694 2555; x_wconf 79' lang='lat' dir='ltr'><strong>presumpcionis¹</strong></span> 
     </span>
     <span class='ocr_line' id='line_1_15' title="bbox 354 2570 1695 2650; baseline -0.001 -17"><span class='ocrx_word' id='word_1_123' title='bbox 354 2590 435 2633; x_wconf 91' lang='lat' dir='ltr'><strong>cum</strong></span> <span class='ocrx_word' id='word_1_124' title='bbox 474 2570 712 2649; x_wconf 91' lang='lat' dir='ltr'><strong>periculosum</strong></span> <span class='ocrx_word' id='word_1_125' title='bbox 747 2571 794 2631; x_wconf 92' lang='lat' dir='ltr'><strong>sit</strong></span> <span class='ocrx_word' id='word_1_126' title='bbox 828 2570 969 2631; x_wconf 90' lang='lat' dir='ltr'><strong>illorum</strong></span> <span class='ocrx_word' id='word_1_127' title='bbox 1004 2587 1152 2650; x_wconf 86' lang='lat' dir='ltr'><strong>syrenas</strong></span> <span class='ocrx_word' id='word_1_128' title='bbox 1186 2570 1323 2641; x_wconf 85' lang='lat' dir='ltr'><strong>audire,</strong></span> <span class='ocrx_word' id='word_1_129' title='bbox 1360 2587 1429 2648; x_wconf 92' lang='lat' dir='ltr'><strong>que</strong></span> <span class='ocrx_word' id='word_1_130' title='bbox 1467 2572 1695 2650; x_wconf 89' lang='lat' dir='ltr'><strong>presumpcio</strong></span> 
     </span>
     <span class='ocr_line' id='line_1_16' title="bbox 354 2675 1695 2764; baseline -0.001 -23"><span class='ocrx_word' id='word_1_131' title='bbox 354 2678 521 2758; x_wconf 84' lang='lat' dir='ltr'><strong>expiatur</strong></span> <span class='ocrx_word' id='word_1_132' title='bbox 543 2677 629 2739; x_wconf 92' lang='lat' dir='ltr'><strong>dum</strong></span> <span class='ocrx_word' id='word_1_133' title='bbox 670 2678 928 2764; x_wconf 82' lang='lat' dir='ltr'><strong>convincuntur</strong></span> <span class='ocrx_word' id='word_1_134' title='bbox 960 2675 1137 2748; x_wconf 81' lang='lat' dir='ltr'><strong>infideles,</strong></span> <span class='ocrx_word' id='word_1_135' title='bbox 1177 2677 1304 2756; x_wconf 86' lang='lat' dir='ltr'><strong>gladiis</strong></span> <span class='ocrx_word' id='word_1_136' title='bbox 1339 2695 1483 2737; x_wconf 90' lang='lat' dir='ltr'><strong>suorum</strong></span> <span class='ocrx_word' id='word_1_137' title='bbox 1508 2678 1695 2739; x_wconf 89' lang='lat' dir='ltr'><strong>doctorum</strong></span> 
     </span>
     <span class='ocr_line' id='line_1_17' title="bbox 356 2782 1695 2862; baseline 0.001 -16"><span class='ocrx_word' id='word_1_138' title='bbox 356 2785 522 2856; x_wconf 81' lang='lat' dir='ltr'><strong>confossi,</strong></span> <span class='ocrx_word' id='word_1_139' title='bbox 536 2803 617 2845; x_wconf 90' lang='lat' dir='ltr'><strong>cum</strong></span> <span class='ocrx_word' id='word_1_140' title='bbox 628 2785 781 2845; x_wconf 89' lang='lat' dir='ltr'><strong>veritate</strong></span> <span class='ocrx_word' id='word_1_141' title='bbox 798 2784 1029 2846; x_wconf 85' lang='lat' dir='ltr'><strong>confitebitur</strong></span> <span class='ocrx_word' id='word_1_142' title='bbox 1043 2784 1151 2862; x_wconf 91' lang='lat' dir='ltr'><strong>plane</strong></span> <span class='ocrx_word' id='word_1_143' title='bbox 1166 2782 1389 2844; x_wconf 91' lang='lat' dir='ltr'><strong>ethnicorum</strong></span> <span class='ocrx_word' id='word_1_144' title='bbox 1405 2787 1440 2845; x_wconf 86' lang='lat' dir='ltr'><strong>et</strong></span> <span class='ocrx_word' id='word_1_145' title='bbox 1456 2783 1695 2847; x_wconf 85' lang='lat' dir='ltr'><strong>hereticorum</strong></span> 
     </span>
     <span class='ocr_line' id='line_1_18' title="bbox 355 2890 954 2971; baseline -0.005 -18"><span class='ocrx_word' id='word_1_146' title='bbox 355 2892 560 2953; x_wconf 86' lang='lat' dir='ltr'><strong>doctrinam</strong></span> <span class='ocrx_word' id='word_1_147' title='bbox 583 2891 750 2952; x_wconf 89' lang='lat' dir='ltr'><strong>fidelibus</strong></span> <span class='ocrx_word' id='word_1_148' title='bbox 775 2890 954 2971; x_wconf 91' lang='lat' dir='ltr'><strong>denegari.</strong></span> 
     </span>
    </p>

    <p class='ocr_par' dir='ltr' id='par_1_3' title="bbox 355 2989 1740 4680">
     <span class='ocr_line' id='line_1_19' title="bbox 461 2989 1740 3077; baseline 0.001 -19"><span class='ocrx_word' id='word_1_149' title='bbox 461 2997 654 3077; x_wconf 80' lang='lat' dir='ltr'><strong>Eleganter</strong></span> <span class='ocrx_word' id='word_1_150' title='bbox 676 2998 823 3077; x_wconf 91' lang='lat' dir='ltr'><strong>insuper</strong></span> <span class='ocrx_word' id='word_1_151' title='bbox 846 2997 996 3060; x_wconf 88' lang='lat' dir='ltr'><strong>eandem</strong></span> <span class='ocrx_word' id='word_1_152' title='bbox 1020 3015 1149 3057; x_wconf 87' lang='lat' dir='ltr'><strong>vanam</strong></span> <span class='ocrx_word' id='word_1_153' title='bbox 1173 2996 1373 3058; x_wconf 91' lang='lat' dir='ltr'><strong>doctrinam</strong></span> <span class='ocrx_word' id='word_1_154' title='bbox 1408 2998 1589 3070; x_wconf 86' lang='lat' dir='ltr'><strong>describit,</strong></span> <span class='ocrx_word' id='word_1_155' title='bbox 1614 3016 1695 3077; x_wconf 92' lang='lat' dir='ltr'><strong>pro·</strong></span> <span class='ocrx_word' id='word_1_156' title='bbox 1710 2989 1740 3052; x_wconf 87' lang='lat'><strong>8·</strong></span> 
     </span>
     <span class='ocr_line' id='line_1_20' title="bbox 355 3104 1695 3184; baseline -0.001 -17"><span class='ocrx_word' id='word_1_157' title='bbox 355 3123 509 3184; x_wconf 91' lang='lat' dir='ltr'><strong>sequens</strong></span> <span class='ocrx_word' id='word_1_158' title='bbox 533 3109 691 3165; x_wconf 90' lang='lat' dir='ltr'><strong>scortum</strong></span> <span class='ocrx_word' id='word_1_159' title='bbox 714 3106 893 3184; x_wconf 92' lang='lat' dir='ltr'><strong>prefatum</strong></span> <span class='ocrx_word' id='word_1_160' title='bbox 916 3105 954 3164; x_wconf 92' lang='lat' dir='ltr'><strong>in</strong></span> <span class='ocrx_word' id='word_1_161' title='bbox 977 3104 1135 3184; x_wconf 91' lang='lat' dir='ltr'><strong>capitulo</strong></span> <span class='ocrx_word' id='word_1_162' title='bbox 1159 3105 1332 3182; x_wconf 87' lang='lat' dir='ltr'><strong>sequenti,</strong></span> <span class='ocrx_word' id='word_1_163' title='bbox 1359 3107 1394 3166; x_wconf 92' lang='lat' dir='ltr'><strong>et</strong></span> <span class='ocrx_word' id='word_1_164' title='bbox 1417 3105 1493 3165; x_wconf 87' lang='lat' dir='ltr'><strong>ait:</strong></span> <span class='ocrx_word' id='word_1_165' title='bbox 1533 3126 1547 3157; x_wconf 87' lang='lat'><strong>«</strong></span> <span class='ocrx_word' id='word_1_166' title='bbox 1575 3104 1695 3166; x_wconf 89' lang='lat' dir='ltr'><strong>Consi·</strong></span> 
     </span>
     <span class='ocr_line' id='line_1_21' title="bbox 355 3210 1695 3291; baseline -0.002 -16"><span class='ocrx_word' id='word_1_167' title='bbox 355 3213 445 3275; x_wconf 92' lang='lat' dir='ltr'><strong>dero</strong></span> <span class='ocrx_word' id='word_1_168' title='bbox 468 3211 660 3274; x_wconf 87' lang='lat' dir='ltr'><strong>vecordem</strong></span> <span class='ocrx_word' id='word_1_169' title='bbox 683 3212 857 3283; x_wconf 89' lang='lat' dir='ltr'><strong>iuvenem,</strong></span> <span class='ocrx_word' id='word_1_170' title='bbox 884 3212 944 3290; x_wconf 91' lang='lat' dir='ltr'><strong>qui</strong></span> <span class='ocrx_word' id='word_1_171' title='bbox 968 3211 1098 3273; x_wconf 89' lang='lat' dir='ltr'><strong>transit</strong></span> <span class='ocrx_word' id='word_1_172' title='bbox 1124 3229 1191 3290; x_wconf 92' lang='lat' dir='ltr'><strong>per</strong></span> <span class='ocrx_word' id='word_1_173' title='bbox 1224 3210 1364 3291; x_wconf 88' lang='lat' dir='ltr'><strong>plateas</strong></span> <span class='ocrx_word' id='word_1_174' title='bbox 1397 3212 1496 3273; x_wconf 89' lang='lat' dir='ltr'><strong>iuxta</strong></span> <span class='ocrx_word' id='word_1_175' title='bbox 1529 3213 1695 3291; x_wconf 86' lang='lat' dir='ltr'><strong>angulum</strong></span> 
     </span>
     <span class='ocr_line' id='line_1_22' title="bbox 355 3318 1689 3400; baseline -0.001 -19"><span class='ocrx_word' id='word_1_176' title='bbox 355 3337 469 3400; x_wconf 90' lang='lat' dir='ltr'><strong>prope</strong></span> <span class='ocrx_word' id='word_1_177' title='bbox 492 3321 588 3379; x_wconf 87' lang='lat' dir='ltr'><strong>viam</strong></span> <span class='ocrx_word' id='word_1_178' title='bbox 612 3319 739 3380; x_wconf 90' lang='lat' dir='ltr'><strong>domus</strong></span> <span class='ocrx_word' id='word_1_179' title='bbox 766 3318 861 3380; x_wconf 91' lang='lat' dir='ltr'><strong>illius</strong></span> <span class='ocrx_word' id='word_1_180' title='bbox 889 3318 1076 3397; x_wconf 88' lang='lat' dir='ltr'><strong>graditur:</strong></span> <span class='ocrx_word' id='word_1_181' title='bbox 1112 3319 1149 3378; x_wconf 93' lang='lat' dir='ltr'><strong>in</strong></span> <span class='ocrx_word' id='word_1_182' title='bbox 1176 3318 1340 3388; x_wconf 90' lang='lat' dir='ltr'><strong>obscuro,</strong></span> <span class='ocrx_word' id='word_1_183' title='bbox 1365 3319 1689 3398; x_wconf 86' lang='lat' dir='ltr'><strong>advesperascente</strong></span> 
     </span>
     <span class='ocr_line' id='line_1_23' title="bbox 356 3423 1695 3505; baseline -0.001 -18"><span class='ocrx_word' id='word_1_184' title='bbox 356 3425 425 3497; x_wconf 91' lang='lat' dir='ltr'><strong>die,</strong></span> <span class='ocrx_word' id='word_1_185' title='bbox 449 3427 486 3485; x_wconf 89' lang='lat' dir='ltr'><strong>in</strong></span> <span class='ocrx_word' id='word_1_186' title='bbox 521 3426 637 3487; x_wconf 87' lang='lat' dir='ltr'><strong>noctis</strong></span> <span class='ocrx_word' id='word_1_187' title='bbox 672 3425 829 3486; x_wconf 89' lang='lat' dir='ltr'><strong>tenebris</strong></span> <span class='ocrx_word' id='word_1_188' title='bbox 866 3427 901 3486; x_wconf 92' lang='lat' dir='ltr'><strong>et</strong></span> <span class='ocrx_word' id='word_1_189' title='bbox 936 3426 1096 3505; x_wconf 90' lang='lat' dir='ltr'><strong>caligine.</strong></span> <span class='ocrx_word' id='word_1_190' title='bbox 1121 3423 1169 3486; x_wconf 94' lang='lat' dir='ltr'><strong>Et</strong></span> <span class='ocrx_word' id='word_1_191' title='bbox 1205 3443 1289 3486; x_wconf 90' lang='lat' dir='ltr'><strong>ecce</strong></span> <span class='ocrx_word' id='word_1_192' title='bbox 1323 3425 1451 3486; x_wconf 92' lang='lat' dir='ltr'><strong>mulier</strong></span> <span class='ocrx_word' id='word_1_193' title='bbox 1483 3426 1619 3487; x_wconf 85' lang='lat' dir='ltr'><strong>occurit</strong></span> <span class='ocrx_word' id='word_1_194' title='bbox 1643 3426 1695 3486; x_wconf 91' lang='lat' dir='ltr'><strong>illi</strong></span> 
     </span>
     <span class='ocr_line' id='line_1_24' title="bbox 355 3531 1693 3612; baseline -0.001 -18"><span class='ocrx_word' id='word_1_195' title='bbox 355 3535 487 3594; x_wconf 91' lang='lat' dir='ltr'><strong>ornatu</strong></span> <span class='ocrx_word' id='word_1_196' title='bbox 510 3533 712 3595; x_wconf 90' lang='lat' dir='ltr'><strong>meretricio</strong></span> <span class='ocrx_word' id='word_1_197' title='bbox 736 3535 932 3611; x_wconf 91' lang='lat' dir='ltr'><strong>preparata</strong></span> <span class='ocrx_word' id='word_1_198' title='bbox 955 3532 1004 3592; x_wconf 90' lang='lat' dir='ltr'><strong>ad</strong></span> <span class='ocrx_word' id='word_1_199' title='bbox 1021 3531 1217 3611; x_wconf 89' lang='lat' dir='ltr'><strong>capiendas</strong></span> <span class='ocrx_word' id='word_1_200' title='bbox 1239 3533 1386 3603; x_wconf 89' lang='lat' dir='ltr'><strong>animas,</strong></span> <span class='ocrx_word' id='word_1_201' title='bbox 1405 3532 1529 3611; x_wconf 88' lang='lat' dir='ltr'><strong>garula</strong></span> <span class='ocrx_word' id='word_1_202' title='bbox 1546 3535 1581 3593; x_wconf 91' lang='lat' dir='ltr'><strong>et</strong></span> <span class='ocrx_word' id='word_1_203' title='bbox 1594 3545 1693 3612; x_wconf 87' lang='lat' dir='ltr'><strong>vaga,</strong></span> 
     </span>
     <span class='ocr_line' id='line_1_25' title="bbox 357 3639 1696 3719; baseline -0.001 -18"><span class='ocrx_word' id='word_1_204' title='bbox 357 3640 489 3719; x_wconf 91' lang='lat' dir='ltr'><strong>quietis</strong></span> <span class='ocrx_word' id='word_1_205' title='bbox 513 3640 718 3719; x_wconf 90' lang='lat' dir='ltr'><strong>impaciens,</strong></span> <span class='ocrx_word' id='word_1_206' title='bbox 744 3658 810 3700; x_wconf 91' lang='lat' dir='ltr'><strong>nec</strong></span> <span class='ocrx_word' id='word_1_207' title='bbox 833 3639 956 3700; x_wconf 90' lang='lat' dir='ltr'><strong>valens</strong></span> <span class='ocrx_word' id='word_1_208' title='bbox 980 3640 1017 3699; x_wconf 91' lang='lat' dir='ltr'><strong>in</strong></span> <span class='ocrx_word' id='word_1_209' title='bbox 1048 3640 1155 3701; x_wconf 91' lang='lat' dir='ltr'><strong>domo</strong></span> <span class='ocrx_word' id='word_1_210' title='bbox 1188 3640 1384 3700; x_wconf 90' lang='lat' dir='ltr'><strong>consistere</strong></span> <span class='ocrx_word' id='word_1_211' title='bbox 1415 3639 1568 3719; x_wconf 89' lang='lat' dir='ltr'><strong>pedibus</strong></span> <span class='ocrx_word' id='word_1_212' title='bbox 1601 3640 1696 3717; x_wconf 64' lang='lat' dir='ltr'><strong>suis:</strong></span> 
     </span>
     <span class='ocr_line' id='line_1_26' title="bbox 356 3744 1697 3826; baseline -0.001 -18"><span class='ocrx_word' id='word_1_213' title='bbox 356 3765 451 3808; x_wconf 90' lang='lat' dir='ltr'><strong>nunc</strong></span> <span class='ocrx_word' id='word_1_214' title='bbox 474 3744 571 3817; x_wconf 86' lang='lat' dir='ltr'><strong>foris,</strong></span> <span class='ocrx_word' id='word_1_215' title='bbox 596 3765 690 3807; x_wconf 93' lang='lat' dir='ltr'><strong>nunc</strong></span> <span class='ocrx_word' id='word_1_216' title='bbox 715 3747 751 3806; x_wconf 93' lang='lat' dir='ltr'><strong>in</strong></span> <span class='ocrx_word' id='word_1_217' title='bbox 774 3746 913 3826; x_wconf 91' lang='lat' dir='ltr'><strong>plateis,</strong></span> <span class='ocrx_word' id='word_1_218' title='bbox 938 3764 1032 3806; x_wconf 92' lang='lat' dir='ltr'><strong>nunc</strong></span> <span class='ocrx_word' id='word_1_219' title='bbox 1056 3747 1156 3807; x_wconf 86' lang='lat' dir='ltr'><strong>iuxta</strong></span> <span class='ocrx_word' id='word_1_220' title='bbox 1180 3746 1327 3825; x_wconf 89' lang='lat' dir='ltr'><strong>angulos</strong></span> <span class='ocrx_word' id='word_1_221' title='bbox 1357 3746 1541 3816; x_wconf 89' lang='lat' dir='ltr'><strong>insidians,</strong></span> <span class='ocrx_word' id='word_1_222' title='bbox 1566 3764 1697 3826; x_wconf 91' lang='lat' dir='ltr'><strong>appre-</strong></span> 
     </span>
     <span class='ocr_line' id='line_1_27' title="bbox 356 3852 1696 3933; baseline -0.001 -19"><span class='ocrx_word' id='word_1_223' title='bbox 356 3853 577 3932; x_wconf 91' lang='lat' dir='ltr'><strong>hensumque</strong></span> <span class='ocrx_word' id='word_1_224' title='bbox 611 3853 843 3915; x_wconf 88' lang='lat' dir='ltr'><strong>deosculatur</strong></span> <span class='ocrx_word' id='word_1_225' title='bbox 878 3854 1059 3925; x_wconf 89' lang='lat' dir='ltr'><strong>iuvenem,</strong></span> <span class='ocrx_word' id='word_1_226' title='bbox 1097 3857 1134 3915; x_wconf 92' lang='lat' dir='ltr'><strong>et</strong></span> <span class='ocrx_word' id='word_1_227' title='bbox 1169 3854 1316 3933; x_wconf 88' lang='lat' dir='ltr'><strong>procaci</strong></span> <span class='ocrx_word' id='word_1_228' title='bbox 1353 3852 1455 3914; x_wconf 90' lang='lat' dir='ltr'><strong>vultu</strong></span> <span class='ocrx_word' id='word_1_229' title='bbox 1490 3853 1696 3925; x_wconf 91' lang='lat' dir='ltr'><strong>blanditur,</strong></span> 
     </span>
     <span class='ocr_line' id='line_1_28' title="bbox 356 3958 1696 4040; baseline -0.001 -18"><span class='ocrx_word' id='word_1_230' title='bbox 356 3961 500 4022; x_wconf 87' lang='lat' dir='ltr'><strong>dicens:</strong></span> <span class='ocrx_word' id='word_1_231' title='bbox 528 3958 734 4022; x_wconf 74' lang='lat' dir='ltr'><strong>«Victimas</strong></span> <span class='ocrx_word' id='word_1_232' title='bbox 759 3979 825 4040; x_wconf 93' lang='lat' dir='ltr'><strong>pro</strong></span> <span class='ocrx_word' id='word_1_233' title='bbox 848 3961 965 4021; x_wconf 89' lang='lat' dir='ltr'><strong>salute</strong></span> <span class='ocrx_word' id='word_1_234' title='bbox 988 3959 1128 4032; x_wconf 86' lang='lat' dir='ltr'><strong>devovi,</strong></span> <span class='ocrx_word' id='word_1_235' title='bbox 1153 3959 1259 4021; x_wconf 90' lang='lat' dir='ltr'><strong>hodie</strong></span> <span class='ocrx_word' id='word_1_236' title='bbox 1283 3959 1475 4021; x_wconf 90' lang='lat' dir='ltr'><strong>reddidisti</strong></span> <span class='ocrx_word' id='word_1_237' title='bbox 1497 3963 1583 4021; x_wconf 90' lang='lat' dir='ltr'><strong>vota</strong></span> <span class='ocrx_word' id='word_1_238' title='bbox 1605 3978 1696 4021; x_wconf 91' lang='lat' dir='ltr'><strong>mea.</strong></span> 
     </span>
     <span class='ocr_line' id='line_1_29' title="bbox 356 4066 1697 4148; baseline 0.001 -21"><span class='ocrx_word' id='word_1_239' title='bbox 356 4067 498 4129; x_wconf 92' lang='lat' dir='ltr'><strong>Idcirco</strong></span> <span class='ocrx_word' id='word_1_240' title='bbox 530 4080 674 4148; x_wconf 87' lang='lat' dir='ltr'><strong>egressa</strong></span> <span class='ocrx_word' id='word_1_241' title='bbox 704 4085 782 4129; x_wconf 92' lang='lat' dir='ltr'><strong>sum</strong></span> <span class='ocrx_word' id='word_1_242' title='bbox 809 4068 847 4127; x_wconf 93' lang='lat' dir='ltr'><strong>in</strong></span> <span class='ocrx_word' id='word_1_243' title='bbox 875 4086 1062 4129; x_wconf 90' lang='lat' dir='ltr'><strong>occursum</strong></span> <span class='ocrx_word' id='word_1_244' title='bbox 1087 4070 1196 4140; x_wconf 89' lang='lat' dir='ltr'><strong>tuum,</strong></span> <span class='ocrx_word' id='word_1_245' title='bbox 1222 4066 1433 4128; x_wconf 89' lang='lat' dir='ltr'><strong>desiderans</strong></span> <span class='ocrx_word' id='word_1_246' title='bbox 1457 4069 1492 4128; x_wconf 93' lang='lat' dir='ltr'><strong>te</strong></span> <span class='ocrx_word' id='word_1_247' title='bbox 1515 4067 1641 4128; x_wconf 90' lang='lat' dir='ltr'><strong>videre</strong></span> <span class='ocrx_word' id='word_1_248' title='bbox 1661 4071 1697 4128; x_wconf 92' lang='lat' dir='ltr'><strong>et</strong></span> 
     </span>
     <span class='ocr_line' id='line_1_30' title="bbox 357 4172 1698 4254; baseline 0.001 -20"><span class='ocrx_word' id='word_1_249' title='bbox 357 4175 486 4254; x_wconf 92' lang='lat' dir='ltr'><strong>reperi.</strong></span> <span class='ocrx_word' id='word_1_250' title='bbox 511 4173 651 4235; x_wconf 85' lang='lat' dir='ltr'><strong>Intexui</strong></span> <span class='ocrx_word' id='word_1_251' title='bbox 671 4172 815 4235; x_wconf 88' lang='lat' dir='ltr'><strong>funibus</strong></span> <span class='ocrx_word' id='word_1_252' title='bbox 839 4174 970 4235; x_wconf 89' lang='lat' dir='ltr'><strong>lectum</strong></span> <span class='ocrx_word' id='word_1_253' title='bbox 994 4192 1121 4245; x_wconf 90' lang='lat' dir='ltr'><strong>meum,</strong></span> <span class='ocrx_word' id='word_1_254' title='bbox 1147 4174 1260 4235; x_wconf 91' lang='lat' dir='ltr'><strong>stravi</strong></span> <span class='ocrx_word' id='word_1_255' title='bbox 1291 4174 1474 4254; x_wconf 88' lang='lat' dir='ltr'><strong>tapetibus</strong></span> <span class='ocrx_word' id='word_1_256' title='bbox 1513 4174 1619 4253; x_wconf 88' lang='lat' dir='ltr'><strong>pictis</strong></span> <span class='ocrx_word' id='word_1_257' title='bbox 1654 4193 1698 4235; x_wconf 90' lang='lat' dir='ltr'><strong>ex</strong></span> 
     </span>
     <span class='ocr_line' id='line_1_31' title="bbox 356 4280 1695 4361; baseline 0 -20"><span class='ocrx_word' id='word_1_258' title='bbox 356 4280 496 4361; x_wconf 88' lang='lat' dir='ltr'><strong>Egipto,</strong></span> <span class='ocrx_word' id='word_1_259' title='bbox 520 4282 660 4361; x_wconf 89' lang='lat' dir='ltr'><strong>aspersi</strong></span> <span class='ocrx_word' id='word_1_260' title='bbox 685 4280 886 4342; x_wconf 90' lang='lat' dir='ltr'><strong>cubiculum</strong></span> <span class='ocrx_word' id='word_1_261' title='bbox 905 4299 1024 4341; x_wconf 90' lang='lat' dir='ltr'><strong>meum</strong></span> <span class='ocrx_word' id='word_1_262' title='bbox 1047 4282 1158 4341; x_wconf 89' lang='lat' dir='ltr'><strong>mirra</strong></span> <span class='ocrx_word' id='word_1_263' title='bbox 1178 4284 1213 4342; x_wconf 93' lang='lat' dir='ltr'><strong>et</strong></span> <span class='ocrx_word' id='word_1_264' title='bbox 1230 4281 1310 4342; x_wconf 92' lang='lat' dir='ltr'><strong>aloe</strong></span> <span class='ocrx_word' id='word_1_265' title='bbox 1327 4284 1362 4342; x_wconf 92' lang='lat' dir='ltr'><strong>et</strong></span> <span class='ocrx_word' id='word_1_266' title='bbox 1379 4282 1587 4354; x_wconf 88' lang='lat' dir='ltr'><strong>cinamomo,</strong></span> <span class='ocrx_word' id='word_1_267' title='bbox 1604 4282 1695 4352; x_wconf 89' lang='lat' dir='ltr'><strong>veni,</strong></span> 
     </span>
     <span class='ocr_line' id='line_1_32' title="bbox 356 4385 1697 4468; baseline 0.001 -20"><span class='ocrx_word' id='word_1_268' title='bbox 356 4388 575 4449; x_wconf 90' lang='lat' dir='ltr'><strong>inebriemur</strong></span> <span class='ocrx_word' id='word_1_269' title='bbox 586 4388 758 4449; x_wconf 89' lang='lat' dir='ltr'><strong>uberibus</strong></span> <span class='ocrx_word' id='word_1_270' title='bbox 771 4391 806 4449; x_wconf 92' lang='lat' dir='ltr'><strong>et</strong></span> <span class='ocrx_word' id='word_1_271' title='bbox 817 4385 979 4448; x_wconf 87' lang='lat' dir='ltr'><strong>fruamur</strong></span> <span class='ocrx_word' id='word_1_272' title='bbox 994 4387 1125 4466; x_wconf 86' lang='lat' dir='ltr'><strong>cupitis</strong></span> <span class='ocrx_word' id='word_1_273' title='bbox 1139 4388 1372 4468; x_wconf 87' lang='lat' dir='ltr'><strong>amplexibus,</strong></span> <span class='ocrx_word' id='word_1_274' title='bbox 1386 4387 1502 4450; x_wconf 91' lang='lat' dir='ltr'><strong>donec</strong></span> <span class='ocrx_word' id='word_1_275' title='bbox 1511 4389 1697 4450; x_wconf 89' lang='lat' dir='ltr'><strong>illucescat</strong></span> 
     </span>
     <span class='ocr_line' id='line_1_33' title="bbox 358 4493 1696 4574; baseline 0.001 -19"><span class='ocrx_word' id='word_1_276' title='bbox 358 4495 446 4556; x_wconf 90' lang='lat' dir='ltr'><strong>dies.</strong></span> <span class='ocrx_word' id='word_1_277' title='bbox 472 4493 551 4555; x_wconf 90' lang='lat' dir='ltr'><strong>Non</strong></span> <span class='ocrx_word' id='word_1_278' title='bbox 574 4498 629 4556; x_wconf 92' lang='lat' dir='ltr'><strong>est</strong></span> <span class='ocrx_word' id='word_1_279' title='bbox 653 4496 747 4556; x_wconf 90' lang='lat' dir='ltr'><strong>enim</strong></span> <span class='ocrx_word' id='word_1_280' title='bbox 770 4495 825 4554; x_wconf 87' lang='lat' dir='ltr'><strong>vir</strong></span> <span class='ocrx_word' id='word_1_281' title='bbox 848 4495 885 4554; x_wconf 89' lang='lat' dir='ltr'><strong>in</strong></span> <span class='ocrx_word' id='word_1_282' title='bbox 908 4495 1016 4556; x_wconf 90' lang='lat' dir='ltr'><strong>domo</strong></span> <span class='ocrx_word' id='word_1_283' title='bbox 1039 4512 1114 4563; x_wconf 89' lang='lat' dir='ltr'><strong>sua,</strong></span> <span class='ocrx_word' id='word_1_284' title='bbox 1138 4495 1228 4555; x_wconf 86' lang='lat' dir='ltr'><strong>abiit</strong></span> <span class='ocrx_word' id='word_1_285' title='bbox 1250 4496 1310 4555; x_wconf 89' lang='lat' dir='ltr'><strong>via</strong></span> <span class='ocrx_word' id='word_1_286' title='bbox 1333 4495 1549 4574; x_wconf 88' lang='lat' dir='ltr'><strong>longissima,</strong></span> <span class='ocrx_word' id='word_1_287' title='bbox 1574 4513 1696 4557; x_wconf 91' lang='lat' dir='ltr'><strong>saccu-</strong></span> 
     </span>
     <span class='ocr_line' id='line_1_34' title="bbox 357 4601 1696 4680; baseline 0.001 -17"><span class='ocrx_word' id='word_1_288' title='bbox 357 4602 430 4663; x_wconf 90' lang='lat' dir='ltr'><strong>lum</strong></span> <span class='ocrx_word' id='word_1_289' title='bbox 453 4602 606 4680; x_wconf 91' lang='lat' dir='ltr'><strong>pecunie</strong></span> <span class='ocrx_word' id='word_1_290' title='bbox 630 4620 751 4664; x_wconf 92' lang='lat' dir='ltr'><strong>secum</strong></span> <span class='ocrx_word' id='word_1_291' title='bbox 775 4601 876 4674; x_wconf 90' lang='lat' dir='ltr'><strong>tulit;</strong></span> <span class='ocrx_word' id='word_1_292' title='bbox 902 4602 939 4662; x_wconf 91' lang='lat' dir='ltr'><strong>in</strong></span> <span class='ocrx_word' id='word_1_293' title='bbox 962 4602 1021 4662; x_wconf 92' lang='lat' dir='ltr'><strong>die</strong></span> <span class='ocrx_word' id='word_1_294' title='bbox 1035 4601 1142 4680; x_wconf 88' lang='lat' dir='ltr'><strong>plene</strong></span> <span class='ocrx_word' id='word_1_295' title='bbox 1158 4602 1240 4662; x_wconf 90' lang='lat' dir='ltr'><strong>lune</strong></span> <span class='ocrx_word' id='word_1_296' title='bbox 1253 4619 1463 4663; x_wconf 88' lang='lat' dir='ltr'><strong>reversurus</strong></span> <span class='ocrx_word' id='word_1_297' title='bbox 1481 4605 1535 4664; x_wconf 91' lang='lat' dir='ltr'><strong>est</strong></span> <span class='ocrx_word' id='word_1_298' title='bbox 1551 4601 1696 4664; x_wconf 89' lang='lat' dir='ltr'><strong>domum</strong></span> 
     </span>
    </p>
   </div>
   <div class='ocr_carea' id='block_1_3' title="bbox 357 4943 1695 5102">
    <p class='ocr_par' dir='ltr' id='par_1_4' title="bbox 357 4943 1695 5102">
     <span class='ocr_line' id='line_1_35' title="bbox 463 4943 1693 5010; baseline -0.002 -14"><span class='ocrx_word' id='word_1_299' title='bbox 463 4947 496 5007; x_wconf 83' lang='lat' dir='ltr'><strong>a)</strong></span> <span class='ocrx_word' id='word_1_300' title='bbox 517 4970 549 4979; x_wconf 91' lang='lat'><em>-</em></span> <span class='ocrx_word' id='word_1_301' title='bbox 573 4944 626 5010; x_wconf 90' lang='lat' dir='ltr'><strong>qui</strong></span> <span class='ocrx_word' id='word_1_302' title='bbox 651 4945 755 4996; x_wconf 88' lang='lat' dir='ltr'><strong>autem</strong></span> <span class='ocrx_word' id='word_1_303' title='bbox 780 4945 902 4996; x_wconf 87' lang='lat' dir='ltr'><strong>adulter</strong></span> <span class='ocrx_word' id='word_1_304' title='bbox 920 4944 969 4995; x_wconf 85' lang='lat' dir='ltr'><strong>est</strong></span> <span class='ocrx_word' id='word_1_305' title='bbox 993 4944 1124 5010; x_wconf 89' lang='lat' dir='ltr'><strong>propter</strong></span> <span class='ocrx_word' id='word_1_306' title='bbox 1149 4943 1253 4996; x_wconf 89' lang='lat' dir='ltr'><strong>cordis</strong></span> <span class='ocrx_word' id='word_1_307' title='bbox 1273 4943 1409 5009; x_wconf 87' lang='lat' dir='ltr'><strong>inopiam</strong></span> <span class='ocrx_word' id='word_1_308' title='bbox 1428 4943 1539 5009; x_wconf 88' lang='lat' dir='ltr'><strong>perdet</strong></span> <span class='ocrx_word' id='word_1_309' title='bbox 1558 4943 1693 4995; x_wconf 87' lang='lat' dir='ltr'><strong>animam</strong></span> 
     </span>
     <span class='ocr_line' id='line_1_36' title="bbox 357 5031 1695 5102; baseline -0.001 -18"><span class='ocrx_word' id='word_1_310' title='bbox 357 5046 453 5085; x_wconf 86' lang='lat' dir='ltr'><strong>suam.</strong></span> <span class='ocrx_word' id='word_1_311' title='bbox 481 5033 513 5095; x_wconf 82' lang='lat' dir='ltr'><strong>b)</strong></span> <span class='ocrx_word' id='word_1_312' title='bbox 533 5059 564 5069; x_wconf 98' lang='lat'><em>-</em></span> <span class='ocrx_word' id='word_1_313' title='bbox 584 5048 648 5086; x_wconf 90' lang='lat' dir='ltr'><strong>non</strong></span> <span class='ocrx_word' id='word_1_314' title='bbox 667 5034 819 5086; x_wconf 87' lang='lat' dir='ltr'><strong>contineri</strong></span> <span class='ocrx_word' id='word_1_315' title='bbox 837 5034 952 5099; x_wconf 86' lang='lat' dir='ltr'><strong>poterit</strong></span> <span class='ocrx_word' id='word_1_316' title='bbox 970 5033 1148 5085; x_wconf 87' lang='lat' dir='ltr'><strong>substinere</strong></span> <span class='ocrx_word' id='word_1_317' title='bbox 1166 5048 1237 5085; x_wconf 91' lang='lat' dir='ltr'><strong>eum</strong></span> <span class='ocrx_word' id='word_1_318' title='bbox 1259 5031 1391 5102; x_wconf 86' lang='lat' dir='ltr'><strong>figurate</strong></span> <span class='ocrx_word' id='word_1_319' title='bbox 1409 5047 1473 5086; x_wconf 89' lang='lat' dir='ltr'><strong>non</strong></span> <span class='ocrx_word' id='word_1_320' title='bbox 1490 5032 1587 5098; x_wconf 87' lang='lat' dir='ltr'><strong>loqui,</strong></span> <span class='ocrx_word' id='word_1_321' title='bbox 1607 5032 1695 5085; x_wconf 87' lang='lat' dir='ltr'><strong>sed..</strong></span> 
     </span>
    </p>
   </div>
   <div class='ocr_carea' id='block_1_4' title="bbox 466 5207 903 5275">
    <p class='ocr_par' dir='ltr' id='par_1_5' title="bbox 466 5207 903 5275">
     <span class='ocr_line' id='line_1_37' title="bbox 466 5207 903 5275; baseline 0 -12"><span class='ocrx_word' id='word_1_322' title='bbox 466 5207 487 5275; x_wconf 73' lang='lat'><strong>¹)</strong></span> <span class='ocrx_word' id='word_1_323' title='bbox 506 5209 551 5263; x_wconf 82' lang='lat' dir='ltr'><strong>cf.</strong></span> <span class='ocrx_word' id='word_1_324' title='bbox 570 5212 724 5275; x_wconf 69' lang='lat' dir='ltr'><strong>Proverb,</strong></span> <span class='ocrx_word' id='word_1_325' title='bbox 742 5211 791 5274; x_wconf 88' lang='lat' dir='ltr'><strong>VI,</strong></span> <span class='ocrx_word' id='word_1_326' title='bbox 810 5211 903 5265; x_wconf 68' lang='lat'><em>2432.</em></span> 
     </span>
    </p>
   </div>
   <div class='ocr_carea' id='block_1_5' title="bbox 0 0 2163 6116">
    <p class='ocr_par' dir='ltr' id='par_1_6' title="bbox 0 0 2163 6116">
     <span class='ocr_line' id='line_1_38' title="bbox 0 0 2163 6116; baseline 0 0"><span class='ocrx_word' id='word_1_327' title='bbox 0 0 2163 6116; x_wconf 95' lang='lat' dir='ltr'><strong> </strong></span> 
     </span>
    </p>
   </div>
  </div>
 </body>
</html>
