4300 6117
927 1645 1137 1752 [CAPUT
1166 1646 1329 1753 XVI]

415 2018 446 2082 1,
551 2001 634 2090 [Elx
655 2009 838 2089 predictis,
862 2009 1050 2070 brevitatis
1077 2026 1201 2070 amore
1223 2010 1370 2070 contuse
1392 2010 1560 2080 narratis,
1594 2009 1645 2072 ad
1665 2029 1799 2092 propo·

461 2115 568 2178 situm
591 2116 739 2178 dubium
761 2118 881 2196 potest
902 2115 1103 2195 partiliter⁸
1128 2116 1351 2194 responderi
1378 2114 1471 2176 Nam
1492 2117 1704 2178 naturalis
1727 2136 1799 2197 que

461 2241 581 2285 rerum
615 2224 837 2284 creucionem
867 2240 939 2283 uon
968 2222 1068 2283 novit
1098 2224 1135 2282 et
1162 2223 1397 2292 eternitatem,
1430 2223 1497 2284 sed
1517 2225 1800 2303 perpetuitatem

460 2329 585 2392 mundi
607 2332 671 2391 aut
689 2331 847 2410 probare
868 2329 1003 2400 nititur,
1027 2330 1092 2390 aut
1113 2329 1292 2409 supponit,
1317 2332 1354 2391 et
1376 2347 1443 2409 per
1473 2329 1540 2392 hoc
1570 2333 1627 2391 est
1651 2333 1799 2393 veritati

461 2437 642 2500 contraria
654 2437 691 2498 in
706 2434 898 2516 superficie
913 2438 1061 2507 tantum,
1079 2439 1118 2497 ut
1133 2436 1253 2507 credo,
1269 2439 1304 2498 et
1320 2435 1569 2516 theologica,
1587 2455 1658 2517 que
1671 2439 1799 2500 metris

461 2545 574 2607 currit
587 2544 647 2606 vel
660 2561 770 2624 prosa
784 2543 982 2605 sinceritati
997 2541 1085 2604 fidei
1099 2543 1137 2603 iu
1152 2559 1218 2603 suo
1231 2543 1446 2604 vestimento
1468 2545 1623 2616 rebellis,
1644 2563 1799 2625 nequa·

461 2669 582 2731 quam
604 2653 701 2712 sunt
723 2651 913 2730 legende,
942 2651 1024 2711 uisi
1045 2668 1068 2710 a
1090 2650 1255 2730 paucis,
1283 2651 1324 2711 in
1352 2649 1442 2711 tide
1466 2651 1571 2712 bene
1593 2651 1797 2723 fundatis,

461 2777 635 2839 quorum
659 2760 724 2819 est
746 2756 947 2819 infideles
970 2760 1010 2819 et
1032 2755 1247 2818 hereticos
1271 2769 1522 2837 expugnare.
1551 2755 1612 2817 Hii
1635 2759 1740 2831 enim,
1765 2758 1798 2821 si

461 2865 578 2928 sciunt
593 2883 616 2926 a
630 2865 751 2927 tritico
765 2864 904 2925 zizania
916 2881 1097 2944 separare,
1113 2863 1248 2925 debent
1259 2865 1407 2924 mixtum
1418 2865 1549 2944 migma
1563 2865 1600 2924 in
1609 2883 1698 2926 area
1712 2884 1798 2927 ven·

460 2971 566 3034 tilare
581 2974 617 3034 et
632 2991 761 3052 purum
776 2975 886 3050 atque
898 2971 1100 3032 defecatum
1112 2971 1231 3032 cibum
1246 2973 1283 3031 et
1294 2973 1418 3050 potum
1428 2961 1443 3053 Ι
1454 3016 1461 3042 ,
1474 2989 1547 3032 non
1558 2975 1795 3052 compactum,

457 3079 601 3159 populis
623 3079 835 3140 ministrare.
859 3076 916 3150 At,
941 3078 1026 3157 quia
1050 3078 1101 3138 nil
1128 3077 1318 3157 presertim
1330 3077 1377 3138 de
1398 3077 1467 3138 hiis
1484 3096 1554 3157 que
1569 3081 1735 3158 spectant
1746 3080 1798 3140 ad

460 3185 594 3247 cultum
616 3185 692 3258 Dei,
716 3185 753 3246 in
777 3184 891 3246 sacris
916 3183 1063 3245 Litteris
1088 3186 1143 3245 est
1174 3184 1347 3245 intactum
1376 3184 1423 3245 ab
1457 3185 1594 3257 alienis,
1617 3186 1796 3265 aquibus

457 3291 554 3354 Deus
577 3311 682 3354 verus
705 3292 818 3354 noluit
841 3291 1032 3371 predicari,
1057 3309 1167 3370 quum
1190 3292 1373 3370 peccatori
1397 3291 1487 3352 dixit
1501 3291 1618 3353 Deus:
1644 3311 1660 3344 ‹
1674 3291 1796 3378 Quare

455 3401 496 3461 tu
520 3417 667 3462 enarras
691 3399 851 3461 iusticias
874 3417 972 3460 meas
996 3401 1032 3459 et
1054 3398 1206 3459 assumis
1230 3399 1481 3460 testamentum
1512 3417 1629 3460 meum
1657 3417 1727 3478 per
1752 3417 1794 3462 os

456 3507 583 3568 tuum»
602 3505 622 3578 ¹,
647 3508 702 3568 est
733 3505 936 3567 omnimode
965 3505 1227 3566 abstinendum.
1259 3503 1364 3566 Certe
1386 3505 1418 3565 si
1441 3506 1559 3566 renuit
1581 3523 1604 3566 a
1627 3507 1795 3584 peccato·

457 3613 556 3676 ribus
590 3613 740 3676 vocibus
772 3613 947 3683 venerari,
972 3612 1110 3672 clarum
1133 3614 1188 3673 est
1210 3612 1327 3691 ipsum
1357 3630 1428 3672 non
1451 3614 1642 3691 acceptare
1666 3613 1795 3674 laudes

457 3719 688 3782 ethnicorum.
703 3715 880 3799 -Turpe
894 3736 1022 3798 nempe
1044 3720 1189 3798 reputat
1211 3719 1356 3798 sapiens
1378 3736 1402 3778 a
1424 3719 1590 3798 turpibus
1614 3737 1793 3782 commen·

456 3827 546 3898 dari,
559 3843 602 3889 ac
617 3827 649 3889 si
664 3825 873 3888 laudaretur
888 3826 936 3887 ob
952 3825 1082 3906 turpia.
1101 3842 1117 3875 ‹
1128 3824 1228 3896 Nolo,
1244 3826 1369 3904 inquit
1387 3825 1529 3886 laudari
1546 3826 1593 3887 ab
1608 3826 1687 3898 hiis,
1705 3844 1792 3906 quo·

456 3953 535 3996 rum
556 3934 635 3996 laus
659 3933 873 4013 vituperium
897 3936 961 4002 est,
987 3950 1053 3994 nec
1076 3932 1124 3993 ab
1147 3931 1214 3992 hiis
1238 3932 1377 4010 culpari
1392 3949 1533 4005 vereor,
1558 3951 1710 4012 quorum
1726 3934 1792 3995 cri·

455 4041 607 4104 minucio
622 4042 701 4102 laus
717 4042 773 4102 est
788 4039 829 4102 »²,
844 4070 885 4082 -
898 4037 977 4100 Non
1000 4041 1080 4119 eget
1101 4037 1197 4100 Deus
1221 4039 1404 4100 lenociniis
1428 4039 1569 4102 nostris.
1594 4039 1675 4119 Ipse
1691 4040 1737 4102 de
1752 4058 1793 4102 se

455 4151 578 4210 notum
600 4145 686 4209 tecit
707 4165 773 4228 per
796 4163 886 4226 quos
911 4148 946 4208 et
969 4147 1099 4225 quibus
1123 4146 1235 4208 voluit
1259 4145 1432 4224 quicquid
1454 4146 1539 4208 sciri
1561 4147 1693 4220 voluit;
1723 4146 1790 4209 hiis

456 4255 601 4326 addere,
626 4253 817 4316 detrahere
842 4256 905 4315 est.
931 4251 1044 4338 Quem
1068 4253 1160 4315 enim
1181 4253 1349 4332 proprius
1372 4252 1488 4314 honor
1508 4253 1636 4325 attolit,
1653 4254 1791 4316 alienus

454 4380 573 4425 sermo
594 4380 666 4424 non
687 4360 861 4441 provehit,
885 4359 950 4421 sed
973 4359 1071 4420 viror
1093 4360 1248 4421 insertus
1272 4362 1307 4420 et
1329 4359 1443 4421 virtus
1462 4359 1638 4421 inherens.
1662 4359 1789 4422 Aliena

454 4469 535 4531 luce
558 4469 613 4531 sol
635 4486 706 4529 nou
727 4468 864 4548 patitur
887 4467 1136 4537 demonstrari,
1162 4484 1226 4527 nec
1251 4465 1429 4528 accidenti
1453 4466 1573 4529 colore
1607 4467 1791 4530 venustari

456 4683 667 4694 ...-——

560 4869 593 4930 α)
612 4883 645 4912 =
662 4865 900 4933 particulariter.

564 5041 583 5106 ¹)
601 5043 715 5096 Psatm.
735 5041 839 5106 XLIX,
859 5041 900 5094 1⁶.

562 5128 582 5197 ⁹)
602 5131 646 5185 CI.
666 5131 885 5197 Polycruttcus,
904 5130 957 5182 lib.
979 5127 1057 5193 VIII,
1076 5142 1143 5195 cap.
1161 5135 1226 5180 nv·
