4300 6117
837 918 1025 971 IOHANNIS
1047 917 1229 971 DOMINICI
1634 907 1697 970 201

364 1140 524 1213 Ovidius,
559 1137 732 1229 Tragicus
758 1144 794 1203 et
817 1140 993 1214 Lucanus,
1019 1159 1172 1220 quorum
1194 1141 1306 1203 libros
1329 1142 1505 1203 vocarunt
1528 1138 1700 1213 fatales,

365 1252 400 1312 et
424 1250 455 1311 si
488 1248 588 1310 allud
612 1267 719 1328 quam
757 1249 817 1310 ille
845 1248 1011 1321 dixerint,
1047 1251 1224 1310 noverunt
1247 1247 1294 1310 de
1317 1246 1392 1310 fide
1425 1248 1556 1327 pagani
1590 1248 1701 1309 libros

363 1374 486 1419 sacros
510 1358 654 1417 autores
678 1355 849 1426 habuere,
890 1374 980 1435 quos
1003 1354 1097 1417 forte
1120 1356 1211 1416 vidit
1235 1354 1348 1425 Plato,
1386 1355 1531 1434 quando
1554 1355 1702 1417 intravit

363 1462 542 1545 Egyptum
552 1460 572 1524 ¹.
611 1462 809 1543 Diligenter
833 1463 928 1523 enim
963 1463 1163 1534 considero,
1199 1462 1297 1541 quod
1320 1463 1380 1524 ille
1403 1462 1539 1524 vatisse
1562 1480 1633 1523 non
1656 1461 1702 1524 de

364 1570 543 1633 hebraicis
566 1570 703 1650 legibus
727 1570 786 1631 vel
809 1570 959 1631 culturis
983 1570 1214 1648 scripserunt,
1239 1569 1304 1659 sed
1327 1569 1374 1631 de
1393 1567 1586 1648 Xpistiana
1609 1568 1701 1630 salu·

363 1678 522 1739 berrima
537 1675 621 1739 fide.
645 1675 724 1738 Hoc
739 1694 836 1749 vero,
853 1678 938 1755 quia
953 1677 1011 1738 lex
1024 1677 1097 1748 illa,
1115 1679 1154 1738 ut
1170 1678 1263 1738 bene
1279 1676 1386 1738 docet
1400 1676 1565 1738 Doctor
1581 1694 1701 1737 sanc·

364 1783 466 1857 tusi,
498 1785 703 1845 necessarIa
725 1802 797 1846 non
820 1786 898 1845 erat
921 1784 1111 1863 gentilibus
1135 1783 1184 1845 ad
1207 1783 1367 1856 salutem,
1393 1783 1459 1845 sed
1482 1784 1560 1844 sine
1581 1781 1700 1862 Xpisti

363 1890 438 1953 fide
473 1908 586 1962 nemo,
621 1891 817 1952 secundum
853 1892 965 1970 legem
988 1889 1055 1951 Dei
1080 1891 1283 1952 ordinatam
1294 1888 1315 1962 ³,
1339 1893 1459 1969 potest
1483 1890 1626 1952 salvari.
1664 1890 1698 1951 Is

365 2011 459 2079 ergo,
483 1998 636 2078 quivult
659 2016 799 2059 omnem
820 1997 999 2059 hominem
1022 1998 1166 2068 salvari,
1184 2016 1247 2059 sue
1268 1999 1406 2059 facture
1427 1998 1602 2067 misertus,
1628 1995 1699 2058 He·

364 2106 471 2177 breis,
507 2105 615 2166 velud
638 2095 652 2188 ll
677 2105 764 2166 viris
787 2104 967 2184 perfectis,
1002 2103 1170 2185 Xpistum
1204 2105 1425 2165 nasciturum
1460 2122 1540 2165 cum
1570 2104 1698 2166 ceteris

364 2212 524 2274 articulis
558 2230 625 2291 per
660 2215 803 2273 sanctos
840 2211 1065 2291 patriarchas
1101 2215 1137 2273 et
1167 2211 1363 2291 prophetas
1387 2212 1630 2272 manifestavit
1653 2211 1700 2272 de

364 2320 461 2391 celis,
498 2337 559 2381 eos
583 2318 654 2379 alia
678 2320 883 2380 testimonia
906 2337 1058 2398 querere
1082 2319 1216 2380 nolens.
1258 2316 1468 2399 Infidelibus
1492 2336 1589 2390 vero,
1623 2320 1701 2379 tan·

365 2445 474 2506 quam
495 2425 656 2498 infirmis,
693 2426 907 2487 effeminatis
932 2429 967 2487 et
990 2425 1220 2505 imperfectis,
1257 2444 1323 2505 per
1350 2424 1502 2486 feminas
1530 2426 1701 2505 precipue

364 2533 580 2611 loquebatur
603 2533 733 2595 clarius
758 2520 824 2595 sed
848 2536 883 2594 et
906 2533 1066 2594 brevius:
1091 2532 1158 2594 hoc
1173 2533 1300 2611 ipsum,
1325 2535 1365 2593 ut
1379 2533 1542 2594 venirent
1565 2532 1614 2593 ad
1630 2533 1701 2593 cul·

365 2643 480 2701 torem
506 2641 581 2701 eius
605 2639 759 2701 docendi
782 2641 819 2700 in
844 2658 950 2719 quem
974 2639 1123 2701 credere
1145 2640 1427 2712 mandabantur;
1454 2642 1490 2701 et
1509 2642 1702 2719 postquam

362 2748 547 2809 venissent
570 2745 617 2807 ad
640 2745 816 2826 Xpistum,
856 2747 1018 2808 dicerent
1050 2746 1191 2808 mulieri
1213 2747 1444 2825 predicatrIci
1470 2746 1591 2827 priori,
1618 2746 1702 2825 quia

368 2855 468 2916 «iam
500 2855 650 2933 propter
681 2856 780 2915 tuam
817 2853 996 2932 loquelam
1027 2872 1099 2915 non
1131 2854 1338 2915 credimus:
1374 2854 1443 2933 ipsi
1479 2854 1572 2915 enim
1601 2854 1702 2914 audi·

363 2962 479 3023 vimus
504 2964 539 3022 et
562 2961 702 3033 scimus,
728 2962 819 3040 quia
842 2959 899 3022 hle
923 2964 978 3022 est
1000 2979 1087 3022 vere
1111 2959 1278 3022 Salvator
1304 2960 1427 3021 mundi
1440 2982 1454 3015 »
1469 2959 1490 3033 ⁴,
1531 2961 1700 3039 quemad-

364 3068 509 3129 modum
543 3070 668 3147 aperte
701 3069 739 3130 in
762 3066 1094 3129 Samaritanorum·
1118 3068 1351 3129 conversione
1373 3067 1546 3129 Dominus
1576 3066 1699 3129 Ihesus

363 3175 476 3236 voluit
499 3175 664 3255 figurare.
689 3165 703 3258 {l
730 3173 767 3236 Si
783 3175 890 3254 igitur
905 3172 1049 3245 Hebrei,
1067 3174 1231 3236 velamen
1244 3174 1418 3236 habentes
1435 3193 1559 3237 eorum
1580 3172 1699 3253 Scrip-

364 3285 454 3353 ture,
478 3300 550 3342 non
566 3281 718 3344 credunt
742 3299 947 3360 quanquam
960 3282 1090 3361 legant,
1107 3282 1256 3361 gentiles
1273 3282 1402 3353 effecti,
1420 3282 1573 3343 sibilinis
1590 3282 1699 3342 versi·

364 3389 431 3450 bus
455 3388 614 3459 credant,
651 3407 694 3450 ac
717 3389 748 3450 si
769 3387 959 3467 Xpistiani,
996 3407 1068 3451 non
1092 3407 1209 3460 carne,
1247 3388 1313 3450 sed
1336 3389 1473 3468 spiritu,
1512 3407 1555 3450 ex
1578 3388 1699 3468 lapide

363 3494 492 3574 Xpisto
515 3496 677 3557 suscitati
701 3499 783 3557 sunt
806 3495 873 3556 filii
887 3495 1008 3557 Abrae
1019 3492 1039 3556 ⁵.
1064 3494 1118 3557 De
1134 3495 1303 3558 thesauro
1320 3496 1449 3568 cordis,
1476 3496 1538 3575 qui
1558 3490 1699 3557 eciamb

365 3604 421 3664 est
444 3604 585 3674 caritas,
620 3601 737 3665 forma
763 3602 937 3664 virtutum
973 3606 1008 3664 et
1033 3602 1146 3674 radix,
1181 3602 1369 3682 proferant
1398 3621 1491 3664 nova
1515 3603 1561 3664 de
1585 3604 1699 3664 veteri

244 3789 246 3792 Ι
363 3705 595 3771 Testamento
619 3712 654 3771 et
675 3712 799 3771 vetera
835 3709 882 3771 de
916 3728 1018 3780 novo,
1056 3708 1243 3788 quodlibet
1266 3710 1312 3771 de
1336 3712 1498 3789 utroque,
1537 3710 1638 3771 vanis
1663 3713 1699 3771 et

363 3814 586 3878 infantilibus
610 3819 719 3895 atque
743 3816 920 3878 extraneis
945 3816 1154 3878 infidelibus
1178 3817 1369 3878 derelictis.

476 3922 568 3984 Hinc
592 3924 643 3984 ait
666 3940 770 3984 sacer
792 3924 941 3984 antistes
965 3922 1245 3995 Ambrosius,
1271 3942 1379 4003 super
1403 3924 1619 4002 epistola
1642 3923 1765 3993 ad11.

365 4028 676 4103 Colocenses,
710 4032 746 4091 et
780 4028 959 4091 habentur
983 4032 1059 4092 eius
1083 4031 1195 4092 verba
1218 4031 1255 4091 in
1279 4028 1482 4103 Canone,
1507 4028 1699 4091 XXXVII

472 4518 505 4578 a)
523 4516 566 4568 Ici
583 4530 761 4569 commence
780 4530 842 4568 une
859 4517 949 4568 autre
967 4516 1100 4569 e'criture
1118 4532 1158 4568 en
1175 4517 1272 4583 petite
1284 4516 1417 4579 cursive,
1434 4516 1513 4569 mais
1529 4515 1699 4569 seulement

363 4612 505 4680 pendant
521 4613 539 4666 9
556 4614 654 4681 lignes
672 4613 806 4681 jusqu’a:
826 4615 861 4666 In
882 4629 996 4666 canone
1014 4615 1173 4667 XXXVII.
1210 4616 1242 4678 b)
1264 4642 1290 4651 —
1314 4615 1415 4667 etiam.

472 4815 494 4881 ¹)
512 4817 558 4871 ef.
579 4818 609 4871 S.
628 4819 709 4872 Aue.
729 4820 777 4872 De
798 4819 882 4872 civo.
900 4822 967 4885 Det,
982 4820 1061 4883 VIII,
1081 4832 1122 4873 xi.
1141 4821 1177 4873 ln
1198 4820 1287 4888 Oper.
1306 4822 1369 4885 VH,
1388 4822 1449 4875 235.

473 4904 494 4972 Ἴ
513 4907 558 4965 cf.
577 4907 607 4960 S.
624 4906 730 4960 ΤΗΟΜ.
749 4908 832 4962 Sum.
855 4908 953 4962 Theoi.
971 4910 1093 4974 1121120,
1112 4909 1146 4984 Q.
1166 4910 1202 4974 Il,
1223 4926 1249 4963 a.
1269 4912 1294 4963 7.

473 4993 494 5060 ³)
513 4996 542 5049 S.
561 4998 668 5059 PAUL,
687 4998 730 5049 ud
746 4998 840 5051 Hebr.
858 4998 909 5062 XI,
927 4999 953 5051 6.

472 5083 494 5149 ⁴)
512 5085 543 5138 8.
560 5085 672 5138 lom.
691 5086 740 5149 lv,
758 5086 803 5139 42.

473 5170 494 5240 ὅ)
512 5174 542 5227 8.
560 5175 684 5227 Murus
704 5176 754 5239 III,
773 5176 805 5231 9:
825 5176 854 5229 S.
873 5177 948 5232 Luc,
967 5178 1017 5242 111,
1036 5179 1063 5231 8.
