4300 6117
813 929 1000 985 IOHANNIS
1023 929 1209 983 DOMINICI
1613 918 1680 981 299

349 1026 420 1039 ——a

338 1173 419 1217 cum
442 1158 603 1234 emptore
625 1155 673 1217 de
694 1154 915 1227 vendicioue,
948 1173 1030 1217 cum
1054 1154 1134 1217 viro
1157 1154 1269 1216 livido
1295 1154 1341 1215 de
1364 1154 1495 1235 graciis
1520 1153 1678 1233 agendis,

338 1265 374 1323 et
398 1264 563 1324 cetera...
579 1281 594 1315 r
608 1258 627 1322 ¹.

448 1367 550 1430 Nunc
573 1371 693 1432 autem
726 1368 982 1447 disputandum
1020 1388 1091 1431 non
1125 1387 1208 1431 reor
1241 1386 1288 1429 an
1323 1368 1393 1430 sint
1432 1368 1608 1438 infideles,
1633 1367 1680 1429 de
1694 1361 1726 1425 3.

339 1475 468 1555 quibus
503 1493 652 1555 presens
686 1476 818 1537 texitur
848 1474 966 1555 opus'l
1002 1473 1156 1561 Quocies
1194 1476 1347 1537 enimin
1370 1474 1516 1537 Litteris
1542 1474 1679 1537 sanctis

337 1581 509 1645 Dominus
547 1586 668 1645 monet
701 1583 864 1663 populos,
903 1586 977 1645 tam
1010 1583 1047 1644 in
1081 1583 1194 1661 priori
1228 1601 1337 1662 quam
1370 1583 1407 1643 in
1447 1578 1679 1643 Testamento

339 1691 511 1769 sequenti,
536 1709 582 1752 ne
605 1690 754 1753 audiant
776 1688 888 1752 falsos
922 1690 1128 1769 prophetas,
1154 1690 1316 1768 quamvis
1353 1707 1440 1769 sepe
1476 1707 1563 1750 vera
1597 1707 1679 1768 pro·

338 1797 484 1869 terrent,
523 1797 570 1859 ad
607 1815 759 1877 qnorum
796 1796 990 1859 falsitatem
1024 1796 1311 1869 discernendam,
1352 1796 1546 1858 addebat:
1595 1794 1680 1858 ‹Et

341 1914 405 1983 ego
428 1921 499 1964 non
521 1904 601 1965 misi
624 1922 686 1967 eos
705 1924 720 1958 ›
738 1903 759 1975 ²,
783 1910 870 1965 aut:
897 1902 1006 1983 <Ego
1029 1922 1102 1965 non
1114 1921 1193 1965 sum
1205 1904 1257 1965 eis
1272 1904 1411 1965 locutus
1428 1900 1470 1975 ›³,
1488 1903 1546 1965 vel
1566 1903 1681 1966 simile

341 2009 535 2088 quoddam.

454 2114 620 2179 Colorate
653 2118 798 2196 quidem
821 2108 1007 2201 obstabitll
1032 2116 1101 2179 hiis
1124 2117 1309 2198 quippiam
1339 2116 1445 2179 dictis
1469 2135 1655 2196 opponens
1673 2116 1727 2186 24.
1774 2114 1804 2175 L
1817 2112 1890 2177 88¹⁰

341 2221 466 2285 Voluit
502 2242 656 2303 namque
689 2223 861 2287 Dominus
899 2226 937 2286 in
980 2226 1094 2287 veteri
1128 2221 1359 2287 Testamento
1403 2223 1553 2285 Balaam
1589 2226 1683 2287 vatis

342 2330 455 2410 iniqui
485 2332 726 2394 testimonium
748 2329 948 2394 futurorum
983 2332 1129 2405 habere,
1155 2336 1191 2395 et
1225 2333 1318 2394 inter
1349 2350 1454 2394 sacra
1495 2332 1683 2400 conscribi.

342 2439 435 2500 sicut
458 2439 494 2499 in
517 2437 753 2501 Numerorum
775 2440 869 2501 libro
892 2442 1070 2502 tractatur
1098 2439 1263 2519 aperte⁴;
1288 2458 1352 2502 sue
1381 2457 1524 2519 quoque
1557 2439 1685 2501 natiui-

343 2547 428 2607 tatis
451 2546 616 2618 salubris,
641 2565 711 2608 non
734 2546 849 2608 solum
881 2547 1025 2626 angelos
1059 2547 1135 2618 celi,
1170 2550 1233 2609 aut
1255 2566 1299 2609 ex
1321 2544 1476 2609 Hebreis
1507 2550 1683 2626 pastores,

344 2652 667 2732 ierosoIImitasque
689 2654 857 2715 doctores
893 2654 990 2734 eligit
1011 2673 1186 2734 precones
1219 2653 1363 2724 habere,
1389 2655 1454 2716 sed
1492 2655 1606 2716 eciam
1641 2672 1686 2715 ex

344 2761 508 2841 gentibus
530 2772 653 2841 magos
689 2761 737 2822 ad
772 2780 821 2834 se,
850 2779 889 2823 se
923 2762 1165 2842 predicantes,
1188 2760 1292 2824 stella
1326 2762 1419 2823 duce
1442 2761 1620 2841 perduxIt,
1645 2764 1686 2822 ut

345 2868 502 2929 omnium
533 2867 723 2931 Dominum
751 2869 871 2930 omnia
906 2869 1171 2947 quodammodo
1206 2872 1494 2948 protestarentur
1529 2869 1683 2941 venisse,
1721 2946 1724 2951 Ι

346 2975 438 3037 sicut
462 2976 628 3038 morienti
651 2994 721 3037 nou
744 2966 910 3059 tantumn
936 2976 1112 3038 elementa
1135 2976 1312 3055 simulque
1327 2977 1448 3039 sidera
1467 2977 1543 3048 celi,
1560 2994 1685 3037 verum
1773 2968 1804 3030 B
1820 2966 1893 3030 71ῐο

348 3100 427 3143 cum
450 3085 566 3144 matre
589 3101 654 3144 sua
678 3086 713 3145 et
736 3084 860 3164 paucis
884 3084 987 3145 bonis
1017 3102 1098 3145 cum
1122 3083 1262 3146 latrone
1285 3084 1414 3147 Iudeos
1453 3085 1568 3147 eciam
1602 3096 1684 3164 gen·

347 3189 436 3261 tiles,
462 3192 502 3251 ut
524 3188 719 3271 Longinum
742 3193 852 3269 atque
875 3191 1132 3263 centurionem,
1155 3191 1402 3269 preordinavit
1425 3192 1462 3252 in
1485 3195 1608 3253 testes.

437 3296 496 3358 Ad
518 3296 584 3359 hec
608 3314 695 3358 sane
719 3299 754 3358 et
785 3298 923 3368 similia,
949 3316 1019 3377 que
1049 3297 1131 3360 huic
1167 3298 1461 3361 determinacioni
1497 3297 1684 3360 adversari
1698 3297 1729 3359 5.

347 3403 524 3477 videntur,
549 3403 704 3466 lacilime
728 3404 836 3466 datur
859 3423 1081 3484 responsum.
1119 3403 1220 3477 Nam,
1245 3407 1330 3485 quia
1353 3408 1420 3467 sub
1444 3424 1538 3468 novo
1559 3401 1685 3467 Testa·

348 3513 468 3573 mento
490 3508 584 3573 fides
606 3515 661 3573 est
683 3512 887 3573 necessaria
909 3512 1076 3590 explicite
1100 3513 1311 3592 simpliciter
1324 3513 1372 3575 ad
1389 3514 1550 3585 salutem,
1569 3513 1685 3591 prima

349 3615 514 3680 Veritate
536 3620 745 3681 terribiliter
767 3618 1010 3681 adclamante:
1045 3618 1145 3704 <Qui
1167 3638 1254 3681 vero
1278 3638 1350 3682 non
1373 3620 1578 3691 crediderit,
1603 3638 1685 3681 con·

350 3724 579 3787 demnabitur
598 3748 612 3780 2
633 3722 654 3797 ὅ,
678 3726 740 3805 qui
763 3727 840 3787 vult
864 3720 1003 3787 omnem
1025 3725 1204 3789 hominem
1227 3727 1366 3789 salvum
1389 3726 1478 3799 iieri,
1496 3727 1573 3788 vult
1592 3726 1687 3787 inter

351 3850 473 3893 omnes
496 3831 656 3893 homines
679 3832 789 3894 tidem
812 3833 1017 3912 aliqualiter
1040 3834 1201 3912 reperiri,
1226 3836 1266 3894 ut
1289 3834 1405 3895 nullus
1426 3834 1559 3896 habeat
1583 3852 1686 3895 excu-

351 3940 532 4002 sacionem
556 3939 602 4000 de
625 3943 774 4018 peccato
796 3958 861 4001 suo
872 3938 893 4002 ὕ.
924 3938 993 4013 Sic,
1019 3958 1101 4001 cum
1123 3940 1262 4002 lectitat
1285 3936 1447 4003 ethnicus
1470 3942 1525 4003 sui
1547 3940 1687 4021 generis

350 4046 472 4119 libros,
497 4046 632 4126 reperit
656 4046 853 4126 quidquam
877 4047 923 4109 de
945 4048 1067 4127 ignoto
1090 4046 1178 4120 Deo,
1209 4048 1308 4126 quod
1327 4044 1444 4127 ‘plene
1467 4067 1539 4111 non
1572 4048 1687 4127 perci·

352 4154 415 4233 pii,
440 4154 620 4215 advocare
643 4154 768 4215 nititur
790 4157 853 4215 aut
876 4158 1019 4217 euntem
1042 4156 1171 4233 sponte
1205 4155 1255 4216 ad
1285 4154 1403 4233 ipsum
1435 4156 1561 4217 audire
1594 4156 1688 4216 illins

354 4262 537 4332 cultorem,
562 4262 654 4322 sicut
677 4278 743 4339 pro
760 4265 864 4340 parte
888 4261 934 4322 de
951 4262 1109 4340 quodam
1130 4258 1302 4323 Eunuco⁷
1325 4265 1361 4324 et
1384 4263 1431 4325 de
1446 4260 1691 4344 Dyonisio⁸

463 4594 483 4661 ¹)
503 4594 547 4649 ef.
565 4597 668 4659 Eecli,
686 4595 834 4660 XXXVII,
855 4596 898 4648 12.

463 4682 484 4750 ²)
502 4686 620 4749 IEREII,
639 4685 708 4737 XIV
710 4724 716 4749 ‚
737 4685 778 4737 14.

464 4772 484 4839 ⁰)
502 4776 556 4839 In,
574 4775 637 4837 VII,
656 4774 699 4827 22.

463 4862 485 4930 ⁴)
505 4864 548 4917 CI.
567 4864 657 4917 Num.
676 4865 768 4927 XXII,
786 4864 820 4918 31
840 4880 885 4932 sq.

464 4950 486 5020 ὖ)
505 4953 535 5007 S.
553 4953 664 5017 Mane,
682 4954 760 5018 XVI,
780 4954 823 5008 16.

464 5040 486 5107 ⁹)
505 5042 535 5097 S.
553 5043 664 5096 Ionan.
682 5044 746 5108 xv,
765 5044 808 5097 22.

467 5128 486 5197 ¹)
507 5132 551 5185 ef.
567 5134 635 5187 Aet.
654 5134 731 5197 VIII,
750 5135 785 5186 27
804 5149 849 5201 sq.

466 5218 487 5287 ⁸)
506 5221 551 5275 Οἱ.
570 5222 644 5276 [bid.
663 5222 754 5287 XVII,
777 5223 819 5276 34.
