4300 6117
834 1014 1021 1068 IOHANNIS
1044 1014 1227 1068 DOMINICI
1639 1004 1702 1065 241

366 1238 429 1300 Ait
452 1239 555 1310 enim,
580 1242 619 1300 ui
642 1239 782 1300 clavum
807 1240 909 1300 clavo
934 1238 1140 1300 retundam:
1172 1236 1264 1299 ‹Hii
1286 1256 1356 1299 non
1380 1236 1538 1298 absurde
1563 1254 1704 1316 compa·

370 1350 496 1407 rantur
518 1346 680 1425 leprosis,
717 1346 788 1423 qui,
824 1345 1017 1407 scienciam
1041 1364 1125 1406 vere
1160 1343 1248 1407 fidei
1272 1363 1342 1405 non
1365 1342 1548 1413 habentes,
1584 1344 1704 1405 varias

368 1452 552 1514 doctrinas
565 1450 783 1531 profitentur
796 1453 928 1514 erroris
943 1498 969 1514 ..
993 1450 1072 1514 Non
1085 1453 1178 1513 enim
1196 1450 1424 1514 abscundunt
1443 1451 1705 1529 impericiam

366 1578 479 1630 suam,
504 1560 570 1620 sed
592 1578 659 1637 pro
683 1578 821 1621 summa
844 1559 980 1639 pericia
997 1558 1185 1639 proferunt
1199 1560 1234 1619 in
1250 1560 1366 1620 lucem
1391 1560 1427 1619 et
1448 1559 1705 1619 iactanciam

368 1666 542 1727 sermonis
578 1668 794 1728 obstentant.
832 1666 937 1728 Nulla
971 1685 1082 1746 porro
1117 1665 1209 1727 falsa
1245 1666 1411 1727 doctrina
1435 1667 1498 1737 est,
1541 1682 1611 1743 que
1634 1683 1705 1725 non

369 1774 463 1834 inter
487 1773 609 1852 aliqua
632 1792 719 1834 vera
743 1775 994 1835 intermisceat.
1020 1772 1080 1834 Hii
1103 1774 1243 1835 vitandi
1268 1777 1357 1833 sunt
1371 1794 1398 1833 ».
1429 1770 1507 1833 Hec
1528 1770 1630 1832 Beda
1640 1768 1660 1831 ¹.

474 1877 640 1941 Nondum
656 1898 798 1942 cessare
816 1880 927 1950 Iudei‚
945 1881 1082 1959 epicuri
1099 1883 1134 1942 et
1151 1881 1265 1961 stoyci
1285 1878 1508 1961 phylosophi,
1532 1878 1706 1939 victrici
1723 1876 1774 1940 13.

368 1987 489 2058 Paulo,
525 1988 591 2048 sed
614 1987 733 2049 adhuc
758 1991 933 2049 conantur
956 1999 1144 2067 resurgere
1169 2007 1248 2049 cum
1271 1986 1422 2057 Antheo,
1455 2005 1498 2047 ex
1521 2003 1592 2064 quo
1616 1985 1706 2065 pris·

368 2096 480 2154 tinam
504 2097 656 2156 matrem
679 2096 881 2156 reviserunt
905 2096 1049 2167 erroris,
1075 2096 1121 2156 de
1157 2096 1287 2173 quibus
1314 2094 1484 2155 scribitur
1518 2092 1707 2155 Actuum

370 2202 558 2280 capitulo
584 2209 716 2261 XV110:
743 2201 988 2282 «Disputabat
1013 2203 1120 2280 igitur
1142 2201 1274 2263 Paulus
1299 2202 1334 2262 in
1357 2213 1535 2282 synagoga
1556 2219 1636 2262 cum
1652 2199 1707 2260 Iu·

370 2308 448 2368 deis
472 2312 507 2368 ei
532 2308 740 2380 colentibus,
764 2310 801 2370 in
826 2308 914 2379 foro,
942 2313 976 2369 ei
997 2328 1063 2388 per
1088 2328 1210 2371 omnes
1228 2310 1305 2370 dies
1322 2309 1371 2369 ad
1388 2326 1449 2369 eos
1466 2308 1527 2386 qui
1544 2308 1704 2368 aderant.

369 2412 525 2499 Quidam
549 2417 669 2476 autem
693 2416 830 2495 epicuri
853 2419 889 2477 et
913 2416 1028 2496 sioyci
1050 2415 1254 2495 philosophi
1280 2416 1507 2477 disserebant
1531 2432 1611 2477 cum
1645 2432 1706 2475 eo:

370 2519 466 2606 Quid
480 2522 556 2583 vult
574 2522 825 2583 disseminator
836 2524 1029 2583 verborum
1040 2523 1098 2584 hic
1115 2522 1260 2584 dicerei
1273 2556 1311 2563 —
1325 2521 1396 2582 Alii
1406 2540 1510 2583 vero:
1528 2520 1709 2583 Novorum

371 2628 618 2691 demoniorum
640 2630 785 2691 videtur
820 2630 1060 2691 adnunciator
1096 2630 1194 2691 esse!
1235 2630 1319 2708 quia
1343 2628 1495 2699 Ihesum,
1536 2633 1571 2689 et
1594 2645 1709 2690 resur·

370 2737 565 2797 rectionem
581 2735 826 2797 adnunciabat
842 2738 902 2807 eis,
921 2740 987 2798 etc.
1003 2757 1018 2789 ι
1033 2735 1054 2797 ².
1082 2766 1118 2776 -
1142 2734 1278 2797 Horum
1296 2738 1402 2815 igitur
1419 2736 1616 2806 ecclesiam,
1636 2734 1710 2796 odi-

372 2842 481 2903 bilem
503 2841 590 2914 Deo,
614 2841 780 2922 Apostoli
803 2846 966 2905 evertere
991 2844 1186 2923 cupientes,
1220 2845 1478 2904 convertebant
1502 2842 1651 2921 gentiles
1674 2845 1712 2902 et

376 2967 499 3010 eorum
522 2950 643 3021 libros,
680 2952 742 3029 qui
776 2955 878 3011 erant
913 2951 959 3012 de
993 2952 1161 3021 numeris,
1198 2951 1373 3011 mensuris
1410 2953 1445 3011 et
1475 2949 1640 3011 fortassis
1665 2948 1710 3009 de

374 3056 561 3117 medicinis
576 3061 599 3126 ²,
625 3060 735 3136 atque
759 3058 804 3119 de
821 3059 933 3119 sacris
949 3056 1096 3119 Litteris
1112 3058 1319 3119 vendebant
1342 3058 1470 3119 ceteris
1487 3056 1710 3117 adversanti·
1733 3110 1735 3115 .

371 3164 438 3224 bus
462 3165 589 3242 pietati
613 3183 735 3225 coram
758 3165 931 3235 omnibus,
957 3165 1233 3243 pervictimariis
1257 3164 1395 3226 faciis³.

477 3268 629 3331 Accedit
653 3274 689 3333 et
712 3271 771 3332 ille
795 3273 911 3332 minor
934 3272 1128 3334 vocacione
1152 3271 1334 3333 Iacobus
1358 3273 1482 3344 iustus,
1509 3272 1570 3350 qui
1594 3273 1707 3331 totam
1725 3263 1775 3325 14.

372 3376 575 3438 doctrinam
599 3379 635 3438 in
660 3383 814 3457 quatuor
837 3380 999 3440 membra
1018 3380 1249 3459 distinguens,
1274 3380 1349 3440 aii:
1377 3378 1497 3463 «Quis
1514 3379 1657 3457 sapiens
1674 3379 1710 3438 et

280 3505 284 3511 ·
372 3482 623 3563 disciplinatus
646 3486 837 3557 intervos,
872 3487 1039 3548 ostendat
1075 3505 1118 3547 ex
1148 3488 1243 3548 bona
1268 3487 1545 3547 conversacione
1583 3502 1709 3563 opera·

373 3591 513 3652 cionem
528 3611 630 3652 suam
646 3593 682 3651 in
697 3593 971 3653 mansuetudine
987 3582 1187 3676 salipiencie
1204 3593 1292 3655 sue?
1318 3593 1425 3678 Quod
1438 3593 1467 3653 si
1484 3593 1598 3653 zelum
1615 3610 1710 3651 ama·
1797 3582 1826 3641 Β
1843 3580 1915 3642 56το

372 3716 451 3758 rum
485 3699 636 3769 habetis,
662 3704 697 3760 et
722 3700 972 3761 contenciones
1007 3702 1079 3761 sint
1115 3701 1152 3761 in
1188 3690 1386 3782 cordibusfi
1425 3701 1565 3770 vestris,
1601 3698 1711 3760 nolite
1797 3686 1913 3749 Ιι72το

372 3804 518 3883 gloriari
542 3810 578 3867 et
601 3807 793 3868 mendaces
818 3826 897 3868 esse
920 3808 1095 3869 adversus
1120 3808 1318 3869 veritatem.
1354 3805 1433 3868 Non
1458 3810 1511 3868 est
1533 3807 1626 3867 enim
1641 3807 1711 3867 ista

372 3913 555 3991 sapiencia
580 3914 624 3975 de
661 3932 801 3976 sursum
837 3915 1069 3986 descendens,
1109 3916 1175 3976 sed
1199 3918 1352 3986 terrena,
1378 3916 1551 3986 animalis,
1577 3915 1717 3995 dyabo-'

372 4019 451 4080 lica.
494 4020 565 4082 Ubi
597 4021 690 4082 enim
726 4022 822 4086 zelus
858 4026 893 4082 et
929 4022 1134 4083 contencio:
1171 4022 1221 4084 ibi
1250 4023 1504 4093 inconstancia,
1542 4026 1577 4083 et
1604 4039 1712 4101 ‚omne

372 4146 463 4205 opus
486 4146 647 4206 pravum.
672 4128 749 4213 Que
774 4133 896 4189 autem
921 4130 967 4190 de
990 4147 1132 4190 sursum
1157 4132 1211 4191 est
1235 4130 1428 4208 sapiencia,
1454 4129 1608 4208 primum
1637 4129 1712 4206 qui·

291 4240 300 4253 ·
374 4234 456 4294 dem
478 4235 611 4313 pudica
647 4239 710 4307 est,
736 4235 868 4297 deinde
891 4235 1054 4315 pacifica,
1080 4236 1254 4306 modesta,
1280 4236 1478 4306 suadibilis,
1503 4237 1606 4297 bonis
1632 4254 1713 4297 con-

373 4342 540 4411 sentiens
575 4342 682 4420 plena
717 4344 965 4405 misericordia
1000 4346 1036 4405 et
1074 4342 1256 4404 fructibus.
1287 4344 1400 4415 boniS,
1433 4361 1504 4404 nou
1539 4343 1712 4413 iudicans,

374 4450 449 4509 sine
473 4449 715 4511 simulacione.
740 4450 892 4511 Fructus
918 4454 1038 4511 autem
1061 4451 1202 4511 iusticie
1237 4450 1273 4509 in
1308 4469 1399 4529 pace
1434 4450 1637 4521 seminatur,
1663 4448 1713 4509 fa·

489 4830 521 4890 a)
543 4854 569 4862 -
593 4828 745 4879 mensuris
765 4830 796 4879 et
814 4827 957 4880 fortassis
977 4829 1016 4881 de
1035 4827 1206 4880 medicinis.

484 5002 503 5066 ¹)
523 5004 600 5055 BED.
619 5006 655 5056 ln
674 5004 804 5057 Samuel.
824 5006 936 5071 Proph.
955 5006 1040 5073 alleg.
1060 5008 1194 5071 exposit,
1213 5005 1266 5057 lib.
1283 5005 1319 5069 11,
1338 5015 1461 5071 capul.
1483 5004 1518 5056 In
1540 5004 1629 5070 Oper.
1643 5006 1664 5056 t.
1679 5004 1714 5066 11,

375 5092 439 5145 59·
479 5129 485 5144 .

392 5093 409 5146 ⁸
441 5092 505 5245 9ο’)
524 5181 568 5235 Cf.
587 5183 665 5245 Act,
683 5182 774 5244 XVII,
795 5184 885 5235 17-18.

485 5268 506 5336 ³)
526 5270 569 5323 Cf.
588 5272 667 5324 Ibid.
686 5272 764 5334 xlx,
786 5272 827 5324 19.
