4300 6117
815 861 1002 915 muninus
1024 861 1205 915 nonnum
1642 851 1686 915 33

350 1082 417 1145 De
439 1081 532 1144 Ora
543 1086 557 1145 t
569 1103 591 1145 o
605 1085 644 1144 ri
657 1104 679 1145 a
702 1084 783 1146 Ins
797 1088 811 1146 t
825 1086 838 1145 i
850 1088 865 1147 t
878 1104 902 1145 u
914 1088 929 1146 t
942 1086 953 1144 i
967 1103 988 1146 o
1002 1103 1062 1156 ue,
1089 1083 1329 1169 Quintilianus
1357 1085 1512 1164 scripsit,
1546 1085 1684 1146 diceus:

353 1189 460 1252 «Non
498 1194 581 1253 sunt
611 1190 761 1263 terendi,
802 1192 865 1270 qui
900 1194 1015 1254 artem
1048 1192 1282 1271 gramaticam
1318 1194 1358 1252 ut
1396 1194 1538 1253 tenuem
1577 1194 1686 1270 atque

350 1296 505 1358 ieiunam
529 1298 760 1371 cavillantur;
792 1316 872 1376 que,
897 1299 966 1360 nisi
990 1297 1224 1359 fundamenta
1247 1296 1405 1359 fideliter
1420 1297 1556 1370 iecerit,
1582 1298 1685 1377 quid·

351 1404 439 1482 quid
462 1406 751 1483 superstruxerit,
778 1408 940 1467 corruet:
969 1405 1174 1467 necessaria
1198 1405 1329 1484 pueris,
1354 1405 1509 1466 iocunda
1530 1405 1685 1475 senibus,

350 1510 466 1572 dulcis
489 1514 710 1573 secretorum
733 1509 919 1573 comes1».
966 1511 1176 1593 Dyalectica
1205 1530 1291 1573 vero
1323 1530 1446 1573 omnes
1477 1511 1591 1573 ambit
1630 1529 1686 1572 ce·

350 1619 448 1678 teras
483 1621 590 1689 artes,
623 1619 749 1680 abdita
783 1622 960 1698 penetrat,
995 1618 1171 1680 dilucidat
1212 1621 1316 1690 tetra,
1364 1619 1456 1680 falsa
1497 1618 1685 1697 repellens,

349 1725 539 1786 veritatem
563 1725 662 1787 ducit
685 1726 721 1786 in
745 1726 870 1797 lucem,
895 1728 935 1786 ut
958 1726 1092 1804 ubique
1106 1725 1247 1786 valeam
1270 1724 1386 1786 Deum
1409 1743 1527 1786 meum
1549 1725 1685 1795 videre,

350 1831 412 1909 qui
433 1832 568 1910 ubique
591 1832 680 1893 latet
703 1832 900 1894 obstrusus.

438 1936 485 1999 Et
510 1938 541 2000 si
564 1937 728 2001 fortassis
751 1940 866 2000 minus
889 1938 1109 2018 iutelligenti,
1148 1940 1335 2017 minusque
1358 1937 1473 2000 Deum
1497 1938 1686 2017 benignum
1702 1938 1753 2002 10.

350 2034 365 2125 ΙΙ
390 2046 542 2118 amanti,
579 2045 645 2107 hec
678 2049 776 2107 artes
810 2046 900 2107 viles
935 2045 1113 2117 videntur,
1151 2047 1186 2106 et
1222 2045 1365 2125 indigne
1404 2048 1444 2106 ut
1476 2044 1573 2106 Deus
1601 2062 1685 2123 que·
1773 2046 1893 2110 Lz2v0

349 2154 452 2213 ratur
486 2155 521 2211 in
557 2152 618 2223 eis,
654 2152 857 2214 meminisse
892 2152 1025 2213 debent
1059 2149 1230 2223 Verbum,
1265 2150 1401 2213 iontem
1434 2152 1615 2231 sapiencie
1649 2152 1686 2211 in

350 2258 509 2331 excelsis,
535 2258 683 2320 latuisse
708 2261 744 2321 in
767 2257 923 2338 Virgine,
948 2260 1103 2320 iacuisse
1126 2259 1163 2319 in
1188 2259 1354 2338 presepio
1383 2261 1579 2330 brutorum,
1614 2276 1685 2319 me·

349 2365 410 2426 dio
433 2363 516 2426 ieno
540 2367 725 2437 sociatum,
761 2368 895 2427 tectum
918 2366 1070 2437 stabulo,
1095 2366 1296 2444 panniculis
1324 2367 1531 2437 involutum,
1557 2383 1683 2445 ymmo,

349 2474 388 2532 ut
427 2475 556 2533 cuncta
594 2477 851 2552 pertranseam,
892 2473 990 2533 cruci
1024 2470 1182 2543 affixum,
1220 2474 1312 2534 sicut
1349 2473 1506 2534 celorum
1543 2470 1685 2551 fastigia

349 2580 446 2640 tenet
470 2580 518 2640 ad
542 2579 728 2641 dexteram
750 2578 868 2641 Patris
899 2580 977 2640 sine
1006 2580 1086 2641 loco
1109 2579 1258 2640 locatus.
1306 2577 1411 2641 Certe
1435 2580 1577 2641 intrabo
1601 2597 1682 2657 pre·

348 2686 497 2764 sepium,
534 2689 569 2747 et
605 2705 748 2748 crucem
778 2686 862 2747 olim
890 2686 1101 2747 vilissimam
1131 2688 1208 2747 tota
1240 2687 1436 2748 devocione
1468 2686 1587 2747 cordis
1610 2704 1683 2746 am-

348 2791 497 2869 plectar,
536 2794 575 2853 ut
613 2792 824 2854 mellifluum
859 2794 1037 2871 reperiam
1061 2792 1252 2854 Dominum
1284 2812 1411 2855 meum.
1460 2791 1507 2853 Et
1529 2796 1576 2864 tu,
1615 2810 1681 2863 me,

348 2898 564 2977 quicumque
585 2901 643 2971 sis,
680 2901 781 2961 vetas
811 2899 943 2961 florida
967 2902 1073 2978 prata
1103 2901 1211 2979 atque
1243 2901 1440 2980 stelligeros
1464 2900 1559 2960 celos
1584 2917 1683 2961 secu·

347 3004 477 3066 larium
511 3007 747 3068 scienciarum
781 3007 926 3077 intrare,
963 3007 997 3067 in
1020 3007 1152 3084 quibus
1179 3026 1259 3069 cum
1280 3008 1392 3069 iubilo
1416 3006 1541 3067 Deitas
1566 3006 1682 3067 occul·

347 3114 425 3173 tata
447 3114 685 3174 monstratur!

451 3216 499 3279 Ut
531 3221 651 3281 antem
674 3221 794 3282 verbis
819 3222 901 3280 utar
923 3216 1109 3299 Torquati,
1143 3219 1235 3281 libro
1268 3221 1383 3299 primo
1408 3218 1752 3281 Arismeticell.

347 3343 429 3386 sue:
467 3325 734 3388 ‹Arismethica
759 3328 896 3388 cunctis
920 3326 1181 3388 mathematicis
1205 3328 1333 3406 prior⁸
1368 3330 1432 3398 est,
1468 3346 1540 3387 non
1576 3325 1682 3387 modo

347 3432 433 3510 quia
456 3432 516 3493 ille
539 3432 642 3495 huius
667 3435 846 3494 mundane
870 3433 972 3495 molis
997 3434 1162 3495 conditor
1176 3431 1273 3494 Deus
1296 3434 1450 3512 primum
1475 3451 1538 3494 sue
1559 3432 1683 3493 habuit

347 3540 635 3601 ratiocinacionis
660 3540 851 3619 exemplar,
886 3542 923 3601 et
946 3540 994 3601 ad
1017 3540 1110 3601 hanc
1134 3544 1264 3602 cuncta
1289 3540 1484 3612 constituit,
1517 3557 1683 3618 quecum-

347 3663 417 3724 que
445 3644 647 3708 fabricante
677 3647 831 3718 racione,
868 3664 934 3726 per
962 3665 1128 3708 numeros
1162 3648 1334 3726 assignati
1363 3648 1499 3709 ordinis
1522 3646 1684 3707 invenire

347 3752 586 3823 concordiam,
612 3752 746 3815 etc.²».
776 3744 791 3835 ΙΙ
827 3751 923 3815 Ecce
946 3753 1044 3832 quod
1073 3752 1171 3814 Deus
1200 3754 1277 3832 ipse
1307 3753 1491 3832 gloriosus,
1525 3753 1586 3832 qui
1608 3753 1684 3813 uni·
1792 3747 1894 3811 ΒἹνο

345 3876 453 3920 versa
476 3861 661 3921 constituit
690 3862 727 3921 in
757 3878 915 3933 numero,
952 3861 1113 3939 pondere
1137 3862 1173 3921 et
1198 3878 1374 3933 mensura,
1405 3878 1489 3920 usus
1518 3862 1572 3921 est
1595 3860 1682 3920 aris·

345 3965 509 4037 methica,
547 3966 809 4028 arismethicam
844 3967 1033 4045 inspiravit
1067 3969 1103 4027 et
1144 3968 1275 4037 docuit,
1313 3970 1348 4028 et
1384 3978 1447 4046 ego
1477 3965 1681 4045 prohibeor,

345 4074 467 4135 nescio
493 4090 564 4151 qua
588 4077 862 4152 presumptuose
891 4074 1059 4135 novitatis
1091 4074 1177 4153 lege,
1216 4074 1372 4134 numeris
1403 4073 1608 4134 adiscendis
1631 4072 1682 4131 in·

345 4180 505 4249 tendere,
530 4181 592 4258 qui
615 4180 840 4241 nihilominus
863 4178 979 4241 Deum
1002 4180 1118 4241 debeo
1142 4198 1208 4259 pro
1232 4181 1368 4241 viribus
1393 4180 1545 4241 imitari!

457 4284 553 4370 Quid
588 4287 707 4348 dicam
731 4288 776 4348 de
800 4288 946 4357 musica,
983 4286 1137 4347 humane
1170 4288 1298 4348 mentis
1327 4286 1478 4356 medela,
1502 4304 1611 4364 quam
1633 4278 1749 4365 ig-12.

345 4410 494 4454 norasse
517 4395 591 4453 tam
615 4396 720 4472 turpe
744 4392 810 4454 fuit
834 4394 933 4471 apud
953 4394 1180 4455 venerandos
1197 4394 1373 4471 antiquos,
1400 4411 1508 4471 quam
1524 4392 1681 4453 nescisse

344 4500 495 4571 litteras,
520 4499 611 4561 sicut
635 4500 761 4561 scribit
783 4498 960 4561 Ysidorus
977 4499 1010 4573 3;
1047 4501 1124 4561 sine
1157 4501 1256 4561 cuius
1288 4500 1430 4571 noticia,
1456 4498 1553 4560 nulla
1577 4499 1681 4560 disci·

454 4792 532 4942 ¹3)st
551 4803 795 4951 3:135&qu
814 4878 888 4928 Inst.
912 4875 1034 4930 Orator.
1053 4877 1076 4939 1,
1095 4887 1137 4929 1v.
1157 4876 1312 4951 Qnelques
1331 4878 1497 4932 variantes.

453 4964 538 5030 ⁷)ss.
560 4967 595 5019 A.
614 4966 654 5018 M.
671 4964 834 5031 TORQUAT.
854 4966 952 5018 ΒοΕτ.
987 4966 999 5017 Ι
1025 4967 1256 5030 Arismetlvicae,
1282 4982 1347 5034 cap.
1368 4968 1389 5020 1.
1426 4968 1461 5020 In
1486 4967 1601 5019 Patrol.
1622 4967 1681 5029 lat,

344 5056 447 5119 mn,
466 5056 547 5107 1082.

452 5142 574 5208 ³)1sm,
595 5145 695 5210 Etym.
716 5145 766 5210 111,
784 5154 849 5208 xvi,
868 5144 894 5197 2.
930 5145 966 5196 ln
986 5142 1079 5211 Oper.
1098 5146 1147 5208 111,
1168 5146 1228 5199 163.

1561 5238 1576 5280 3
