4300 6117
763 890 950 946 IOHANNIS
972 890 1154 945 DOMINICI
1559 877 1624 942 421

290 1118 410 1179 brutis
435 1135 653 1190 concessum.
678 1117 743 1178 sed
767 1117 892 1177 melius
916 1116 1042 1178 luisset
1064 1114 1265 1177 hominibus
1287 1114 1357 1176 illis
1380 1115 1539 1176 caruisse
1561 1113 1626 1175 lin·

291 1236 372 1304 gua,
397 1243 442 1286 ne
457 1223 809 1304 prevaricacionibus
832 1223 1044 1302 punirentur
1067 1240 1199 1296 eorum,
1224 1239 1314 1301 quos
1329 1221 1531 1284 innumeros
1552 1219 1625 1282 suis

290 1331 512 1411 lupanaricis
536 1331 755 1392 seduxerunt
779 1327 955 1410 eloquiis¹.
987 1328 1062 1392 Sed
1084 1347 1129 1392 ne
1150 1332 1252 1409 putet
1276 1329 1355 1408 quis
1379 1328 1521 1408 impune
1546 1327 1626 1390 illos

292 1438 414 1518 legere
430 1456 546 1519 posse.
572 1456 615 1499 ex
631 1438 844 1526 curiositate
863 1436 940 1499 sola
956 1437 1052 1508 dato,
1077 1455 1100 1498 a
1116 1434 1190 1498 lide
1205 1455 1276 1498 non
1296 1438 1402 1510 erret.
1427 1434 1624 1498 concludit:

294 1565 312 1599 ‹
330 1543 468 1608 Cuncta
490 1545 649 1607 adducet
671 1544 768 1606 Deus
791 1545 829 1606 in
851 1525 1022 1606 iudicium
1036 1563 1064 1616 s,
1099 1544 1244 1622 quando
1259 1533 1274 1626 il
1299 1543 1445 1617 scilicet,
1471 1543 1517 1605 de
1541 1560 1626 1622 quo·

292 1652 383 1714 libet
406 1654 519 1714 verbo
553 1652 675 1714 ocioso
709 1651 887 1713 reddituri
910 1669 1031 1712 sumus
1058 1651 1249 1724 racionem,
1279 1652 1315 1712 et
1339 1662 1422 1730 ergo
1444 1650 1556 1730 magis
1580 1647 1627 1711 de

293 1759 428 1822 amisso
451 1761 623 1839 tempore,
649 1759 747 1838 quod
771 1776 881 1820 causa
903 1757 1029 1820 salutis
1052 1760 1109 1819 est
1131 1758 1233 1819 nobis
1257 1775 1474 1831 concessum.
1506 1759 1541 1819 et
1564 1757 1626 1819 ob·

294 1867 442 1928 missum
476 1866 574 1945 quod
608 1866 816 1945 recuperari
849 1884 920 1927 non
954 1865 1084 1945 potest.
1120 1864 1402 1926 Formidandum
1437 1867 1492 1927 est
1526 1865 1624 1938 satis,

292 1974 393 2052 quod
407 1977 422 2008 ²
444 1974 614 2036 terminat
649 1973 747 2035 dicta
782 1991 881 2053 «pro
913 1973 1009 2035 omni
1032 1976 1153 2034 errato
1175 1973 1252 2034 sive
1283 1973 1416 2036 bonum
1443 1973 1519 2036 sive
1552 1990 1625 2034 ma·

295 2080 368 2142 lum
391 2079 494 2142 sit›².

400 2187 467 2250 Est
490 2188 615 2267 utique
637 2187 752 2249 malus
776 2187 927 2265 quilibet
950 2205 1061 2260 error,
1086 2187 1152 2249 sed
1175 2205 1245 2248 non
1267 2187 1348 2267 pari
1370 2188 1493 2270 gradu.
1525 2187 1625 2261 Nam.
1642 2187 1694 2252 13.

295 2297 350 2356 est
373 2313 476 2357 error
498 2295 618 2374 specie
642 2295 756 2356 malus
767 2292 788 2367 ³,
828 2310 934 2373 quem
966 2293 1110 2356 malicia
1131 2294 1249 2374 gignit,
1288 2296 1351 2357 aut
1384 2294 1628 2358 affectata

295 2401 511 2480 ignorancia.
546 2403 734 2481 supina,
759 2401 817 2462 vel
839 2401 954 2464 eciam
978 2419 1156 2463 crassa.
1193 2399 1259 2464 Est
1281 2403 1402 2464 autem
1427 2421 1528 2465 error
1550 2404 1628 2465 sola

296 2509 515 2589 apparencia
529 2510 654 2582 bonus.
680 2525 786 2588 quem
799 2508 1015 2570 invincibilis
1030 2508 1246 2588 ignoranda,
1270 2511 1334 2571 aut
1350 2510 1506 2589 quedam
1521 2511 1626 2573 simu·

297 2617 368 2678 late
391 2615 534 2678 virtutis
556 2616 712 2678 intencio
736 2615 865 2677 fundat
881 2615 939 2676 vel
962 2612 1151 2677 fundatum
1174 2619 1310 2691 tuetur;
1335 2617 1397 2690 sic,
1422 2617 1557 2680 nullum
1580 2619 1628 2682 de

297 2735 423 2802 genere
446 2724 581 2785 malum
603 2723 888 2802 quibuscumque
911 2722 1043 2784 nostris
1067 2723 1350 2786 circumstanciis
1371 2723 1409 2785 in
1432 2728 1628 2804 conspectu

298 2830 484 2909 purissime
508 2830 653 2892 deitatis
688 2830 884 2909 aliquando
907 2830 949 2891 iit
972 2830 1115 2891 bonum.
1154 2828 1247 2913 Quia
1280 2831 1388 2911 igitur
1410 2831 1627 2912 negligencia

300 2937 406 2998 studii
428 2937 669 2999 sacratissime
685 2938 773 3018 legis
789 2937 918 3009 divine,
944 2937 1098 2998 numinis
1113 2936 1190 2997 veri
1205 2938 1372 2999 venerari
1387 2938 1625 3018 blasphemos,

300 3045 486 3106 veritatem
508 3047 726 3125 postponere
749 3042 860 3116 falsis.
885 3043 1050 3105 amittere
1074 3043 1152 3105 dies
1169 3044 1270 3107 lucro
1286 3048 1411 3108 sancto
1428 3063 1625 3120 concessos,

302 3153 343 3222 et,
366 3151 535 3231 neglectis
558 3151 693 3222 solidis,
718 3151 820 3213 vanis
836 3151 1033 3223 intendere,
1058 3149 1104 3212 de
1127 3162 1256 3231 genere
1280 3153 1562 3225 summariorum,
1586 3157 1629 3217 ut

302 3276 401 3320 nemo
423 3259 577 3338 negabit,
600 3260 734 3320 bonum
757 3257 857 3338 apud
879 3254 994 3318 Deum
1017 3257 1098 3319 lieri
1121 3276 1192 3320 non
1214 3262 1373 3338 possunt.

403 3364 499 3449 Quid
533 3368 653 3427 autem
687 3366 735 3426 sit
757 3365 932 3426 librorum
955 3365 1171 3427 secularium
1193 3363 1285 3437 linis,
1323 3368 1359 3428 et
1381 3385 1528 3440 merces,
1565 3371 1629 3430 aut
1643 3369 1694 3434 14.

302 3473 449 3550 quodvis
473 3471 692 3552 stipendium
716 3471 986 3551 expectandum,
1022 3471 1106 3533 libri
1128 3470 1260 3551 prelati
1291 3473 1413 3553 sepius
1436 3475 1627 3554 repetitum

302 3597 369 3640 non
392 3581 504 3642 tacuit
526 3580 655 3652 thema,
688 3580 754 3640 sed
777 3578 955 3650 clamavit,
978 3578 1120 3641 dicens:
1152 3578 1335 3643 ‹Vanitas
1358 3581 1566 3652 vanitatum.
1591 3585 1628 3645 et

303 3686 415 3748 omnia
429 3687 571 3748 vanitas
585 3684 634 3760 2⁴,
660 3686 749 3748 dixit
771 3684 832 3748 Ec
847 3685 1127 3760 clesiastes‚
1153 3687 1210 3748 cui
1226 3686 1328 3749 dedit
1342 3686 1515 3750 Dominus
1534 3689 1628 3752 scire

305 3797 436 3866 cuncta,
459 3812 530 3873 que
553 3794 620 3855 sub
644 3794 720 3855 sole
742 3795 922 3875 geruntur.

308 4029 508 4040 ᾖ...-

402 4212 434 4272 α)
455 4235 486 4246 -
507 4210 599 4276 quod.

404 4384 424 4451 ¹)
442 4386 601 4439 Lacraur.
620 4389 721 4440 Dtvtn.
739 4388 813 4439 Inst.
831 4387 884 4439 lib.
902 4387 953 4450 111,
972 4401 1039 4453 cap.
1057 4395 1122 4438 vm.
1141 4385 1177 4439 ln
1192 4385 1283 4454 Oper.
1302 4387 1323 4439 t.
1341 4387 1363 4452 Ι,
1382 4389 1439 4441 col.
1457 4387 1519 4442 ³66.

405 4471 497 4540 ‘)1n.‚
515 4477 595 4540 ibid,
615 4476 659 4528 14.

405 4560 427 4629 ⁸)
445 4564 489 4617 Cl.
508 4565 611 4618 Amsr.
630 4565 672 4618 111
690 4567 790 4619 Ethie.
809 4581 876 4633 cap.
895 4575 915 4619 1.

404 4651 425 4717 ⁴)
445 4653 489 4707 Cf.
507 4655 617 4718 Enete.¹
636 4656 658 4715 1,
679 4655 705 4708 2.
