4300 6117
446 879 512 944 386
899 855 905 865 ’
956 890 1116 946 aucum
1138 888 1278 944 uocns

446 1117 482 1177 et
504 1115 628 1178 stellas
652 1134 731 1178 esse
746 1116 914 1178 animalia
931 1118 1039 1178 beata
1053 1113 1074 1187 ¹,
1099 1118 1284 1178 auctorem
1312 1115 1486 1178 habentes
1512 1117 1655 1194 patrem
1686 1115 1782 1195 ipso·

444 1241 533 1294 rum,
557 1221 620 1301 qui
642 1223 805 1302 pluribus
828 1222 898 1285 diis
919 1222 1199 1285 sacrificandum
1222 1222 1360 1284 censuit
1374 1220 1395 1294 2,
1413 1240 1492 1284 cum
1516 1224 1636 1284 tamen
1659 1222 1717 1284 hic
1734 1223 1783 1285 sit

444 1330 550 1391 latrie
574 1330 699 1401 cultus,
724 1330 868 1393 debitus
891 1330 952 1392 uni
973 1330 1041 1392 soli
1062 1329 1150 1392 Deo.
1176 1328 1295 1391 Finxit
1314 1332 1483 1409 preterea
1505 1333 1697 1392 veteranus
1720 1330 1783 1391 ille

444 1435 652 1517 Pictagoras
676 1454 748 1515 quo
771 1437 820 1498 ad
842 1455 959 1500 mores
983 1437 1173 1499 reduceret
1196 1436 1367 1498 bestiales
1389 1437 1648 1499 immeritorum
1670 1436 1782 1498 homi·

445 1563 529 1607 num
552 1544 700 1623 spiritus
722 1544 760 1605 in
790 1545 899 1606 bruta
933 1544 1097 1616 transire,
1122 1544 1330 1607 meritorum
1353 1562 1440 1606 vero
1456 1544 1494 1605 in
1509 1544 1599 1606 alios
1620 1543 1782 1608 homines

445 1652 561 1714 donec
585 1669 627 1713 ex
651 1651 770 1730 operis
792 1650 1009 1714 scanderent
1025 1647 1149 1724 celost,
1175 1651 1268 1714 sicut
1284 1651 1515 1730 prosequitur
1530 1649 1640 1713 Naso
1656 1651 1782 1715 ultimo

332 1841 337 1849 .
445 1758 539 1821 libro
561 1758 811 1837 metaphore
833 1756 939 1821 suet
969 1753 1134 1822 Tandem
1147 1777 1189 1821 ex
1204 1758 1406 1820 intencione
1422 1758 1567 1820 videtur
1582 1759 1782 1820 animarum

446 1869 482 1929 et
498 1865 654 1928 omnium
678 1864 866 1927 circuitum
888 1882 1052 1928 asserere
1075 1865 1176 1928 iuxta
1192 1865 1456 1927 revoluciouem
1472 1865 1587 1928 tocius
1605 1866 1783 1944 complete

445 1973 577 2052 sphere
600 1972 752 2045 celestis,
777 1990 885 2052 quam
908 1972 1032 2052 spacio
1054 1971 1207 2034 XXXVI
1230 1973 1366 2034 milium
1389 1990 1564 2034 annorum
1591 1973 1672 2035 lieri
1701 1991 1781 2052 per·

444 2078 569 2152 hibuit,
593 2077 824 2142 Aristotelem
846 2079 982 2142 habens
1006 2096 1207 2158 sequacem,
1231 2077 1299 2141 hoc
1322 2079 1427 2150 idem,
1451 2079 1516 2141 sed
1550 2098 1698 2143 numero
1719 2081 1781 2142 rni-

444 2187 533 2259 nori,
557 2188 753 2248 attestante
775 2185 935 2258 Platone,
960 2186 1158 2264 dequibus
1183 2185 1394 2248 Psalmista:
1422 2185 1486 2248 «In
1511 2187 1662 2250 circuitu
1683 2188 1782 2266 impii

444 2294 651 2366 ambulant;
676 2294 873 2355 secundum
895 2292 1122 2354 altitudinem
1146 2296 1245 2356 tuam
1267 2293 1513 2372 multiplicasti
1543 2295 1638 2357 lilios
1672 2294 1781 2356 homi·

444 2419 529 2463 num
548 2396 602 2462 1⁹⁵.»
633 2429 637 2438 ·

399 2508 429 2570 5.
558 2505 673 2591 Quam
696 2507 817 2568 conati
840 2508 923 2569 sunt
946 2507 1197 2570 demonstrare
1232 2524 1405 2586 suamque
1438 2525 1553 2587 usque
1588 2508 1627 2570 in
1660 2509 1781 2572 hodie·

445 2634 549 2676 rnum
572 2613 733 2675 nutriunt
756 2616 901 2686 sectam,
940 2611 1056 2675 Deum
1080 2631 1263 2693 nunquam
1286 2632 1440 2688 creasse,
1458 2616 1543 2693 quia
1557 2615 1690 2678 mutari
1711 2634 1782 2678 non

237 2720 267 2781 B
282 2720 361 2784 95νο
445 2724 574 2803 potest,
600 2723 636 2782 et
657 2739 788 2784 novam
812 2721 1035 2784 creacioncm
1059 2739 1242 2800 nunquam
1267 2722 1344 2783 sine
1366 2723 1569 2784 mutacione
1586 2712 1601 2804 ll
1627 2723 1781 2785 creantis

224 2828 368 2912 L111V⁰
447 2817 700 2910 emergere⁶w
725 2826 795 2912 Qui
817 2846 904 2889 vero
925 2828 1013 2890 victi
1036 2846 1117 2889 eum
1139 2828 1318 2907 incepisse
1345 2809 1551 2902 censerunt,
1582 2847 1653 2892 uon
1685 2847 1781 2892 crea·

446 2939 530 3007 tum,
555 2934 621 2998 sed
643 2933 779 2996 factum
802 2952 846 2997 ex
868 2935 990 3014 aliqua
1012 2934 1247 3014 preexistenti
1268 2935 1422 2997 materia
1437 2935 1606 3015 garriunt,
1631 2940 1671 2999 ut
1689 2932 1782 2998 Tha·

446 3043 499 3104 les
523 3061 567 3104 ex
588 3041 746 3113 humore,
770 3041 1008 3104 Anaximenes
1033 3060 1075 3103 ex
1099 3060 1194 3113 aere,
1220 3043 1340 3123 stoyci.
1358 3060 1401 3103 ex
1425 3043 1513 3122 igne,
1537 3041 1726 3124 Epycurus
1740 3062 1783 3105 ex

398 3149 405 3162 '
447 3149 627 3222 atthomis,
652 3152 688 3212 et
709 3148 925 3228 quicumque
949 3149 1020 3220 alii,
1046 3167 1199 3227 quorum
1219 3149 1485 3212 enumerationi
1501 3150 1692 3212 immorare
1712 3169 1784 3212 non

447 3259 503 3319 est
539 3275 696 3320 necesse.
741 3254 910 3317 Nonnulli
949 3256 1227 3318 innumerabiles
1260 3256 1412 3318 mundos
1447 3255 1605 3319 fortuitis
1640 3257 1784 3322 casibus

447 3363 624 3443 incepisse
662 3366 698 3425 et
732 3364 870 3425 desisse
905 3381 985 3425 cum
1022 3362 1182 3442 Epicuro
1220 3363 1459 3425 tradiderunt.
1505 3362 1627 3426 Varro
1663 3368 1784 3426 autem

446 3472 639 3535 multorum
661 3470 955 3550 philosophorum
979 3488 1120 3532 errores
1156 3473 1311 3542 secutus,
1345 3470 1516 3532 mundum
1547 3471 1670 3534 docuit
1704 3489 1785 3534 esse

447 3582 618 3650 eternum,
643 3578 767 3640 stellas
790 3578 878 3639 deos
902 3578 961 3639 vel
983 3576 1138 3658 angelos,
1162 3577 1300 3640 animas
1324 3579 1462 3640 veroin
1477 3596 1562 3641 aere
1576 3579 1783 3652 consistere,

446 3686 567 3747 nescio
591 3685 621 3746 si
645 3685 682 3746 in
704 3685 850 3747 alitibus
873 3685 1013 3764 perpeti
1038 3702 1146 3746 cursu
1168 3684 1310 3758 volare;
1336 3685 1385 3746 ad
1407 3685 1499 3748 hanc
1522 3687 1637 3748 redde
1672 3687 1786 3766 parti·

448 3792 565 3854 culam
589 3791 786 3854 defuturis
810 3792 997 3854 eventibus
1022 3809 1145 3855 eorum
1168 3810 1280 3854 vanos
1316 3794 1352 3853 et
1386 3793 1577 3855 mendaces
1612 3791 1746 3856 aflatus
1762 3791 1783 3844 ἵ·

555 4178 575 4244 ¹)
594 4179 623 4232 S.
643 4180 720 4233 AUR.
739 4181 821 4233 AUG.
838 4182 889 4233 'De
911 4179 1476 4252 civu.12e1,xv111,xvn1.1n0per.
1502 4181 1523 4232 t.
1543 4179 1608 4243 VII,
1638 4181 1693 4232 col.
1720 4181 1788 4234 ⁵74-

449 4272 511 4325 575.
531 4270 618 4323 Cette
636 4271 706 4322 idee
724 4271 764 4322 de
782 4272 813 4322 la
830 4271 992 4336 migration
1016 4270 1071 4323 des
1096 4271 1181 4322 ames
1206 4270 1284 4322 dans
1309 4270 1365 4322 des
1389 4283 1480 4335 corps
1508 4269 1687 4322 d'animanx
1711 4270 1788 4322 etait

450 4360 622 4414 nettement
640 4359 793 4412 attribuee
811 4359 830 4410 a
848 4360 958 4412 Platon
975 4374 1033 4425 par
1053 4358 1082 4411 S.
1101 4359 1176 4427 Aug.
1196 4359 1241 4412 Ct.
1259 4360 1306 4412 De
1327 4358 1411 4411 civit.
1430 4359 1496 4420 Det,
1516 4358 1551 4422 X,
1571 4368 1648 4410 xxx.

558 4446 581 4513 ²)
597 4449 651 4512 ln,
670 4449 749 4501 ibid..
767 4448 802 4511 X,
821 4458 909 4500 xx1x.
930 4448 965 4499 In
986 4447 1076 4514 Oper.
1096 4451 1116 4500 t.
1135 4448 1199 4512 VII,
1218 4450 1275 4501 col.
1294 4448 1354 4501 309.

558 4535 579 4604 ³)
597 4537 655 4601 ID..
681 4538 763 4601 ibid,
788 4536 866 4597 VIII,
893 4547 945 4588 x11.
984 4537 1070 4590 «Sed
1096 4536 1128 4588 hi
1154 4552 1270 4600 omnes,
1297 4539 1327 4589 et
1345 4538 1461 4590 caeteri
1479 4535 1641 4604 eiusmodi,
1669 4537 1788 4604 etipse

453 4628 551 4689 Plato,
569 4627 629 4680 diis
649 4627 789 4694 plurimis
808 4641 879 4680 esse
897 4641 986 4680 sacra
1004 4627 1146 4680 iacienda
1164 4628 1385 4694 putaverunt»,
1404 4626 1440 4678 In
1460 4625 1632 4694 Oper.V11,
1652 4625 1709 4678 col.
1723 4626 1787 4679 237.

558 4713 580 4779 ⁴)
599 4716 689 4769 Ole.
709 4712 913 4781 Metamorph.
931 4715 995 4778 XV,
1013 4716 1081 4770 839:

815 4807 967 4851 «Aetherea
981 4810 1051 4852 sedes
1066 4813 1217 4865 cognataque
1232 4811 1311 4853 sidera
1325 4811 1433 4864 tanget».

558 4890 581 4958 ὗ)
600 4893 644 4946 Cl.
664 4894 787 4957 Partim..
805 4891 855 4957 XI,
874 4893 900 4946 9.

558 4980 579 5045 ὓ)
598 4981 628 5035 8.
647 4980 791 5035 THOMAS.
810 4981 892 5035 Sum.
911 4983 998 5034 theol.
1017 4982 1095 5056 1⁸Q.
1114 4983 1201 5045 XLV,
1220 4982 1245 5035 2.

560 5067 580 5135 ⁷)
597 5069 680 5125 Tous
699 5087 750 5125 ces
768 5071 931 5136 differents
947 5072 1052 5138 points
1072 5071 1112 5123 de
1130 5071 1161 5124 la
1179 5071 1320 5124 doctrine
1339 5073 1378 5124 de
1389 5072 1513 5125 Varron
1527 5086 1567 5125 ne
1580 5072 1652 5124 sont
1668 5086 1790 5126 connus

454 5163 495 5214 de
512 5161 674 5224 Dominici,
692 5177 752 5228 que
770 5176 828 5227 par
845 5162 877 5235 la
898 5159 960 5213 cue
977 5163 1014 5213 de
1028 5162 1115 5223 Dieu,
1130 5164 1259 5227 passim.
