4300 6117
827 982 1013 1036 IOHANNIS
1035 984 1220 1038 DOMINICI
1632 976 1700 1039 321

367 1224 651 1278 mascenum,
676 1207 713 1267 in
727 1207 821 1268 libro
837 1206 885 1267 ΙΙο
908 1208 971 1269 alii
995 1207 1113 1295 etalii
1136 1208 1284 1285 planete
1307 1209 1470 1270 diversas
1487 1210 1701 1290 complexio·

366 1330 428 1373 nes
452 1314 489 1374 et
512 1312 655 1400 babitus
691 1316 727 1374 et
751 1313 1008 1393 disposiciones
1045 1314 1083 1375 in
1105 1316 1209 1377 nobis
1245 1316 1462 1378 constituere
1471 1314 1493 1389 ¹,
1532 1317 1581 1378 ad
1610 1317 1703 1379 hunc

367 1437 508 1481 sensam
527 1420 786 1481 determinante
801 1421 838 1481 in
854 1418 1077 1483 Centhilo
1087 1422 1164 1502 gio
1180 1418 1417 1495 Tholomeo‚
1445 1425 1559 1503 quod:
1588 1422 1706 1486 «Cum

367 1525 475 1587 fuerit
496 1525 707 1595 Mercurius,
742 1528 778 1587 in
801 1528 989 1590 nativitate
1012 1529 1174 1601 alicuiuS,
1211 1530 1246 1589 in
1269 1530 1392 1609 aliqua
1426 1531 1614 1594 domorum
1639 1530 1704 1592 Sa·

365 1635 470 1704 turni,
511 1634 648 1713 etipse
673 1635 777 1695 tortis
800 1635 838 1695 in
861 1652 941 1696 esse
963 1654 1038 1708 suo,
1065 1636 1130 1697 dat
1153 1636 1350 1698 bonitatem
1373 1638 1610 1718 intelligencie
1633 1657 1705 1700 me·

366 1739 512 1801 dullitus
549 1741 587 1801 in
610 1741 718 1803 rebus
736 1761 750 1794 r
766 1740 787 1802 ’ἦ
816 1778 856 1786 -
884 1739 988 1804 Unde
1011 1742 1114 1804 licuit
1137 1744 1456 1823 peripateticorum
1479 1746 1642 1825 principi,
1668 1747 1705 1806 in

366 1846 458 1909 libro
483 1847 542 1909 11⁰.
581 1846 644 1909 De
667 1846 844 1920 Anima,
869 1848 1000 1920 dicere,
1028 1849 1126 1928 quod
1153 1850 1307 1912 «molles
1332 1870 1459 1914 carnes
1483 1855 1588 1931 aptos
1612 1853 1706 1914 bene

365 1955 493 2015 mentis
510 1955 674 2016 videmus
691 1952 746 2015 »³.
770 1953 1028 2017 Verumtamen
1052 1957 1214 2019 nonnulli
1237 1958 1353 2019 minas
1369 1960 1549 2039 sapientes
1572 1960 1705 2020 minus·

320 2105 326 2117 .
366 2078 434 2139 que
458 2059 590 2123 fideles
615 2064 790 2123 conantur
814 2060 946 2124 inferre
969 2063 1131 2125 homines
1164 2083 1358 2143 eorumque
1381 2084 1440 2127 res
1476 2068 1511 2127 vi
1545 2067 1705 2128 siderum

364 2169 422 2229 vel
446 2169 521 2229 lato
547 2170 769 2248 integraliter
784 2170 866 2249 regi.
893 2167 975 2241 Sed,
994 2174 1033 2232 ut
1049 2169 1115 2232 hos
1130 2172 1200 2233 cito
1218 2172 1426 2234 doctoribus
1443 2175 1577 2235 sanctis
1595 2174 1704 2235 corri-

365 2276 500 2354 gendos
535 2276 742 2354 relinquam,
782 2277 901 2356 legant
935 2295 1038 2338 suum
1072 2275 1443 2352 Ptholomeum,
1485 2282 1546 2342 ubi
1582 2299 1704 2359 supra,

365 2385 633 2446 monstrantem.
660 2384 757 2461 quod
783 2384 932 2445 «anima
955 2386 1101 2463 sapiens
1126 2386 1275 2446 adiuvat
1298 2405 1388 2465 opus
1412 2387 1597 2449 stellarum
1614 2408 1640 2459 r,
1666 2390 1705 2449 et

367 2489 465 2567 quod
489 2508 592 2551 «non
615 2491 748 2569 poterit
771 2491 970 2570 astrologus
995 2492 1084 2553 dare
1101 2492 1235 2553 iudicia
1259 2494 1456 2555 secundum
1475 2495 1607 2565 stellas,
1633 2494 1710 2571 nisi¹

366 2596 436 2657 vim
461 2597 578 2658 anime
602 2599 639 2658 et
662 2597 943 2675 complexionem
966 2599 1057 2659 bene
1083 2600 1288 2678 cognoverit
1304 2598 1352 2660 ›⁴.
1388 2599 1467 2662 Non
1491 2601 1578 2662 dicit
1603 2600 1701 2679 qaod

367 2705 510 2783 sapiens
533 2705 632 2765 iuvet
655 2722 744 2784 opus
769 2703 952 2765 stellarum
977 2705 1137 2777 elective,
1174 2707 1346 2785 incipiens
1381 2724 1471 2786 opus
1507 2726 1610 2769 suam
1632 2709 1701 2770 sub

366 2812 429 2871 tali
455 2829 562 2872 cursu
584 2812 642 2871 vel
667 2810 740 2879 tali,
777 2812 870 2872 sicut
893 2812 1119 2873 menciuntar
1140 2812 1314 2885 moderni,
1350 2813 1415 2875 sed
1437 2814 1536 2892 qnod
1557 2816 1699 2876 bonitas

366 2918 483 2978 anime
507 2918 708 2979 resistendo
733 2908 747 2999 Ιί
773 2917 972 2989 intluencie‚
1008 2937 1116 2997 quam
1146 2919 1255 2982 babet
1279 2921 1395 2981 celum
1417 2921 1454 2981 in
1478 2939 1617 3001 corpas,
1641 2922 1699 2983 vel

365 3025 463 3086 illam
499 3026 691 3104 sequendo,
718 3024 896 3105 prolicere
919 3028 1039 3106 potest
1060 3026 1183 3098 libere,
1221 3045 1292 3088 non
1316 3032 1442 3089 coacta
1452 3026 1473 3089 ⁵.
1515 3026 1574 3089 Sic
1597 3029 1699 3091 intel·

473 3466 493 3529 ¹)
512 3467 698 3520 DAMASCEN.
716 3469 763 3520 De
784 3467 909 3521 Orthod.
923 3465 983 3531 sld.
1002 3467 1038 3529 11,
1057 3476 1109 3518 vn.
1128 3467 1212 3521 Patr.
1233 3468 1286 3520 Gr.
1307 3468 1343 3520 Iu
1361 3467 1452 3535 Oper.
1472 3469 1493 3530 1,
1512 3470 1573 3531 886,
1592 3470 1654 3522 887.

474 3554 494 3620 ²)
514 3556 618 3609 claud.
637 3557 796 3609 Ptolemee
815 3559 862 3609 est
880 3557 910 3608 la
929 3571 1040 3609 source
1052 3557 1092 3609 de
1105 3557 1176 3609 tous
1192 3557 1238 3608 les
1252 3558 1516 3626 renseignements
1531 3559 1574 3611 du
1589 3557 1703 3629 Moyen

365 3648 428 3714 Age
447 3660 487 3697 en
508 3645 564 3698 tait
582 3646 787 3713 d'astrologie.
823 3645 870 3697 Ne
889 3645 907 3697 a
925 3646 1101 3709 Ptolemais,
1121 3660 1161 3697 en
1178 3643 1345 3703 Thebaide.
1364 3648 1387 3698 il
1408 3647 1498 3699 vecnt
1515 3649 1654 3714 pendant
1671 3650 1703 3700 le

365 3735 406 3787 ne
432 3736 526 3787 siecle
552 3735 644 3802 apres
671 3734 743 3787 J.·C.
780 3736 805 3787 11
831 3736 880 3788 n'a
906 3735 999 3803 gnere
1016 3734 1074 3787 tait
1094 3749 1157 3801 que
1183 3736 1371 3788 rassembler
1390 3738 1421 3789 et
1439 3738 1633 3790 coordonner
1655 3739 1703 3790 les

365 3826 497 3878 travaux
516 3824 556 3877 de
585 3839 634 3877 ses
661 3825 854 3886 devanciers,
879 3824 1099 3891 d'Hipparque,
1120 3840 1160 3877 en
1178 3825 1365 3891 particulier.
1402 3825 1427 3876 Il
1446 3828 1494 3878 est
1512 3826 1641 3880 l'auteur
1660 3828 1703 3879 du

365 3913 503 3983 systema
522 3915 754 3980 astronomique
771 3915 825 3980 qui
845 3916 934 3981 porte
958 3928 1015 3965 son
1032 3928 1115 3966 nom.
1148 3914 1174 3965 Il
1193 3928 1211 3965 a
1230 3915 1375 3981 compone
1392 3929 1435 3967 un
1452 3917 1552 3983 grand
1569 3918 1701 3970 nombre

365 4002 556 4071 d’ouvrager,
575 4003 650 4055 dont
668 4003 714 4054 les
738 4002 928 4069 principaux,
953 4018 1034 4069 pour
1052 4003 1083 4055 ln
1102 4002 1232 4055 matiere
1250 4002 1303 4069 qai
1327 4018 1405 4056 nous
1432 4019 1592 4067 concerne,
1617 4006 1703 4058 sont:

366 4092 445 4143 1010
468 4090 740 4160 Quadrlpmtr'tnm,
768 4093 810 4143 ad
835 4089 953 4155 Syram,
981 4091 1109 4144 traitant
1135 4106 1175 4143 en
1193 4092 1212 4142 4
1229 4092 1325 4144 livres
1344 4094 1384 4144 de
1409 4093 1598 4161 l'astrologie
1622 4095 1700 4160 jndi-

365 4181 459 4233 ciaire
479 4178 548 4249 [Ed.
560 4181 740 4249 gree-latin,
753 4180 837 4243 Bale,
852 4176 940 4247 15931.
971 4180 1028 4233 Cet
1045 4188 1183 4247 ouvrage
1201 4183 1249 4234 est
1275 4182 1469 4247 qnelqneiois
1495 4183 1623 4249 designo
1644 4198 1704 4250 par

365 4284 422 4323 son
441 4286 515 4323 nom
533 4277 605 4338 grec
624 4270 663 4323 de
687 4268 897 4332 Terraolbrom
919 4269 1000 4322 2012
1021 4270 1248 4335 Centilaqaiam,
1267 4270 1321 4337 qai
1337 4273 1428 4337 porte
1447 4286 1560 4324 encore
1578 4272 1609 4323 le
1627 4287 1701 4325 nom

364 4360 404 4413 de
426 4360 552 4412 Centum
569 4359 749 4425 Apharlsml
777 4374 817 4411 ou
844 4360 883 4411 de
908 4360 1041 4411 matus
1065 4359 1211 4411 librarum
1229 4375 1365 4422 snorum,
1387 4363 1435 4414 est
1459 4376 1501 4413 nn
1528 4361 1642 4429 abrege
1660 4362 1703 4413 du

369 4447 634 4517 Quadripertitam
662 4451 692 4501 et
718 4448 835 4501 servait
859 4462 978 4501 comme
1003 4449 1042 4501 de
1067 4449 1192 4501 manuel
1216 4449 1356 4515 pendant
1373 4449 1403 4501 le
1420 4450 1537 4518 Moyen
1550 4450 1614 4518 Age
1633 4446 1702 4517 [Ed

365 4537 449 4601 Bne,
468 4534 556 4605 15531.
583 4536 628 4590 Ct.
647 4535 786 4589 THEOPH.
807 4536 881 4589 ΕΗΒ.
899 4536 1037 4601 HARLES,
1056 4540 1172 4590 latrod.
1193 4540 1223 4590 tn
1241 4539 1399 4590 historiam
1418 4540 1536 4606 liuguae
1559 4550 1699 4607 graecae,

365 4628 436 4681 tom.
455 4627 493 4689 11,
510 4641 587 4694 pars
600 4630 691 4693 prim.
710 4624 728 4693 ᾖ
747 4626 797 4690 5ος
822 4625 962 4689 ΒκυΝΕτ,
989 4628 1126 4687 Manna,
1143 4627 1164 4679 t.
1183 4626 1234 4678 111.
1269 4627 1423 4680 Dominici
1442 4643 1460 4680 a
1478 4628 1641 4695 emprnnte
1663 4642 1702 4681 ce

365 4724 496 4783 passage
516 4717 558 4769 du
579 4716 796 4781 Centiloqur'am
814 4716 832 4768 a
851 4716 880 4768 S.
899 4714 1003 4768 Tuom.
1026 4716 1139 4769 Contra
1160 4714 1595 4781 Gent.111‚uxxx1v.adsln.

479 4802 499 4870 ³)
517 4806 620 4859 Axur.
639 4808 685 4859 De
703 4806 816 4859 Anima
834 4806 870 4869 11,
888 4815 929 4867 rx,
948 4821 978 4858 n.
997 4806 1022 4857 2.

472 4893 493 4957 ⁴)
511 4896 724 4955 PToLEMAEUS,
745 4894 980 4961 &adloquium
997 4895 1120 4962 d'apres
1138 4910 1200 4947 une
1218 4896 1345 4949 citation
1363 4897 1403 4949 de
1419 4896 1448 4949 S.
1462 4894 1568 4948 Tuon.
1589 4896 1704 4949 Contra

368 4984 453 5037 Gent.
472 4984 522 5046 111,
541 4992 659 5047 Lxxxv,
678 4986 720 5036 ad
735 4982 794 5048 sin.

440 5070 441 5075 ’
473 5070 494 5139 ⁵)
514 5072 573 5126 Ces
593 5075 758 5126 modernes
785 5074 861 5126 dont
885 5074 908 5126 il
934 5076 982 5126 est
1007 5074 1046 5127 ici
1072 5075 1162 5140 parle
1180 5074 1251 5127 sont
1270 5074 1316 5126 les
1338 5076 1493 5142 partisans
1512 5075 1703 5129 d'Avicenne

365 5162 418 5230 qni
437 5160 595 5229 (Metapa,
614 5164 683 5215 lect.
698 5162 734 5223 Χ,
755 5168 820 5229 cap:
835 5164 862 5227 1)
881 5164 1037 5217 soutenait
1055 5177 1116 5230 que
1134 5164 1165 5215 le
1177 5166 1375 5217 mouvement
1389 5164 1445 5217 des
1460 5179 1552 5231 corps
1569 5165 1702 5217 ce'lestes

366 5251 439 5305 etait
459 5252 490 5304 la
508 5266 609 5315 cause,
632 5268 695 5305 non
712 5268 768 5343 pap
794 5253 1019 5307 occasionnelle
1051 5255 1083 5306 et
1108 5252 1308 5306 accidentelle
1336 5253 1376 5307 de
1402 5268 1460 5307 nos
1479 5256 1564 5307 actes
1589 5254 1629 5306 de
1647 5268 1702 5307 vo-

1565 5374 1591 5415 21
