4300 6117
455 829 520 893 368
959 843 1118 897 LUCULA
1140 843 1281 898 NOCTIS

450 1064 607 1125 iuniores
624 1064 738 1144 dirigo
752 1066 883 1139 verbis,
908 1066 1013 1128 lactis
1029 1067 1145 1146 cupio,
1170 1086 1306 1148 oroque
1323 1087 1434 1131 canos
1458 1070 1513 1131 sui
1536 1070 1644 1133 hostii
1663 1071 1785 1133 limina

447 1168 677 1250 frequentare
700 1175 762 1233 aut
779 1175 876 1233 certe
896 1173 1027 1245 tenere,
1053 1174 1159 1236 istam
1182 1173 1299 1237 lateor
1314 1176 1362 1236 ab
1380 1176 1589 1239 auctoribus
1610 1196 1786 1240 commen·

448 1277 580 1349 datam,
607 1279 637 1340 si
661 1278 769 1341 tuerit
791 1280 938 1359 integra,
964 1298 1035 1341 non
1057 1282 1208 1360 partilis.
1228 1314 1267 1322 -—
1285 1282 1465 1362 Integram
1489 1283 1581 1357 dico,
1607 1283 1692 1363 quia
1714 1286 1785 1345 vir·

446 1388 540 1448 tutes
564 1404 696 1459 omnes,
733 1405 812 1447 cum
837 1387 908 1449 sint
934 1402 1102 1459 connexe,
1138 1389 1334 1467 quemlibet
1368 1394 1490 1453 actum
1525 1392 1687 1453 ambiunt
1710 1392 1780 1452 vir-

447 1496 598 1555 tuosum.
626 1525 662 1535 —
681 1492 860 1573 Integram
874 1512 974 1567 voco,
1000 1513 1042 1556 eo
1059 1496 1157 1574 quod
1173 1496 1319 1558 moralis
1334 1497 1449 1559 virtus
1466 1500 1605 1576 absque
1622 1498 1783 1560 intellec·

447 1600 535 1662 tuali
558 1618 730 1662 essenon
753 1604 882 1680 potest.
906 1600 985 1662 Non
1008 1604 1102 1663 enim
1121 1603 1332 1681 predicatur
1355 1604 1401 1665 de
1420 1605 1546 1677 brutis,
1572 1621 1784 1685 quanquam

445 1708 627 1789 ymagines
644 1708 861 1780 obediencie,
876 1707 1072 1781 fidelitatis,
1086 1711 1279 1789 pacientie,
1293 1712 1595 1791 magnanimitatis
1612 1715 1648 1773 et
1661 1712 1779 1773 huius·

446 1814 543 1877 modi
581 1816 808 1895 reperiantur
831 1816 868 1876 in
890 1816 1033 1877 illorum
1069 1817 1296 1895 quibusdam.
1322 1850 1364 1859 --
1394 1817 1448 1879 De
1470 1818 1539 1880 hac
1562 1819 1776 1899 integritate,

447 1922 661 2001 epistola
683 1930 860 1995 LxxxV,
896 1923 1056 2001 loquitur
1083 1922 1283 1998 Seneca,
1319 1924 1461 1987 dicens:
1504 1924 1593 1987 «Ad
1627 1928 1779 1988 virtutes

446 2031 680 2091 transeamus.
719 2028 899 2109 Precipiet
923 2030 1061 2108 aliquis,
1101 2033 1143 2091 ut
1162 2032 1399 2110 prudenciam
1423 2035 1541 2113 magni
1564 2034 1781 2103 estimemus,

445 2139 484 2197 ut
507 2134 752 2199 fortitudInem
775 2138 1074 2217 complectamur:
1101 2138 1290 2210 iusticiam,
1320 2141 1352 2200 si
1372 2140 1452 2201 fieri
1474 2143 1603 2219 potest,
1629 2141 1779 2219 propius

446 2261 554 2323 quam
578 2246 717 2305 ceteras
740 2245 843 2306 nobis
868 2245 1100 2323 applicemus.
1136 2241 1210 2306 Sed
1231 2245 1339 2308 nichil
1362 2249 1497 2326 agetur,
1522 2248 1553 2308 si
1578 2248 1783 2327 ignoramus

446 2350 534 2430 quid
557 2352 604 2412 sit
619 2351 749 2424 virtus,
774 2369 846 2411 una
869 2352 924 2421 sil,
950 2369 997 2412 an
1019 2352 1159 2430 plures;
1185 2355 1353 2432 separate
1376 2371 1423 2414 an
1448 2372 1623 2427 connexe;
1649 2372 1695 2414 an
1719 2353 1781 2432 qui

445 2476 553 2519 unam
576 2457 685 2519 habet
709 2460 745 2519 et
773 2461 911 2519 ceteras
939 2457 1087 2532 habeat;
1114 2477 1186 2538 qno
1208 2460 1302 2521 inter
1325 2478 1364 2521 se
1388 2458 1584 2522 differant?
1621 2459 1701 2522 Non
1726 2463 1782 2522 est

445 2584 593 2627 necesse
616 2564 720 2627 labro
743 2564 789 2625 de
812 2563 952 2627 fabrica
980 2584 1142 2644 querere,
1177 2566 1274 2646 quod
1305 2567 1380 2628 eius
1409 2568 1564 2639 inicium,
1592 2568 1673 2647 quis
1696 2586 1780 2629 usus

444 2673 506 2743 sit,
538 2691 609 2733 non
631 2673 742 2753 magis
766 2690 873 2751 quam
896 2673 1150 2751 panthomimo,
1176 2673 1222 2734 de
1245 2676 1324 2736 arte
1348 2674 1514 2736 saltandi.
1555 2674 1688 2736 Omnes
1711 2675 1778 2735 iste

444 2782 541 2841 artes
564 2799 603 2842 se
627 2780 758 2852 sciunt,
784 2779 891 2841 nichil
915 2780 1026 2841 deest.
1060 2779 1141 2841 Non
1157 2781 1251 2841 enim
1275 2781 1323 2842 ad
1347 2785 1461 2843 totam
1484 2782 1642 2860 pertinet
1670 2782 1781 2843 vitam

444 2887 567 2960 virtus,
586 2889 622 2948 et
637 2886 788 2948 aliorum
805 2887 960 2948 sciencia
976 2890 1030 2948 est
1046 2890 1083 2949 et
1098 2888 1162 2960 sui,
1189 2890 1254 2950 etc.
1268 2908 1282 2941 »
1295 2886 1316 2949 ¹.
1337 2921 1376 2929 —
1390 2887 1444 2951 De
1459 2889 1527 2950 hac
1545 2890 1650 2957 idem,
1669 2890 1780 2969 epis·

444 2994 538 3055 tola
560 3002 684 3065 ΧΙΙΙΙ,
710 2994 862 3073 scripsit,
887 2993 1029 3055 dicens:
1057 2993 1147 3055 «Ad
1166 2995 1439 3076 phylosophiam
1463 3009 1547 3076 ergo
1571 2994 1774 3075 confugien-

445 3100 529 3163 dum
547 3103 610 3163 est.
635 3100 711 3163 Hec
728 3102 856 3172 littere,
873 3119 944 3161 non
968 3100 1049 3163 dico
1066 3102 1165 3180 apu'd
1189 3103 1312 3174 bonos,
1337 3103 1404 3164 sed
1426 3103 1525 3182 apud
1546 3103 1777 3164 mediocriter

410 3224 412 3229 ’
444 3209 566 3282 malos,
592 3208 784 3270 infularum
807 3208 887 3269 loco
910 3211 1001 3269 sunt.
1024 3207 1115 3269 Nam
1130 3207 1283 3270 forensis
1305 3209 1524 3289 eloquencia,
1538 3212 1574 3271 et
1604 3209 1781 3289 quidquid
1816 3210 1822 3221 '

444 3316 543 3378 aliud
566 3315 738 3395 populum
760 3318 889 3387 movet,
915 3316 1164 3377 adversarium
1188 3316 1306 3377 habet.
1331 3315 1408 3378 Hec
1425 3317 1557 3396 quieta,
1582 3318 1618 3377 et
1641 3318 1697 3378 sui
1718 3335 1781 3377 ne·

443 3424 534 3503 gocii
557 3441 711 3503 compos,
749 3423 951 3501 contempni
980 3440 1051 3483 non
1085 3426 1221 3502 potest;
1263 3424 1319 3484 cui
1343 3426 1389 3485 ab
1425 3425 1589 3485 omnibus
1625 3417 1773 3494 ar'tibus,

444 3532 558 3593 eciam
581 3531 679 3610 apud
702 3530 884 3609 pessimos,
902 3529 1017 3590 honor
1030 3532 1095 3592 est.
1118 3529 1320 3609 Numquam
1336 3531 1527 3592 intantum
1549 3531 1780 3592 convalescet

443 3638 609 3718 nequicia
634 3640 700 3699 etc.
715 3658 730 3692 ›>
744 3638 764 3697 ²¹.
790 3635 868 3720 Que
883 3637 1099 3716 opponendo
1115 3637 1197 3698 sunt
1212 3637 1322 3698 dicta.
1337 3673 1377 3681 —
1391 3637 1534 3707 Iterum,
1559 3637 1634 3717 epi
1647 3637 1781 3699 stola

443 3753 704 3816 xxxxvuss,
740 3744 873 3805 docens
898 3744 1044 3823 quidem
1068 3743 1185 3805 ethice
1208 3744 1281 3805 vite
1304 3745 1450 3806 semitas
1474 3744 1669 3823 dirigentis,
1705 3744 1775 3805 elo·

444 3852 594 3932 quencie
617 3852 776 3931 picturas
800 3852 941 3921 radens,
967 3853 1003 3912 et
1017 3851 1283 3936 simplicitatem
1300 3851 1477 3923 attollens,
1501 3852 1570 3912 ait:
1601 3849 1775 3913 «Dociles

443 3980 508 4022 nos
531 3962 662 4022 natura
685 3958 800 4021 edidit
822 3960 859 4020 et
881 3959 1063 4020 racionem
1090 3958 1192 4019 dedit
1220 3957 1477 4037 imperfectam,
1511 3958 1577 4020 sed
1603 3977 1674 4037 qne
1697 3976 1777 4038 per·

442 4069 504 4129 lici
526 4069 654 4147 potest.
694 4066 747 4128 De
769 4066 910 4128 iusticia
933 4065 1027 4137 mihi,
1065 4065 1112 4127 de
1134 4066 1270 4145 pietate
1293 4065 1449 4145 disputa,
1485 4065 1532 4127 de
1559 4063 1775 4145 frugalitate,

443 4177 490 4237 de
512 4174 693 4254 pudicicia
715 4176 869 4252 utraque
893 4175 928 4233 et
950 4172 1022 4243 illa,
1059 4174 1115 4233 cui
1142 4172 1253 4233 alieni
1277 4172 1439 4252 corporis
1463 4159 1688 4234 abstinencia
1712 4174 1776 4243 est,

442 4286 478 4345 et
493 4282 570 4353 hac,
588 4282 644 4343 cui
656 4281 712 4342 sui
727 4299 822 4342 cura.
848 4277 886 4340 Si
902 4298 958 4341 me
974 4280 1131 4342 nolueris
1147 4279 1279 4342 ducere
1294 4297 1361 4360 per
1376 4280 1492 4350 devia,
1503 4277 1644 4341 facilius
1659 4278 1709 4340 ad
1724 4279 1774 4350 id,

442 4408 514 4470 quo
537 4388 656 4461 tendo,
681 4387 897 4468 perveniam.
936 4386 1035 4460 Nam,
1061 4389 1100 4448 ut
1122 4389 1174 4448 ait
1196 4386 1256 4448 ille
1277 4383 1533 4466 Tragicus:
1568 4383 1774 4448 «Veritatis

441 4497 591 4577 simplex
614 4495 735 4557 oracio
760 4498 839 4555 est»
854 4492 875 4555 ³.
914 4493 1073 4573 Ideoque
1094 4494 1193 4555 illum
1216 4494 1401 4573 implicare
1424 4512 1495 4555 non
1518 4495 1682 4573 oportet:
1708 4510 1775 4554 nec

548 4830 569 4898 ¹)
587 4832 620 4884 L.
638 4831 695 4883 ΑΝ.
714 4831 828 4884 SENEC.
849 4828 936 4891 XCV,
956 4827 1047 4882 5⁵·56.

548 4918 569 4987 ’ἢ
588 4921 642 4983 ID,
659 4920 736 4983 XIV,
756 4921 798 4971 11.
817 4917 973 4992 Quelqnes
991 4917 1160 4970 variantes.

549 5006 653 5075 ³)1u.„
673 5008 776 5071 XLIX,
795 5008 838 5060 12.
866 5006 1021 5081 Quelqnes
1051 5006 1217 5058 variantes.
1256 5006 1390 5072 Passage
1415 5003 1486 5072 deii
1512 5004 1581 5067 cite,
1606 5004 1644 5057 ci.
1667 5019 1697 5072 p.
1718 5004 1778 5069 1⁶6,

442 5102 515 5154 note
534 5102 559 5153 1.
