4300 6117
984 827 1144 882 LUCULA
1165 825 1305 881 NOCTIS

923 1605 1126 1711 [CAPUT
1158 1604 1367 1711 XXVI]

434 1975 464 2037 1.
592 1970 902 2058 [E]xistimabatnr
924 1978 1116 2039 dicendum
1140 1979 1307 2050 secundo,
1333 1977 1431 2057 quod
1453 1978 1562 2057 ipsa
1594 1978 1812 2047 dilectio,

479 2103 570 2165 qua
600 2085 707 2147 sola
736 2083 878 2146 Deum
907 2085 1149 2163 possimus
1180 2086 1384 2157 imitari,
1414 2087 1486 2146 est
1511 2086 1813 2165 cognicionis

480 2194 851 2255 sacratissima
887 2193 1081 2272 proles.

587 2387 654 2451 Est
685 2389 862 2467 siquidem
898 2407 983 2450 ceca
1012 2389 1057 2450 de
1087 2408 1125 2451 se
1164 2390 1318 2451 humana
1352 2390 1527 2461 voluntas,
1563 2392 1599 2450 et
1633 2392 1815 2468 tamquam

481 2496 676 2577 pedagogo,
708 2515 773 2558 suo
807 2498 945 2568 marito,
979 2497 1162 2559 intellectu
1190 2498 1338 2559 directa.
1374 2496 1443 2558 Hic
1471 2515 1557 2558 vero
1585 2496 1735 2558 maritus
1764 2498 1816 2558 est

482 2604 558 2665 sola
582 2604 758 2683 potencia,
787 2622 858 2665 non
885 2604 1008 2665 valens
1036 2604 1174 2683 aliquid
1201 2617 1382 2684 generare,
1416 2604 1484 2664 nisi
1511 2621 1578 2683 per
1604 2603 1742 2683 aliquid
1770 2605 1815 2665 ab

484 2712 684 2772 extrinseco
722 2711 951 2790 deportatum
984 2713 1180 2774 reducatur
1213 2711 1261 2773 ad
1295 2715 1425 2773 actum.
1453 2708 1554 2772 Licet
1587 2714 1708 2772 autem
1749 2711 1815 2773 hoc

483 2819 593 2879 satis⁸
634 2816 856 2891 Aristoteles,
904 2819 940 2878 in
985 2821 1097 2881 tercio
1135 2818 1200 2880 De
1239 2820 1415 2891 anima,
1456 2819 1618 2881 effecerit
1658 2821 1781 2880 notum
1796 2816 1815 2889 ¹,

283 2918 312 2978 B
329 2915 402 2980 48¹0
485 2928 604 3022 tamen
639 2923 735 2986 idem
769 2927 836 2987 sub
861 2927 1066 3005 congruenti
1106 2927 1266 3006 exemplo
1303 2926 1496 2987 declarabo
1520 2917 1552 3009 1¹.

437 3023 469 3085 2·
597 3030 656 3093 Sic
680 3033 774 3093 enim
797 3051 836 3093 se
859 3032 968 3094 habet
990 3033 1144 3095 humane
1167 3034 1284 3094 anime
1307 3034 1508 3095 intellectus
1532 3033 1580 3094 ad
1602 3034 1732 3094 intuita
1748 3033 1816 3112 spi·

483 3140 635 3212 ritualia,
661 3140 754 3201 sicut
776 3157 814 3201 se
838 3140 947 3202 habet
970 3141 1094 3202 oculus
1119 3140 1316 3220 corporalis
1339 3141 1388 3201 ad
1410 3140 1565 3201 visibilia
1592 3140 1815 3201 materialia:

482 3247 599 3309 nullus
622 3247 789 3326 repudiat
820 3248 1087 3309 similitudinem
1124 3249 1238 3310 istam.
1286 3246 1360 3310 Sed
1393 3265 1486 3327 pone
1520 3245 1634 3308 solam
1667 3248 1818 3309 visivam

480 3356 683 3435 potenciam
718 3355 814 3414 omni
847 3355 1054 3416 valetudine
1087 3356 1272 3435 vigentem,
1308 3355 1482 3433 numquid
1513 3354 1650 3432 aliquid
1687 3355 1818 3434 viget?

479 3461 660 3540 Numquid
683 3462 821 3541 aliquid
844 3463 915 3523 exit
937 3464 974 3522 in
996 3463 1145 3524 actum?
1169 3461 1274 3524 Certe
1298 3480 1392 3524 non:
1417 3480 1509 3533 nam,
1534 3462 1602 3522 nisi
1625 3462 1742 3541 fulgor
1756 3462 1817 3522 ali·

481 3570 561 3648 quis
586 3569 632 3629 ab
657 3572 758 3630 extra
781 3566 888 3630 fuerit
922 3588 988 3648 per
1023 3570 1170 3648 aliquod
1205 3570 1362 3631 lucidum
1399 3587 1529 3647 corpus
1566 3569 1725 3641 emissus,
1751 3570 1819 3629 erit

481 3675 644 3756 profecto
680 3678 808 3737 natura
844 3676 959 3737 visiva
988 3677 1156 3756 potencia
1190 3679 1390 3738 tenebrosa.
1436 3674 1524 3737 Esto
1559 3676 1662 3747 enim,
1692 3679 1818 3738 autore

481 3782 655 3845 Plinio
672 3783 693 3855 ¹²,
739 3779 904 3845 Tiberius
932 3783 1055 3845 mundi
1079 3783 1272 3845 monarcha
1306 3785 1414 3844 noctu
1449 3784 1562 3843 eciam
1593 3783 1629 3843 in
1661 3784 1818 3845 tenebris

480 3891 632 3961 videret,
657 3890 724 3952 sed
746 3891 795 3952 ad
818 3892 937 3962 breve,
963 3893 998 3952 et
1022 3909 1102 3952 cum
1125 3892 1279 3971 primum
1302 3909 1322 3951 e
1346 3908 1495 3968 sompno
1524 3891 1600 3952 eius
1623 3890 1718 3952 oculi
1742 3893 1819 3969 pat·

482 3999 628 4067 uissent‚
655 3999 716 4075 qui
740 3997 870 4058 deinde
894 4015 1035 4058 rursum
1058 3998 1286 4059 obescebant.
1322 3995 1439 4058 Credo
1468 3998 1587 4057 tamen
1622 3997 1720 4075 quod
1743 3998 1819 4059 sine

483 4104 680 4166 adventata
702 4104 782 4166 luce
804 4104 929 4165 videre
952 4123 1022 4165 non
1061 4107 1213 4184 poterat.
1252 4104 1294 4165 Id
1330 4107 1450 4165 autem
1481 4104 1672 4165 accidebat
1702 4103 1817 4166 eidem

482 4215 546 4273 aut
569 4213 720 4291 propter
743 4211 912 4289 reliquias
935 4212 1025 4272 lucis
1048 4212 1143 4273 inter
1166 4212 1306 4273 clausas
1330 4211 1609 4273 obstrectissime
1624 4210 1817 4290 palpebras

483 4321 697 4387 reservatas,
723 4318 815 4379 sicut
838 4319 1020 4398 experitur
1042 4319 1104 4397 qui
1128 4320 1276 4398 repente
1306 4318 1460 4381 obstruit
1483 4318 1605 4379 oculos
1641 4318 1677 4377 in
1700 4317 1817 4379 medio

482 4426 572 4487 lucis
607 4425 771 4496 existens,
802 4428 865 4486 aut
898 4426 966 4486 hoc
1001 4426 1069 4487 sibi
1104 4426 1305 4496 videbatur.
1341 4425 1406 4486 sed
1440 4443 1511 4486 non
1546 4427 1633 4495 erat,
1670 4428 1819 4504 propter

588 4838 621 4899 u)
642 4862 673 4872 -
699 4834 785 4886 satis.

589 5011 610 5079 ¹)
628 5014 731 5066 Ams'r.
750 5013 792 5064 111
810 5015 857 5066 De
875 5013 998 5075 Animo,
1015 5014 1085 5067 lect.
1106 5013 1175 5076 XV;
1195 5012 1298 5076 Didot,
1316 5027 1382 5079 cap.
1401 5021 1431 5075 Χ,
1449 5027 1479 5063 n.
1497 5011 1524 5075 ⁶,
1543 5012 1568 5062 7.

592 5099 612 5169 ²)
632 5104 718 5155 prm,
736 5104 816 5155 Htst.
834 5102 906 5155 Nat.
925 5102 976 5165 xl,
994 5111 1055 5154 mv.
