4300 6117
864 957 1050 1010 IOHANNIS
1073 957 1255 1010 DOMINlCl
1683 948 1727 1011 79

390 1181 564 1260 preelegit
588 1179 735 1242 consilio
761 1183 800 1242 ut
823 1181 972 1242 daretur
995 1180 1201 1252 secundum,
1228 1183 1268 1242 ut
1283 1191 1320 1242 a²
1343 1180 1493 1260 Neapoli
1509 1199 1630 1243 musce
1652 1182 1727 1243 abi·

391 1291 559 1368 gerentur
594 1286 723 1348 infeste
758 1291 794 1348 et
818 1288 944 1349 civitas
968 1288 1158 1349 insanabili
1188 1288 1404 1350 liberaretur
1435 1306 1458 1348 a
1485 1291 1597 1366 peste.
1636 1288 1726 1349 Item

390 1396 428 1454 in
463 1395 619 1455 semiviri
652 1393 814 1456 Chironis
853 1397 968 1466 antro,
1008 1395 1037 1456 si
1073 1394 1234 1456 creditur
1267 1413 1334 1473 per
1363 1395 1483 1456 omnia
1511 1392 1646 1466 Grecis,
1672 1397 1727 1456 est

390 1501 548 1562 Achilles
573 1501 650 1582 lyre
674 1504 709 1562 et
734 1501 880 1582 cythare
915 1500 1041 1562 modos
1065 1501 1269 1570 instructus,
1309 1501 1464 1580 indeque
1495 1503 1725 1563 transductus

391 1609 440 1670 ad
475 1609 593 1681 silvas,
628 1609 677 1669 ibi
712 1608 822 1670 victui
857 1609 1029 1688 operique
1053 1626 1275 1680 assuescens,
1315 1610 1560 1669 reverenciam
1600 1611 1726 1670 nature

391 1717 626 1795 timoremque
650 1715 774 1776 mortis
798 1714 930 1777 abiecit
944 1713 963 1775 ¹.

503 1820 540 1884 Si
575 1825 765 1884 terrestres
799 1823 956 1883 viatores
992 1823 1027 1882 et
1051 1824 1158 1882 naute
1194 1822 1232 1882 in
1255 1822 1479 1902 philosophie
1504 1823 1583 1884 sinu
1607 1821 1727 1883 forent
1740 1819 1770 1883 3.

391 1930 524 2001 nutriti,
563 1927 728 1991 fortassis
764 1947 946 2007 nunquam
980 1928 1142 2008 ipsorum
1165 1930 1308 1991 labores
1344 1930 1468 1990 inanes
1492 1929 1667 1990 sentirent
1689 1930 1727 1990 et

391 2036 585 2114 aliquando
621 2037 799 2097 mortales.
839 2035 993 2097 Futuras
1020 2052 1185 2114 namque,
1225 2038 1265 2096 ut
1289 2055 1369 2097 cum
1405 2036 1563 2114 quodam
1585 2035 1726 2097 Bric-

392 2145 441 2204 ta
455 2162 479 2203 n
490 2143 503 2202 i
516 2129 536 2204 c
547 2162 568 2204 o
592 2143 729 2221 loquar,
755 2145 987 2221 tempestates
1010 2147 1073 2205 ant
1097 2143 1308 2204 serenitates
1333 2143 1432 2222 signa
1456 2143 1611 2221 quedam
1627 2145 1725 2203 ante·

393 2250 563 2311 cedencia
586 2250 855 2329 preloquuntur,
896 2254 935 2311 ut
958 2250 1072 2323 homo,
1112 2251 1173 2329 qui
1198 2252 1303 2310 natus
1327 2253 1382 2310 est
1404 2250 1453 2310 ad
1476 2250 1646 2321 laborem,
1683 2267 1727 2310 ex

392 2357 459 2418 hiis
482 2357 605 2436 possit,
642 2356 818 2418 exercicia
852 2374 918 2417 sua
943 2359 1145 2436 temperare
1161 2357 1181 2417 ⁹.
1207 2356 1300 2418 Hinc
1323 2357 1488 2436 agricole,
1513 2357 1595 2417 hinc
1619 2358 1726 2416 naute

392 2462 626 2525 familiaribus
643 2463 859 2542 quibusdam
877 2465 1138 2543 experimentis,
1163 2465 1250 2542 quid
1267 2482 1338 2542 quo
1355 2467 1516 2543 tempore
1532 2464 1607 2543 geri
1622 2481 1726 2542 opor·

392 2573 476 2643 teat,
515 2571 687 2649 temporis
712 2571 822 2631 futuri
861 2571 1029 2650 colligunt
1052 2571 1263 2650 qualitatem
1300 2588 1341 2631 ex
1367 2589 1409 2632 eo
1435 2571 1532 2649 quod
1564 2569 1727 2650 preteriit

391 2678 609 2738 mencientes
632 2689 782 2756 mergus,
821 2678 947 2748 alcion,
974 2679 1106 2757 cignus,
1131 2677 1225 2749 luna,
1263 2678 1326 2749 sol,
1351 2695 1486 2738 arcana
1508 2680 1635 2738 nature
1658 2678 1727 2737 fre·

393 2786 544 2862 quenter
558 2784 734 2863 aperiunt.
759 2782 847 2844 Cum
864 2784 1006 2855 etenim,
1031 2787 1180 2846 auctore
1204 2783 1395 2845 Ambrosio
1405 2783 1426 2856 ³,
1452 2785 1548 2846 circa
1570 2784 1728 2844 medium

392 2891 537 2972 hyemis,
576 2890 750 2952 alcionem
782 2889 969 2951 nidificare
1005 2909 1146 2969 ovaque
1182 2889 1305 2952 fovere
1330 2892 1566 2970 conspexeris,
1605 2890 1651 2951 de
1673 2898 1728 2950 xv

393 2999 532 3060 dierum
555 2999 748 3059 serenitate
785 2998 988 3077 gratissima
1011 3017 1082 3059 non
1105 2999 1267 3071 dubites;
1307 3016 1440 3077 eosque
1476 3000 1583 3059 naute
1612 2998 1728 3061 solent

393 3105 600 3184 diligencius
624 3106 829 3176 observare,
864 3105 994 3182 quibus
1017 3106 1075 3164 vix
1099 3105 1157 3164 vel
1181 3105 1297 3165 tenuis
1321 3103 1428 3166 flatus
1452 3123 1542 3166 aura
1565 3105 1726 3165 sentitur.

382 3209 526 3273 'Iterum
550 3230 630 3273 cum
646 3211 843 3272 fluvialium
859 3212 978 3272 avium
995 3229 1149 3290 corpora
1164 3212 1201 3271 in
1219 3213 1323 3290 aquis
1340 3212 1479 3272 avidius
1500 3212 1611 3290 mergi
1627 3229 1727 3272 cons·

392 3319 542 3398 pexeris,
576 3320 721 3399 ymbres
744 3322 904 3397 expecta.
944 3317 1105 3379 Cornicis
1140 3319 1353 3379 matutinum
1390 3319 1582 3380 clamorem
1605 3317 1727 3396 pluvia

392 3425 563 3505 sequitur.
587 3424 710 3486 Multis
735 3443 877 3503 quoque
901 3425 1008 3504 signis
1031 3425 1275 3503 tranquillitas
1299 3427 1335 3485 et
1356 3425 1457 3485 varie
1474 3427 1727 3504 tempestatum

392 3533 506 3593 forme
529 3533 565 3592 in
589 3531 672 3592 lune
695 3533 783 3594 orbe
806 3531 990 3593 videntur:
1017 3532 1093 3592 eius
1116 3549 1271 3611 namque
1294 3532 1524 3602 rubicundus,
1550 3521 1564 3613 Ιί
1589 3533 1725 3603 ventos,

393 3639 543 3717 pluvias,
580 3640 744 3700 ceruleus
768 3656 810 3700 ex
834 3641 988 3717 utroque
1012 3639 1143 3699 mixtus
1173 3639 1314 3699 nimbos
1337 3637 1474 3699 indicat
1496 3637 1727 3716 furentesque

394 3745 581 3825 procellas,
606 3745 698 3807 letus
721 3746 819 3806 orbis
844 3746 994 3825 navigiis
1019 3745 1250 3806 serenitatem
1273 3745 1459 3824 promittit,
1483 3746 1673 3824 presertim
1696 3745 1727 3805 si

394 3855 522 3931 quarto
547 3855 637 3914 ortu.
662 3851 696 3914 Is
721 3853 813 3912 enim
831 3852 1049 3914 certissimus
1073 3855 1200 3913 auctor
1223 3854 1287 3923 est,
1313 3851 1410 3929 quod
1426 3853 1556 3912 mensis
1573 3869 1726 3930 sequens

393 3959 514 4038 pluvia
530 3961 708 4037 ventoque
732 3960 879 4020 carebit.
905 3958 967 4021 Sol
983 3976 1126 4039 quoque
1150 3976 1286 4036 equora
1309 3947 1323 4040 l,
1350 3959 1379 4019 si
1403 3959 1507 4020 solito
1523 3959 1725 4038 splendore,

393 4084 558 4128 serenum
580 4067 683 4146 igneo
708 4066 831 4138 celum,
856 4065 979 4145 palido
1004 4067 1133 4137 nivem,
1158 4065 1339 4126 maculoso
1354 4066 1515 4146 ymbrem
1538 4067 1725 4127 ministrat.

395 4316 603 4324 ——-—.

500 4509 630 4568 a)—a.

501 4681 521 4748 ¹)
541 4683 692 4736 Dominici
711 4685 772 4736 cite
791 4683 945 4737 He'linand
965 4685 982 4736 a
1001 4686 1124 4737 travers
1148 4685 1226 4735 Jean
1244 4685 1284 4735 de
1302 4683 1472 4751 Salisbnry,
1509 4683 1719 4747 Polycraticns

393 4771 414 4836 1,
433 4787 499 4839 cap.
518 4782 559 4835 lv,
578 4775 625 4826 De
645 4777 792 4835 venatica,
811 4776 842 4826 et
860 4774 1045 4834 auctoribus,
1064 4777 1095 4824 et
1111 4773 1272 4840 speciebus
1290 4775 1356 4838 esus
1376 4774 1433 4825 etc.
1454 4772 1525 4824 Var.

501 4859 521 4926 ⁷)
539 4862 564 4913 ll
583 4861 671 4929 s’agit
688 4877 801 4915 encore
820 4861 860 4914 de
878 4863 955 4916 Jean
973 4863 1014 4915 de
1026 4861 1197 4929 Salisbury,
1215 4877 1276 4927 qne
1291 4861 1442 4914 Dominici
1454 4861 1579 4927 designe
1596 4860 1728 4912 souvent

392 4951 436 5002 du
461 4950 573 5018 simple
598 4965 670 5003 nom
695 4952 735 5003 de
753 4951 972 5004 Brittannicus.
1013 4950 1057 5002 Cf.
1079 4951 1282 5018 Metalogiens
1306 4950 1358 5001 lib.
1378 4950 1426 5014 IV,
1452 4965 1518 5016 cap.
1537 4949 1580 5012 34,
1606 4950 1648 5000 ad
1672 4946 1728 5011 fin.

502 5037 522 5104 ³)
540 5039 570 5092 S.
591 5041 731 5092 Amilos.
751 5041 952 5104 Hexameron,
971 5040 1006 5102 V,
1025 5049 1082 5091 xm
1100 5054 1145 5105 sq.
1165 5038 1201 5091 ln
1222 5038 1345 5106 Oper.I
1370 5040 1404 5091 P.
1425 5039 1448 5098 1,
1475 5037 1528 5091 238
1547 5052 1593 5103 sq.
1628 5037 1729 5089 Ne'an-

393 5129 502 5193 moins,
520 5129 544 5180 fl
562 5130 682 5183 semble
699 5130 773 5181 bien
792 5144 853 5194 que
872 5128 1024 5182 Dominici
1043 5143 1078 5180 se
1097 5129 1157 5180 soit
1173 5129 1296 5181 snrtont
1320 5128 1437 5195 inspire'
1458 5127 1500 5180 dn
1518 5128 1729 5192 Polycraticus

394 5217 429 5281 11,
452 5233 519 5285 cap.
544 5227 574 5270 11.
