4300 6117
419 1120 454 1182 2.

988 891 1148 944 Lucum
1170 890 1311 944 uocus

599 1112 785 1177 Tenebras
800 1134 887 1178 vero
908 1116 1030 1177 sencio
1045 1114 1155 1175 nichil
1175 1115 1276 1175 alind
1299 1132 1387 1185 esse,
1417 1133 1525 1194 quam
1541 1116 1635 1176 radii
1649 1116 1823 1195 privacio-

491 1244 576 1287 nem
597 1222 788 1287 interdicti.
812 1224 989 1292 inductas,
1012 1225 1054 1282 ut
1072 1223 1126 1283 sic
1141 1240 1240 1282 more
1261 1222 1357 1301 vulgi
1378 1222 1575 1301 improprie
1597 1224 1736 1301 loquar,
1761 1240 1824 1303 per

491 1331 643 1394 alicuius
673 1330 985 1409 interposicionem
1015 1330 1121 1408 opaci
1142 1330 1237 1389 inter
1250 1329 1378 1389 mentis
1403 1330 1570 1389 intuitum
1594 1331 1631 1390 et
1647 1332 1823 1409 prefatum

491 1441 613 1501 lumen
643 1439 814 1497 eternum
853 1435 950 1521 Quid
972 1436 1067 1496 enim
1102 1434 1200 1495 aliud
1224 1436 1411 1495 sensibiles
1442 1436 1612 1497 tenebras
1636 1437 1752 1498 noctis
1774 1436 1823 1496 in·

491 1545 603 1613 ducit,
631 1561 740 1622 qnam
761 1544 934 1623 impervie
956 1545 1053 1603 terre
1074 1542 1285 1621 gravissima
1306 1542 1429 1613 moles,
1468 1543 1517 1603 ab
1549 1542 1662 1603 oculis
1696 1543 1823 1604 nostris

491 1652 542 1715 ad
564 1651 676 1712 solem
697 1650 794 1709 viam
813 1652 1019 1711 nniversam
1033 1648 1275 1729 precludeus?
1298 1646 1379 1709 Jam
1395 1649 1591 1710 corrolarie
1614 1649 1683 1710 hoc
1704 1668 1824 1710 verum

491 1761 638 1839 patere²
659 1756 822 1827 habetur,
847 1757 945 1836 quod
968 1757 1000 1817 si
1024 1756 1223 1835 cuiuspiam
1246 1755 1410 1816 intuitive
1431 1757 1560 1816 mentis
1575 1758 1744 1835 potencia
1759 1756 1826 1817 hoc

492 1866 599 1927 unico
615 1864 719 1925 radio
728 1863 947 1942 perducitur,
962 1864 1062 1923 iuxta
1069 1860 1182 1923 Ysaie
1197 1862 1408 1922 lamentum:
1427 1860 1580 1923 «Lucem
1596 1864 1632 1923 in
1649 1865 1824 1933 tenebras,

494 1976 531 2033 et
545 1972 724 2039 tenebras,
747 1969 983 2049 prochdolor!
1006 1970 1109 2048 ponit
1122 1970 1160 2029 in
1174 1970 1310 2030 lucem»
1323 1968 1345 2028 ¹.
1375 1967 1463 2038 Hec,
1482 1972 1574 2031 teste
1596 1969 1826 2031 Firmiano

492 2078 603 2147 fideli,
626 2077 814 2138 veritatem
828 2077 989 2156 reperire
1005 2094 1077 2137 non
1093 2076 1199 2147 valet,
1223 2076 1285 2154 qui
1300 2094 1372 2137 non
1388 2094 1468 2136 eam
1483 2075 1667 2137 mendicat
1692 2078 1739 2139 ab
1756 2077 1824 2147 illo,

494 2186 557 2265 qni
579 2184 677 2245 solus
700 2184 776 2244 eius
802 2187 929 2263 potens
953 2186 1009 2243 est
1018 2181 1039 2243 ².
1085 2181 1186 2251 Nam,
1219 2185 1260 2242 ut
1284 2200 1388 2243 sacer
1417 2183 1568 2243 antistes
1601 2181 1710 2245 docet
1732 2182 1826 2243 Am·

494 2292 694 2355 brosius:
720 2288 895 2361 «Veritas,
910 2308 935 2349 a
950 2308 1176 2368 quocumque
1195 2289 1347 2359 dicatur,
1364 2308 1388 2349 a
1402 2286 1540 2367 Spiritu
1557 2287 1691 2351 Sancto
1709 2292 1762 2351 est
1777 2311 1791 2343 ›
1805 2288 1824 2351 ³.

494 2396 597 2469 Hinc,
621 2398 659 2457 ni
682 2397 796 2467 fallor,
821 2398 948 2465 evenit,
971 2399 1013 2457 ut
1032 2396 1195 2475 quisquis
1210 2396 1358 2475 proprio
1380 2414 1488 2457 sensu
1510 2397 1548 2456 in
1571 2398 1680 2458 rebus
1704 2415 1827 2478 specu·

494 2505 612 2567 landis
647 2505 821 2582 procedit,
860 2504 950 2565 calle
985 2504 1149 2565 veritatis
1170 2502 1325 2571 deserto,
1363 2504 1521 2563 ferarum
1542 2521 1642 2564 more
1663 2523 1732 2583 per
1755 2522 1827 2565 ere·

495 2606 613 2673 mumb
645 2611 850 2681 falsitatum,
889 2611 1003 2671 eciam
1036 2611 1068 2670 si
1105 2610 1216 2670 dubia
1254 2610 1333 2670 luce
1371 2611 1464 2670 forte
1501 2611 1666 2670 semitam
1711 2612 1828 2672 teneat

496 2721 661 2788 rectam‘,
692 2717 849 2779 incertus
872 2717 1027 2777 incedat.
1065 2714 1115 2776 Et
1136 2715 1213 2785 hoc,
1251 2716 1336 2794 quia
1365 2715 1455 2776 «lux
1477 2716 1514 2777 in
1541 2718 1702 2779 tenebris
1725 2718 1826 2787 lucet,

497 2829 534 2887 et
555 2826 703 2886 tenebre
727 2842 806 2885 eam
829 2843 902 2885 non
925 2822 1273 2903 comprehenderunt
1289 2821 1335 2883 ›⁴.

606 2931 665 2992 Ad
687 2930 781 2992 hunc
803 2932 1022 2992 intellectum
1045 2930 1150 2991 divus
1172 2929 1462 3009 Augustinus,
1487 2931 1524 2991 in
1547 2932 1620 2993 suis
1639 2931 1827 3012 opusculis.

497 3043 571 3100 tam
591 3037 732 3117 Super
752 3036 955 3100 Genesim
975 3038 1031 3098 ad
1050 3038 1260 3109 litteram,
1281 3055 1389 3115 qnam
1409 3036 1470 3098 De
1484 3037 1699 3100 Doctrina
1720 3040 1829 3118 xpis·

500 3143 654 3217 tiana³,
700 3144 891 3206 humanam
928 3143 1190 3224 philosophiam
1231 3161 1303 3204 non
1339 3143 1540 3217 scienciam,
1585 3146 1651 3206 sed
1693 3147 1830 3225 precise

500 3253 729 3333 oppinionem
737 3251 870 3314 habere
883 3254 1045 3312 testatur.
1065 3249 1132 3311 Est
1145 3252 1238 3311 enim
1251 3250 1396 3330 oppinio
1408 3270 1575 3313 verorum
1588 3252 1829 3331 falsorumque

439 3407 444 3418 .
499 3362 656 3421 incertus
680 3376 847 3420 assensus
860 3359 1071 3427 intellectus,
1097 3376 1183 3419 ceca
1198 3358 1472 3436 presumpcione
1487 3359 1698 3437 procedens,
1724 3378 1830 3439 quam

500 3486 572 3528 non
593 3466 770 3527 immerito
793 3466 830 3525 in
853 3466 924 3525 alio
947 3482 1056 3543 opere
1079 3482 1144 3525 suo
1169 3464 1265 3525 idem
1287 3464 1469 3542 vituperat
1492 3463 1710 3545 Augustinus
1720 3466 1742 3528 ⁶.
1784 3466 1832 3526 At

500 3575 562 3635 ubi
582 3573 649 3634 hec
671 3573 886 3633 incertitudo
910 3572 1008 3632 velut
1032 3574 1132 3633 certa
1155 3571 1319 3640 sciencia,
1351 3572 1547 3634 miserabili
1569 3590 1718 3652 prorsus
1744 3574 1831 3635 ceci·

608 3990 640 4050 a)
659 4002 694 4033 =
712 3988 831 4052 patens.
868 3987 900 4048 b)
918 4001 953 4031 z
971 4000 1028 4051 per
1046 3984 1146 4037 devia.
1184 3987 1213 4047 c)
1233 4010 1266 4020 -
1285 3985 1410 4035 rectam.

610 4180 630 4248 ¹)
649 4182 720 4234 IsA1.
757 4192 787 4246 v,
805 4181 848 4234 20.
1788 4216 1791 4229 .

609 4268 630 4336 ²)
649 4272 740 4323 ΕΜ.
758 4272 915 4323 LACTANT.
952 4270 999 4323 De
1017 4273 1065 4322 ira
1082 4270 1149 4331 Det,
1167 4272 1209 4321 ad
1226 4270 1338 4332 Donat,
1356 4285 1422 4336 cap.
1441 4279 1460 4321 1.
1482 4270 1516 4321 ln
1538 4268 1628 4336 oper.
1648 4280 1678 4333 11,
1698 4270 1741 4323 80.
1765 4279 1768 4285 '

610 4358 679 4426 ³)S.
697 4361 798 4413 ΑΜΒΚ.
839 4360 998 4412 Commeat.
1018 4362 1047 4411 in
1066 4360 1165 4425 Epist.
1185 4360 1203 4411 Ι
1222 4361 1265 4410 ad
1285 4358 1351 4410 Cor.
1388 4359 1423 4410 In
1441 4359 1581 4426 Append.
1600 4361 1642 4409 ad
1662 4357 1774 4425 Opera,
1793 4368 1834 4421 Ν,

502 4452 558 4505 col.
577 4450 638 4505 2⁵8.
675 4450 799 4503 Comme
816 4449 1011 4511 d'ordinaire,
1036 4448 1196 4511 Dominici,
1215 4448 1309 4500 citant
1327 4449 1367 4499 de
1385 4448 1541 4511 memoire,
1568 4448 1695 4500 modifie
1714 4464 1756 4501 un
1774 4462 1835 4515 peu

501 4541 532 4592 le
555 4542 656 4592 texte:
690 4538 865 4612 «Quidquid
891 4538 972 4589 enim
996 4552 1106 4590 verum
1132 4551 1150 4588 a
1175 4552 1369 4603 quocumque
1396 4536 1516 4601 dicitnr,
1545 4552 1563 4589 a
1587 4536 1699 4589 Sancto
1725 4538 1835 4591 dicitur

502 4628 649 4696 Spiritu».
685 4628 735 4681 Un
753 4643 814 4695 pen
832 4629 902 4694 plus
921 4627 993 4689 loin,
1011 4628 1042 4678 le
1060 4628 1161 4678 meme
1179 4634 1310 4693 passage
1329 4640 1399 4679 sera
1419 4626 1477 4678 cite
1495 4627 1728 4679 correctement.

609 4715 631 4782 ⁴)
650 4717 678 4771 S.
699 4718 809 4770 lours.
829 4726 848 4779 1,
867 4718 893 4769 5.

609 4804 630 4872 ὖ)
648 4808 732 4860 Nous
750 4807 878 4859 n'avons
898 4821 940 4872 pu
958 4805 1123 4857 de'couvrir
1144 4804 1163 4856 a
1181 4804 1253 4870 quel
1272 4812 1403 4871 passage
1429 4804 1469 4856 de
1497 4818 1548 4857 ces
1574 4803 1656 4857 deux
1682 4812 1835 4871 ouvrages

502 4896 542 4950 de
561 4895 589 4949 S.
607 4897 758 4965 Augustin
776 4895 928 4947 Dominici
938 4893 995 4946 fait
1009 4894 1150 4946 allusion.
1181 4894 1254 4944 Plus
1267 4893 1359 4946 d’une
1371 4892 1431 4945 fois
1447 4892 1611 4956 d'ailleurs,
1630 4908 1708 4945 nous
1722 4908 1835 4947 aurons

502 4986 521 5039 a
539 4987 691 5055 regretter
709 4986 739 5038 le
757 4991 856 5050 vague
875 4985 906 5037 et
923 4982 1039 5050 parlois
1057 4982 1285 5034 l’inexactitude
1303 4982 1343 5035 de
1362 4997 1412 5033 ses
1430 4980 1614 5034 references.

610 5072 631 5138 ¹⁴)
650 5074 680 5128 S.
694 5073 774 5127 Auo.
796 5072 869 5139 Sup.
890 5072 996 5126 Genes.
1011 5072 1054 5123 ad
1071 5072 1111 5123 fit.
1131 5069 1329 5137 imperfectus
1347 5072 1430 5133 liber,
1449 5070 1470 5134 1,
1490 5086 1555 5137 cap.
1569 5080 1587 5121 1.
1609 5086 1663 5121 «...
1675 5071 1835 5124 temeritas

503 5164 680 5219 asserendae
699 5163 824 5215 incertae
839 5162 1002 5228 dubiaeque
1021 5161 1182 5225 opinionis,
1201 5160 1329 5213 difficile
1348 5160 1499 5226 sacrilegii
1519 5160 1635 5212 crimen
1653 5160 1782 5212 evitat».
