4300 6117
505 789 570 851 196
1007 800 1165 853 LUCULA
1186 799 1325 853 NOCTIS

503 1040 569 1100 per
592 1022 685 1083 hunc
708 1041 894 1084 numerum
918 1024 1114 1085 ternarium
1137 1024 1364 1086 adhibuimus
1389 1043 1452 1086 nos
1481 1026 1578 1105 ipsos
1606 1027 1838 1113 magnificare

503 1127 618 1190 Deum
641 1148 758 1201 unum,
784 1131 996 1192 eminentem
1018 1132 1301 1210 proprietatibus
1335 1150 1457 1193 eorum
1488 1150 1558 1211 que
1589 1136 1671 1195 sunt
1703 1136 1836 1204 creata,

503 1254 620 1297 nonne
643 1237 822 1315 simplices
854 1237 989 1317 decipit
1023 1241 1059 1299 et
1094 1237 1331 1317 prudentibus
1365 1239 1475 1300 iidem
1500 1239 1712 1302 catholicam
1744 1242 1838 1301 deri-

502 1344 658 1404 dendam
682 1344 855 1423 exponit?
878 1342 957 1406 Hoc
982 1348 1118 1406 certum
1141 1348 1196 1406 est
1220 1346 1364 1424 quidem
1388 1346 1472 1424 quia
1496 1366 1567 1408 non
1590 1347 1656 1408 tuit
1679 1348 1838 1408 intencio

503 1450 578 1511 eins
614 1452 659 1511 de
689 1447 865 1512 Trinitate
899 1451 1006 1530 loqui,
1033 1470 1140 1531 quam
1176 1470 1356 1530 nunquam
1394 1453 1430 1513 in
1464 1455 1522 1514 via
1558 1454 1730 1534 cognovit,
1765 1472 1838 1515 non

502 1558 613 1637 magis
638 1575 746 1636 quam
769 1556 987 1633 Maronia,
1012 1559 1050 1620 in
1073 1558 1273 1621 Buccolicis
1298 1559 1467 1621 dicentis:
1493 1550 1509 1643 ΙΙ

787 1777 800 1801 «
820 1758 955 1811 Numero
974 1758 1059 1811 Deus
1079 1760 1191 1826 impari
1209 1761 1321 1827 gaudet
1338 1758 1372 1809 »¹.

502 1955 560 2018 Sic
574 1957 743 2049 ¹dicemus
768 1954 799 2017 T
809 1978 827 2019 r
837 1977 858 2019 a
868 1959 910 2039 gi
922 1976 941 2019 c
951 1978 974 2019 n
985 1978 1019 2018 m
1046 1959 1090 2019 de
1112 1957 1240 2037 Xpisto
1254 1959 1411 2020 locutum
1424 1959 1470 2020 ab
1482 1959 1606 2019 inieris
1622 1959 1835 2029 revertente,

503 2066 587 2143 quia
610 2066 645 2126 in
669 2083 824 2144 persona
846 2064 1013 2127 Herculis
1036 2065 1142 2127 Ethei
1166 2067 1354 2128 cecinerit:

786 2265 799 2290 «
819 2248 894 2316 Ego,
913 2248 965 2314 qui
986 2249 1092 2301 relicta
1111 2251 1219 2311 morte,
1239 2250 1415 2315 contempta
1434 2247 1536 2317 Styge,

820 2338 880 2390 Per
898 2338 1001 2390 media
1018 2338 1131 2390 Lethes
1151 2340 1259 2405 stagna
1278 2352 1347 2389 cum
1366 2337 1464 2404 spolio
1482 2337 1570 2399 redii,

821 2517 934 2569 Lucem
952 2517 1066 2584 recepi,
1086 2517 1165 2569 Ditis
1184 2517 1264 2569 evici
1281 2531 1385 2570 moras
1400 2512 1434 2568 ι’).

286 2728 316 2789 Β
331 2729 410 2792 43νο
455 2727 485 2789 3,
613 2708 627 2801 ΙΙ
652 2716 732 2778 Νοιι
771 2718 938 2797 equidem
975 2715 1043 2778 fuit
1088 2718 1242 2778 intencio
1289 2716 1483 2778 Aristotilis
1522 2716 1620 2795 quod
1658 2715 1835 2775 ternarius

502 2844 670 2887 numerus
693 2827 788 2886 esset
810 2824 1021 2886 indivinus³.
1062 2823 1129 2885 Vir
1159 2825 1252 2885 enim
1281 2825 1482 2903 ingeniosus
1506 2821 1660 2884 etfama
1683 2822 1835 2899 cupidus

502 2935 611 3011 atque
644 2931 693 2993 ad
731 2930 915 2993 difficilem
954 2934 989 2992 et
1028 2932 1139 2992 altum
1179 2934 1371 2992 tractatum
1394 2948 1537 3009 procax,
1567 2930 1597 2991 si
1625 2925 1835 2989 Trinitatem

501 3041 647 3102 unitatis
673 3040 927 3119 cognovisset*
942 3041 1005 3100 aut
1027 3042 1218 3117 utrumque
1235 3038 1455 3110 credidisset
1485 3038 1543 3098 vel
1558 3036 1755 3097 audivisset
1775 3035 1835 3095 ali·

503 3166 593 3227 quos
620 3148 776 3207 famosos
801 3146 908 3207 talem
944 3147 1061 3208 colere
1095 3142 1316 3218 Trinitatem,
1353 3146 1426 3206 suis
1459 3144 1666 3225 dyalectieis
1704 3159 1834 3203 sermo·

444 3334 447 3339 Ι
502 3256 606 3315 nibus
631 3271 858 3332 nequaquam
882 3254 1085 3331 reliquisset
1108 3254 1287 3314 intactam.
1328 3250 1416 3313 Vult
1454 3264 1537 3332 ergo
1573 3252 1703 3322 dicere,
1738 3250 1834 3310 iuxta

503 3361 722 3423 intellectum
745 3361 923 3422 sincerum
946 3362 1061 3421 sancti
1076 3358 1324 3432 Doctoris⁴,
1351 3358 1447 3439 quod
1471 3358 1678 3420 sacerdotes
1702 3358 1739 3417 in
1764 3356 1834 3417 suis

503 3467 689 3531 sacrificiis
712 3470 906 3529 utebantur
938 3487 1086 3529 numero
1122 3468 1298 3541 ternario,
1336 3469 1485 3547 propter
1520 3466 1712 3543 quamdam
1742 3464 1834 3524 illius

503 3576 641 3637 numeri
675 3574 947 3654 perfeccionem
984 3594 1064 3636 cum
1099 3574 1231 3637 habeat
1271 3575 1494 3654 principium,
1534 3572 1689 3633 medium
1726 3573 1762 3632 et
1795 3570 1834 3629 ii·

503 3702 594 3744 nem.

456 3796 487 3859 4,
613 3776 806 3850 Derideret
828 3801 912 3867 ergo
936 3790 1087 3868 quisque
1111 3790 1266 3851 sciencia
1282 3790 1437 3851 naturali
1452 3790 1599 3868 peritus
1616 3788 1678 3849 ubi
1694 3788 1835 3848 audiret

503 3897 593 3958 tales
617 3898 862 3975 exposiciones
886 3900 922 3958 et
945 3898 1181 3976 allegaciones
1205 3898 1253 3958 ad
1278 3897 1494 3959 contrarium
1518 3914 1669 3965 sensum,
1705 3897 1834 3973 putans

504 4007 624 4066 cetera
647 4005 850 4065 testimonia
883 4005 980 4074 fidei,
1004 4005 1110 4065 simili
1148 4005 1378 4083 perversione
1418 4007 1601 4083 concepta.
1650 4002 1692 4062 Id
1729 4002 1836 4081 igitur

504 4111 601 4189 quod
617 4109 748 4172 Plato
773 4130 853 4173 cum
868 4112 941 4172 suis
958 4112 1103 4190 scripsit
1119 4112 1164 4173 de
1180 4109 1325 4174 Verbo⁵
1348 4131 1418 4173 non
1435 4114 1490 4172 est
1505 4110 1754 4189 accipiendum
1771 4126 1834 4187 pro

502 4236 657 4297 persona
681 4236 752 4278 una
776 4220 898 4279 divina
921 4218 1100 4291 distincta,
1133 4218 1198 4280 sed
1233 4238 1299 4298 pro
1335 4220 1490 4298 quadam
1524 4218 1645 4299 ydeali
1680 4216 1832 4277 racione.

612 4620 632 4684 ¹)
651 4622 771 4673 VIRGIL.
790 4624 864 4674 Buc.
884 4625 936 4674 ecl.
954 4623 1031 4685 VIII,
1050 4623 1142 4675 73-75.

610 4708 630 4776 9)
650 4711 721 4763 Stin,
741 4709 839 4763 TRAG.
858 4713 1008 4764 Hercules
1029 4712 1170 4774 Oetaeus,
1187 4713 1253 4765 Act.
1275 4713 1325 4776 IV,
1344 4714 1463 4766 chorus.
1482 4715 1517 4775 V,
1535 4714 1612 4777 1161,
1626 4714 1696 4767 11⁶2
1711 4716 1742 4767 et
1756 4712 1831 4767 1199.

610 4798 630 4865 ³)
651 4801 754 4853 ARIST.
780 4801 858 4868 IDe
880 4800 970 4853 Caelo
988 4805 1018 4853 et
1036 4805 1156 4863 mundo,
1174 4804 1242 4855 lect.
1263 4802 1304 4865 11;
1329 4801 1425 4855 Didot
1443 4804 1464 4864 Ι,
1483 4818 1511 4855 ιι.
1531 4804 1555 4855 2.
1593 4802 1637 4856 Cl.
1657 4798 1832 4863 AVERROES,
1926 4832 1929 4843 ·

503 4904 591 4951 com..
611 4904 665 4942 sur
683 4893 713 4942 le
731 4892 832 4942 meme
850 4899 989 4959 passage,
1009 4890 1054 4943 Ci.
1073 4890 1103 4943 S.
1122 4890 1226 4943 Tuon.
1246 4892 1274 4943 Ia
1292 4890 1326 4964 Q.
1346 4902 1443 4953 xxxfl,
1463 4908 1489 4945 a.
1511 4893 1537 4944 1.
1558 4892 1606 4943 Ad
1627 4894 1674 4944 1¹¹¹.

609 4977 630 5042 ⁴)
651 4979 681 5031 8.
699 4978 803 5031 Tuon.
819 4979 901 5031 Sum.
917 4980 1015 5032 Theoi.
1035 4980 1062 5038 1a
1081 4979 1106 5053 Q
1138 4990 1235 5044 xxxu,
1255 4996 1281 5033 a.
1303 4983 1325 5033 1.
1345 4983 1393 5033 Ad
1413 4981 1460 5032 1m,

611 5064 632 5133 ⁵)
651 5067 680 5119 S.
699 5069 779 5121 AUG.
801 5067 987 5133 confession,
1006 5070 1069 5132 Vll,
1088 5080 1129 5122 lx.
1148 5071 1184 5122 In
1205 5070 1295 5137 Oper.
1314 5071 1335 5134 I,
1354 5072 1408 5145 710
1426 5084 1472 5137 sq.
